<?xml version="1.0" encoding="UTF-8"?>
<!DOCTYPE html PUBLIC "-//W3C//DTD XHTML 1.0 Transitional//EN"
    "http://www.w3.org/TR/xhtml1/DTD/xhtml1-transitional.dtd">
<html xmlns="http://www.w3.org/1999/xhtml" xml:lang="en" lang="en">
 <head>
  <title>
</title>
<meta http-equiv="Content-Type" content="text/html;charset=utf-8" />
  <meta name='ocr-system' content='tesseract 3.04.00' />
  <meta name='ocr-capabilities' content='ocr_page ocr_carea ocr_par ocr_line ocrx_word'/>
</head>
<body>
  <div class='ocr_page' id='page_1' title='image "./patrologiaecurs85unkngoog/patrologiaecurs85unkngoog_0651.png"; bbox 0 0 4172 6186; ppageno 0'>
   <div class='ocr_carea' id='block_1_1' title="bbox 256 225 1953 524">
    <p class='ocr_par' dir='ltr' id='par_1_1' title="bbox 256 225 1953 524">
     <span class='ocr_line' id='line_1_1' title="bbox 259 225 1953 320; baseline 0.018 -30"><span class='ocrx_word' id='word_1_1' title='bbox 259 233 324 290; x_wconf 81' lang='lat' dir='ltr'>rnnr</span> <span class='ocrx_word' id='word_1_2' title='bbox 915 229 1003 311; x_wconf 80' lang='lat' dir='ltr'>uon,</span> <span class='ocrx_word' id='word_1_3' title='bbox 1023 239 1125 306; x_wconf 76' lang='lat' dir='ltr'>oxon,</span> <span class='ocrx_word' id='word_1_4' title='bbox 1146 235 1276 312; x_wconf 77' lang='lat' dir='ltr'>nonu·</span> <span class='ocrx_word' id='word_1_5' title='bbox 1318 225 1320 232; x_wconf 81' lang='grc'><strong>’</strong></span> <span class='ocrx_word' id='word_1_6' title='bbox 1878 241 1953 320; x_wconf 75' lang='lat' dir='ltr'>rana</span> 
     </span>
     <span class='ocr_line' id='line_1_2' title="bbox 257 362 1951 464; baseline 0.018 -56"><span class='ocrx_word' id='word_1_7' title='bbox 257 362 310 440; x_wconf 81' lang='lat' dir='ltr'>est,</span> <span class='ocrx_word' id='word_1_8' title='bbox 323 371 387 412; x_wconf 88' lang='lat' dir='ltr'>curn</span> <span class='ocrx_word' id='word_1_9' title='bbox 397 373 512 426; x_wconf 88' lang='lat' dir='ltr'>corpore</span> <span class='ocrx_word' id='word_1_10' title='bbox 525 364 555 446; x_wconf 78' lang='lat' dir='ltr'>et</span> <span class='ocrx_word' id='word_1_11' title='bbox 564 363 837 448; x_wconf 41' lang='lat' dir='ltr'>anima&#39;occldendcs</span> <span class='ocrx_word' id='word_1_12' title='bbox 846 369 875 454; x_wconf 76' lang='lat' dir='ltr'>ln</span> <span class='ocrx_word' id='word_1_13' title='bbox 888 371 1045 456; x_wconf 76' lang='lat' dir='ltr'>gehennam</span> <span class='ocrx_word' id='word_1_14' title='bbox 1059 376 1074 424; x_wconf 81' lang='lat' dir='ltr'>t</span> <span class='ocrx_word' id='word_1_15' title='bbox 1084 379 1112 464; x_wconf 66' lang='grc' dir='ltr'>Α</span> <span class='ocrx_word' id='word_1_16' title='bbox 1123 377 1179 430; x_wconf 90' lang='lat' dir='ltr'>lius</span> <span class='ocrx_word' id='word_1_17' title='bbox 1195 380 1402 445; x_wconf 79' lang='lat' dir='ltr'><strong>responderent.</strong></span> <span class='ocrx_word' id='word_1_18' title='bbox 1422 381 1530 436; x_wconf 81' lang='lat' dir='ltr'>Revera</span> <span class='ocrx_word' id='word_1_19' title='bbox 1549 385 1648 439; x_wconf 78' lang='lat' dir='ltr'>Graes</span> <span class='ocrx_word' id='word_1_20' title='bbox 1662 389 1833 455; x_wconf 84' lang='lat' dir='ltr'>exemplaria</span> <span class='ocrx_word' id='word_1_21' title='bbox 1851 389 1951 439; x_wconf 72' lang='grc' dir='ltr'>δύσω-</span> 
     </span>
     <span class='ocr_line' id='line_1_3' title="bbox 256 429 1953 524; baseline 0.019 -44"><span class='ocrx_word' id='word_1_22' title='bbox 256 429 329 482; x_wconf 85' lang='lat' dir='ltr'>Hsne</span> <span class='ocrx_word' id='word_1_23' title='bbox 342 434 475 496; x_wconf 77' lang='lat' dir='ltr'><strong>martyres</strong></span> <span class='ocrx_word' id='word_1_24' title='bbox 501 436 633 486; x_wconf 79' lang='lat' dir='ltr'>umtclttae</span> <span class='ocrx_word' id='word_1_25' title='bbox 657 447 730 499; x_wconf 83' lang='lat' dir='ltr'>Jure,</span> <span class='ocrx_word' id='word_1_26' title='bbox 745 439 857 492; x_wconf 80' lang='lat' dir='ltr'>Domini</span> <span class='ocrx_word' id='word_1_27' title='bbox 880 443 959 494; x_wconf 83' lang='lat' dir='ltr'>lateri</span> <span class='ocrx_word' id='word_1_28' title='bbox 976 459 1073 510; x_wconf 90' lang='lat' dir='ltr'>perpe·</span> <span class='ocrx_word' id='word_1_29' title='bbox 1122 465 1165 513; x_wconf 79' lang='grc' dir='ltr'><strong>φεν</strong></span> <span class='ocrx_word' id='word_1_30' title='bbox 1190 449 1295 502; x_wconf 90' lang='lat' dir='ltr'>habent</span> <span class='ocrx_word' id='word_1_31' title='bbox 1312 466 1319 514; x_wconf 92' lang='lat'>;</span> <span class='ocrx_word' id='word_1_32' title='bbox 1336 451 1385 504; x_wconf 89' lang='lat' dir='ltr'>sed</span> <span class='ocrx_word' id='word_1_33' title='bbox 1411 455 1524 520; x_wconf 81' lang='lat' dir='ltr'>Aquita,</span> <span class='ocrx_word' id='word_1_34' title='bbox 1542 455 1730 524; x_wconf 79' lang='lat' dir='ltr'><strong>Symmachus</strong></span> <span class='ocrx_word' id='word_1_35' title='bbox 1747 462 1774 512; x_wconf 92' lang='lat' dir='ltr'>et</span> <span class='ocrx_word' id='word_1_36' title='bbox 1791 459 1953 512; x_wconf 75' lang='lat' dir='ltr'>&#39;theodolio</span> 
     </span>
    </p>
   </div>
   <div class='ocr_carea' id='block_1_2' title="bbox 258 503 1953 626">
    <p class='ocr_par' dir='ltr' id='par_1_2' title="bbox 258 503 1953 626">
     <span class='ocr_line' id='line_1_4' title="bbox 258 503 1953 626; baseline 0.017 -73"><span class='ocrx_word' id='word_1_37' title='bbox 258 503 319 626; x_wconf 49' lang='lat'>213⁰</span> <span class='ocrx_word' id='word_1_38' title='bbox 321 503 461 616; x_wconf 46' lang='grc' dir='ltr'><strong>ἒεὲιιενιυιιιι</strong></span> <span class='ocrx_word' id='word_1_39' title='bbox 481 509 532 564; x_wconf 85' lang='grc' dir='ltr'>;ει</span> <span class='ocrx_word' id='word_1_40' title='bbox 551 511 698 571; x_wconf 79' lang='lat' dir='ltr'>sequuntur</span> <span class='ocrx_word' id='word_1_41' title='bbox 710 510 812 574; x_wconf 79' lang='lat' dir='ltr'>Apnunr</span> <span class='ocrx_word' id='word_1_42' title='bbox 827 525 982 582; x_wconf 82' lang='lat' dir='ltr'>quocunque</span> <span class='ocrx_word' id='word_1_43' title='bbox 1010 517 1074 568; x_wconf 86' lang='lat' dir='ltr'>ierit</span> <span class='ocrx_word' id='word_1_44' title='bbox 1124 521 1153 570; x_wconf 91' lang='lat' dir='ltr'>in</span> <span class='ocrx_word' id='word_1_45' title='bbox 1180 521 1311 584; x_wconf 67' lang='lat' dir='ltr'>pollicino</span> <span class='ocrx_word' id='word_1_46' title='bbox 1337 527 1518 577; x_wconf 88' lang='lat' dir='ltr'>consentiunt</span> <span class='ocrx_word' id='word_1_47' title='bbox 1531 539 1539 590; x_wconf 93' lang='lat'>;</span> <span class='ocrx_word' id='word_1_48' title='bbox 1568 541 1632 594; x_wconf 74' lang='lat' dir='ltr'>quas</span> <span class='ocrx_word' id='word_1_49' title='bbox 1669 541 1726 582; x_wconf 87' lang='lat' dir='ltr'>vox</span> <span class='ocrx_word' id='word_1_50' title='bbox 1748 531 1831 582; x_wconf 81' lang='lat' dir='ltr'>Marc.</span> <span class='ocrx_word' id='word_1_51' title='bbox 1856 533 1883 592; x_wconf 86' lang='grc'>’1,</span> <span class='ocrx_word' id='word_1_52' title='bbox 1909 531 1953 594; x_wconf 74' lang='lat'>32,</span> 
     </span>
    </p>
   </div>
   <div class='ocr_carea' id='block_1_3' title="bbox 255 625 1074 1194">
    <p class='ocr_par' dir='ltr' id='par_1_3' title="bbox 255 625 1074 1194">
     <span class='ocr_line' id='line_1_5' title="bbox 288 625 1072 703; baseline 0.022 -27"><span class='ocrx_word' id='word_1_53' title='bbox 288 625 402 676; x_wconf 80' lang='lat' dir='ltr'>Perdunt</span> <span class='ocrx_word' id='word_1_54' title='bbox 424 629 494 692; x_wconf 80' lang='lat' dir='ltr'>quod</span> <span class='ocrx_word' id='word_1_55' title='bbox 517 632 656 683; x_wconf 70' lang='lat' dir='ltr'>evaserint.</span> <span class='ocrx_word' id='word_1_56' title='bbox 684 635 836 700; x_wconf 75' lang='lat' dir='ltr'>Profectus,</span> <span class='ocrx_word' id='word_1_57' title='bbox 852 640 1072 703; x_wconf 83' lang='lat' dir='ltr'>quosiecerunl‚</span> 
     </span>
     <span class='ocr_line' id='line_1_6' title="bbox 255 697 1073 774; baseline 0.021 -29"><span class='ocrx_word' id='word_1_58' title='bbox 255 697 393 749; x_wconf 82' lang='lat' dir='ltr'>amittent.</span> <span class='ocrx_word' id='word_1_59' title='bbox 414 699 519 750; x_wconf 82' lang='lat' dir='ltr'>Tertul.</span> <span class='ocrx_word' id='word_1_60' title='bbox 532 703 564 754; x_wconf 89' lang='lat' dir='ltr'>de</span> <span class='ocrx_word' id='word_1_61' title='bbox 588 704 674 754; x_wconf 77' lang='lat' dir='ltr'>Anius.</span> <span class='ocrx_word' id='word_1_62' title='bbox 697 706 735 756; x_wconf 88' lang='lat' dir='ltr'>ait</span> <span class='ocrx_word' id='word_1_63' title='bbox 752 706 829 758; x_wconf 89' lang='lat' dir='ltr'>illam</span> <span class='ocrx_word' id='word_1_64' title='bbox 849 710 927 760; x_wconf 85' lang='lat' dir='ltr'>curie</span> <span class='ocrx_word' id='word_1_65' title='bbox 945 711 1073 774; x_wconf 82' lang='lat' dir='ltr'>peracci-</span> 
     </span>
     <span class='ocr_line' id='line_1_7' title="bbox 257 765 1074 843; baseline 0.022 -28"><span class='ocrx_word' id='word_1_66' title='bbox 257 765 349 820; x_wconf 81' lang='lat' dir='ltr'>dantia</span> <span class='ocrx_word' id='word_1_67' title='bbox 374 769 506 822; x_wconf 84' lang='lat' dir='ltr'>euadere:</span> <span class='ocrx_word' id='word_1_68' title='bbox 541 773 596 826; x_wconf 93' lang='lat' dir='ltr'>hoc</span> <span class='ocrx_word' id='word_1_69' title='bbox 619 779 669 836; x_wconf 87' lang='grc' dir='ltr'><strong>εει,</strong></span> <span class='ocrx_word' id='word_1_70' title='bbox 692 780 871 843; x_wconf 86' lang='lat' dir='ltr'>promorerl;</span> <span class='ocrx_word' id='word_1_71' title='bbox 891 783 918 833; x_wconf 89' lang='grc' dir='ltr'>ει</span> <span class='ocrx_word' id='word_1_72' title='bbox 947 782 978 832; x_wconf 85' lang='lat' dir='ltr'>de</span> <span class='ocrx_word' id='word_1_73' title='bbox 1020 783 1074 832; x_wconf 83' lang='lat' dir='ltr'>Pu·</span> 
     </span>
     <span class='ocr_line' id='line_1_8' title="bbox 257 838 1073 915; baseline 0.017 -26"><span class='ocrx_word' id='word_1_74' title='bbox 257 838 331 900; x_wconf 81' lang='lat' dir='ltr'>licut,</span> <span class='ocrx_word' id='word_1_75' title='bbox 343 839 472 891; x_wconf 70' lang='lat' dir='ltr'>bortrinem</span> <span class='ocrx_word' id='word_1_76' title='bbox 486 845 597 895; x_wconf 88' lang='lat' dir='ltr'>evadere</span> <span class='ocrx_word' id='word_1_77' title='bbox 611 846 779 908; x_wconf 82' lang='lat' dir='ltr'>adsalutem,</span> <span class='ocrx_word' id='word_1_78' title='bbox 797 851 902 902; x_wconf 82' lang='lat' dir='ltr'>honest</span> <span class='ocrx_word' id='word_1_79' title='bbox 915 852 1073 915; x_wconf 80' lang='lat' dir='ltr'>procedere:</span> 
     </span>
     <span class='ocr_line' id='line_1_9' title="bbox 256 912 1072 988; baseline 0.02 -29"><span class='ocrx_word' id='word_1_80' title='bbox 256 914 285 960; x_wconf 88' lang='lat' dir='ltr'>st</span> <span class='ocrx_word' id='word_1_81' title='bbox 311 912 407 964; x_wconf 89' lang='lat' dir='ltr'>eodem</span> <span class='ocrx_word' id='word_1_82' title='bbox 427 915 483 965; x_wconf 87' lang='lat' dir='ltr'>iera</span> <span class='ocrx_word' id='word_1_83' title='bbox 504 930 589 968; x_wconf 90' lang='lat' dir='ltr'>sensu</span> <span class='ocrx_word' id='word_1_84' title='bbox 612 921 724 984; x_wconf 88' lang='lat' dir='ltr'>passim,</span> <span class='ocrx_word' id='word_1_85' title='bbox 750 923 877 976; x_wconf 89' lang='lat' dir='ltr'>simililer</span> <span class='ocrx_word' id='word_1_86' title='bbox 902 924 1035 988; x_wconf 76' lang='lat' dir='ltr'>Virgilius</span> <span class='ocrx_word' id='word_1_87' title='bbox 1066 940 1072 975; x_wconf 92' lang='lat'><strong>:</strong></span> 
     </span>
     <span class='ocr_line' id='line_1_10' title="bbox 256 982 1073 1056; baseline 0.023 -26"><span class='ocrx_word' id='word_1_88' title='bbox 256 996 273 1030; x_wconf 80' lang='lat' dir='ltr'>s</span> <span class='ocrx_word' id='word_1_89' title='bbox 295 982 391 1034; x_wconf 80' lang='lat' dir='ltr'><strong>Evado</strong></span> <span class='ocrx_word' id='word_1_90' title='bbox 415 985 450 1035; x_wconf 89' lang='lat' dir='ltr'>ad</span> <span class='ocrx_word' id='word_1_91' title='bbox 474 989 575 1038; x_wconf 88' lang='lat' dir='ltr'>summi</span> <span class='ocrx_word' id='word_1_92' title='bbox 600 991 709 1056; x_wconf 81' lang='lat' dir='ltr'>fastigia</span> <span class='ocrx_word' id='word_1_93' title='bbox 738 993 876 1046; x_wconf 87' lang='lat' dir='ltr'>culminis.</span> <span class='ocrx_word' id='word_1_94' title='bbox 895 1012 909 1040; x_wconf 83' lang='lat' dir='ltr'>n</span> <span class='ocrx_word' id='word_1_95' title='bbox 933 997 989 1046; x_wconf 84' lang='lat' dir='ltr'>Aut</span> <span class='ocrx_word' id='word_1_96' title='bbox 1004 997 1073 1049; x_wconf 86' lang='lat' dir='ltr'>torte</span> 
     </span>
     <span class='ocr_line' id='line_1_11' title="bbox 257 1055 1074 1130; baseline 0.02 -28"><span class='ocrx_word' id='word_1_97' title='bbox 257 1055 477 1116; x_wconf 84' lang='lat' dir='ltr'>voxadhibetur‚</span> <span class='ocrx_word' id='word_1_98' title='bbox 501 1058 530 1108; x_wconf 92' lang='lat' dir='ltr'>in</span> <span class='ocrx_word' id='word_1_99' title='bbox 545 1061 686 1112; x_wconf 83' lang='lat' dir='ltr'>notatione</span> <span class='ocrx_word' id='word_1_100' title='bbox 701 1076 757 1127; x_wconf 88' lang='lat' dir='ltr'>qua</span> <span class='ocrx_word' id='word_1_101' title='bbox 782 1064 930 1130; x_wconf 82' lang='lat' dir='ltr'>significet,</span> <span class='ocrx_word' id='word_1_102' title='bbox 943 1079 1005 1127; x_wconf 88' lang='lat' dir='ltr'>esse,</span> <span class='ocrx_word' id='word_1_103' title='bbox 1025 1071 1074 1118; x_wconf 88' lang='lat' dir='ltr'>aut</span> 
     </span>
     <span class='ocr_line' id='line_1_12' title="bbox 257 1119 1074 1194; baseline 0.021 -23"><span class='ocrx_word' id='word_1_104' title='bbox 257 1119 327 1185; x_wconf 74' lang='lat' dir='ltr'>fieri,</span> <span class='ocrx_word' id='word_1_105' title='bbox 351 1128 398 1175; x_wconf 90' lang='lat' dir='ltr'>aul</span> <span class='ocrx_word' id='word_1_106' title='bbox 427 1140 527 1179; x_wconf 87' lang='lat' dir='ltr'>sensus</span> <span class='ocrx_word' id='word_1_107' title='bbox 553 1131 598 1182; x_wconf 87' lang='lat' dir='ltr'>sit.</span> <span class='ocrx_word' id='word_1_108' title='bbox 641 1131 696 1194; x_wconf 91' lang='lat' dir='ltr'>Qui</span> <span class='ocrx_word' id='word_1_109' title='bbox 725 1134 759 1184; x_wconf 88' lang='lat' dir='ltr'>ad</span> <span class='ocrx_word' id='word_1_110' title='bbox 791 1137 927 1188; x_wconf 78' lang='lat' dir='ltr'>surculum</span> <span class='ocrx_word' id='word_1_111' title='bbox 957 1138 1074 1190; x_wconf 89' lang='lat' dir='ltr'>redeunt</span> 
     </span>
    </p>
   </div>
   <div class='ocr_carea' id='block_1_4' title="bbox 257 1197 1074 1316">
    <p class='ocr_par' dir='ltr' id='par_1_4' title="bbox 257 1197 1074 1316">
     <span class='ocr_line' id='line_1_13' title="bbox 257 1197 1074 1316; baseline 0.021 -73"><span class='ocrx_word' id='word_1_112' title='bbox 257 1197 405 1316; x_wconf 44' lang='lat' dir='ltr'>Egetffuam</span> <span class='ocrx_word' id='word_1_113' title='bbox 415 1197 565 1250; x_wconf 78' lang='lat' dir='ltr'>Christiani</span> <span class='ocrx_word' id='word_1_114' title='bbox 594 1215 707 1255; x_wconf 88' lang='lat' dir='ltr'>evasere</span> <span class='ocrx_word' id='word_1_115' title='bbox 722 1219 730 1266; x_wconf 64' lang='grc' dir='ltr'><strong>ς</strong></span> <span class='ocrx_word' id='word_1_116' title='bbox 759 1204 970 1260; x_wconf 75' lang='lat' dir='ltr'>christianismo</span> <span class='ocrx_word' id='word_1_117' title='bbox 994 1211 1074 1262; x_wconf 86' lang='lat' dir='ltr'>exci-</span> 
     </span>
     <span class='ocr_line' id='line_1_14' title="bbox 298 1279 337 1316; baseline 0.051 -2"><span class='ocrx_word' id='word_1_118' title='bbox 298 1279 315 1314; x_wconf 90' lang='lat' dir='ltr'>n</span> <span class='ocrx_word' id='word_1_119' title='bbox 332 1303 337 1316; x_wconf 96' lang='lat'>.</span> 
     </span>
    </p>
   </div>
   <div class='ocr_carea' id='block_1_5' title="bbox 259 1553 1071 1625">
    <p class='ocr_par' dir='ltr' id='par_1_5' title="bbox 259 1553 1071 1625">
     <span class='ocr_line' id='line_1_15' title="bbox 259 1553 1071 1625; baseline 0.023 -20"><span class='ocrx_word' id='word_1_120' title='bbox 259 1553 295 1606; x_wconf 90' lang='lat' dir='ltr'>IN</span> <span class='ocrx_word' id='word_1_121' title='bbox 325 1556 461 1611; x_wconf 82' lang='lat' dir='ltr'>LIBRUM</span> <span class='ocrx_word' id='word_1_122' title='bbox 489 1562 538 1615; x_wconf 81' lang='lat' dir='ltr'>Du</span> <span class='ocrx_word' id='word_1_123' title='bbox 568 1563 854 1622; x_wconf 80' lang='lat' dir='ltr'><strong>EXHORTATIONE</strong></span> <span class='ocrx_word' id='word_1_124' title='bbox 885 1570 1071 1625; x_wconf 78' lang='lat' dir='ltr'>MARTYRH.</span> 
     </span>
    </p>
   </div>
   <div class='ocr_carea' id='block_1_6' title="bbox 290 1748 1112 1833">
    <p class='ocr_par' dir='ltr' id='par_1_6' title="bbox 290 1748 1112 1833">
     <span class='ocr_line' id='line_1_16' title="bbox 290 1748 1112 1833; baseline 0.019 -35"><span class='ocrx_word' id='word_1_125' title='bbox 290 1748 325 1798; x_wconf 85' lang='lat' dir='ltr'>lis</span> <span class='ocrx_word' id='word_1_126' title='bbox 351 1749 554 1812; x_wconf 81' lang='lat' dir='ltr'>quorcolit.1n</span> <span class='ocrx_word' id='word_1_127' title='bbox 581 1755 678 1808; x_wconf 75' lang='lat' dir='ltr'>Graeco</span> <span class='ocrx_word' id='word_1_128' title='bbox 702 1757 822 1812; x_wconf 90' lang='lat' dir='ltr'>habetur</span> <span class='ocrx_word' id='word_1_129' title='bbox 840 1762 887 1810; x_wconf 82' lang='grc' dir='ltr'>τῶν</span> <span class='ocrx_word' id='word_1_130' title='bbox 916 1759 1112 1833; x_wconf 73' lang='grc' dir='ltr'><strong>σεὸαεμάτωνΒ</strong></span> 
     </span>
    </p>
   </div>
   <div class='ocr_carea' id='block_1_7' title="bbox 257 1817 1073 1955">
    <p class='ocr_par' dir='ltr' id='par_1_7' title="bbox 257 1817 1073 1955">
     <span class='ocr_line' id='line_1_17' title="bbox 258 1817 1073 1900; baseline 0.027 -34"><span class='ocrx_word' id='word_1_131' title='bbox 258 1817 343 1869; x_wconf 77' lang='grc' dir='ltr'><strong>αὑτοῦ.</strong></span> <span class='ocrx_word' id='word_1_132' title='bbox 358 1819 462 1872; x_wconf 80' lang='lat' dir='ltr'>liudem</span> <span class='ocrx_word' id='word_1_133' title='bbox 483 1837 552 1876; x_wconf 88' lang='lat' dir='ltr'>voce</span> <span class='ocrx_word' id='word_1_134' title='bbox 569 1826 657 1879; x_wconf 89' lang='lat' dir='ltr'>utitur</span> <span class='ocrx_word' id='word_1_135' title='bbox 673 1829 707 1880; x_wconf 91' lang='lat' dir='ltr'>D.</span> <span class='ocrx_word' id='word_1_136' title='bbox 726 1831 840 1896; x_wconf 87' lang='lat' dir='ltr'>Paulus,</span> <span class='ocrx_word' id='word_1_137' title='bbox 858 1835 920 1885; x_wconf 78' lang='lat' dir='ltr'>Act.</span> <span class='ocrx_word' id='word_1_138' title='bbox 936 1848 1006 1897; x_wconf 83' lang='lat' dir='ltr'>xvu,</span> <span class='ocrx_word' id='word_1_139' title='bbox 1031 1837 1073 1900; x_wconf 75' lang='lat'>2³,</span> 
     </span>
     <span class='ocr_line' id='line_1_18' title="bbox 257 1889 495 1955; baseline 0.017 -13"><span class='ocrx_word' id='word_1_140' title='bbox 257 1889 286 1942; x_wconf 79' lang='lat' dir='ltr'>bt</span> <span class='ocrx_word' id='word_1_141' title='bbox 298 1891 321 1939; x_wconf 90' lang='lat' dir='ltr'>ll</span> <span class='ocrx_word' id='word_1_142' title='bbox 332 1889 415 1941; x_wconf 90' lang='lat' dir='ltr'>Thes.</span> <span class='ocrx_word' id='word_1_143' title='bbox 428 1905 455 1955; x_wconf 88' lang='lat' dir='ltr'>u,</span> <span class='ocrx_word' id='word_1_144' title='bbox 471 1895 495 1946; x_wconf 80' lang='grc'>1.</span> 
     </span>
    </p>
   </div>
   <div class='ocr_carea' id='block_1_8' title="bbox 258 1959 1075 2718">
    <p class='ocr_par' dir='ltr' id='par_1_8' title="bbox 259 1959 1074 2158">
     <span class='ocr_line' id='line_1_19' title="bbox 294 1959 1074 2037; baseline 0.026 -27"><span class='ocrx_word' id='word_1_145' title='bbox 294 1959 351 2010; x_wconf 83' lang='lat' dir='ltr'>Tibi</span> <span class='ocrx_word' id='word_1_146' title='bbox 379 1963 475 2014; x_wconf 67' lang='lat' dir='ltr'>titolum</span> <span class='ocrx_word' id='word_1_147' title='bbox 504 1965 551 2016; x_wconf 85' lang='lat' dir='ltr'>Sic</span> <span class='ocrx_word' id='word_1_148' title='bbox 581 1967 657 2020; x_wconf 86' lang='lat' dir='ltr'>LXX</span> <span class='ocrx_word' id='word_1_149' title='bbox 674 1971 781 2034; x_wconf 68' lang='lat' dir='ltr'>electen</span> <span class='ocrx_word' id='word_1_150' title='bbox 806 1987 862 2025; x_wconf 88' lang='lat' dir='ltr'>uon</span> <span class='ocrx_word' id='word_1_151' title='bbox 887 1976 989 2037; x_wconf 79' lang='grc' dir='ltr'>γλυπτόν</span> <span class='ocrx_word' id='word_1_152' title='bbox 1012 1979 1074 2030; x_wconf 84' lang='lat' dir='ltr'>red-</span> 
     </span>
     <span class='ocr_line' id='line_1_20' title="bbox 260 2019 1073 2104; baseline 0.027 -34"><span class='ocrx_word' id='word_1_153' title='bbox 260 2019 330 2071; x_wconf 85' lang='lat' dir='ltr'>dunt</span> <span class='ocrx_word' id='word_1_154' title='bbox 344 2038 350 2083; x_wconf 90' lang='lat'>;</span> <span class='ocrx_word' id='word_1_155' title='bbox 366 2039 417 2074; x_wconf 86' lang='lat' dir='ltr'>uec</span> <span class='ocrx_word' id='word_1_156' title='bbox 429 2026 503 2076; x_wconf 87' lang='lat' dir='ltr'>enirn</span> <span class='ocrx_word' id='word_1_157' title='bbox 518 2030 601 2080; x_wconf 88' lang='lat' dir='ltr'>refert</span> <span class='ocrx_word' id='word_1_158' title='bbox 613 2046 647 2082; x_wconf 87' lang='lat' dir='ltr'>on</span> <span class='ocrx_word' id='word_1_159' title='bbox 663 2039 720 2085; x_wconf 89' lang='lat' dir='ltr'>eric</span> <span class='ocrx_word' id='word_1_160' title='bbox 750 2037 883 2086; x_wconf 78' lang='lat' dir='ltr'>statuaria</span> <span class='ocrx_word' id='word_1_161' title='bbox 901 2052 936 2090; x_wconf 87' lang='lat' dir='ltr'>an</span> <span class='ocrx_word' id='word_1_162' title='bbox 958 2042 1073 2104; x_wconf 87' lang='lat' dir='ltr'>pictoria</span> 
     </span>
     <span class='ocr_line' id='line_1_21' title="bbox 259 2091 518 2158; baseline 0.023 -17"><span class='ocrx_word' id='word_1_163' title='bbox 259 2091 392 2158; x_wconf 76' lang='lat' dir='ltr'>estquod</span> <span class='ocrx_word' id='word_1_164' title='bbox 409 2097 518 2147; x_wconf 87' lang='lat' dir='ltr'>colitur.</span> 
     </span>
    </p>

    <p class='ocr_par' dir='ltr' id='par_1_9' title="bbox 258 2165 1074 2504">
     <span class='ocr_line' id='line_1_22' title="bbox 294 2165 1074 2232; baseline 0.027 -21"><span class='ocrx_word' id='word_1_165' title='bbox 294 2165 327 2211; x_wconf 82' lang='lat' dir='ltr'>lit</span> <span class='ocrx_word' id='word_1_166' title='bbox 344 2167 433 2214; x_wconf 66' lang='lat' dir='ltr'>nennio</span> <span class='ocrx_word' id='word_1_167' title='bbox 461 2181 520 2232; x_wconf 76' lang='lat' dir='ltr'>prou</span> <span class='ocrx_word' id='word_1_168' title='bbox 538 2170 564 2219; x_wconf 90' lang='lat' dir='ltr'>in</span> <span class='ocrx_word' id='word_1_169' title='bbox 583 2173 619 2222; x_wconf 83' lang='lat' dir='ltr'>eis</span> <span class='ocrx_word' id='word_1_170' title='bbox 635 2180 705 2224; x_wconf 78' lang='lat' dir='ltr'>sistit.</span> <span class='ocrx_word' id='word_1_171' title='bbox 723 2175 752 2225; x_wconf 90' lang='lat' dir='ltr'>ln</span> <span class='ocrx_word' id='word_1_172' title='bbox 777 2177 874 2228; x_wconf 82' lang='lat' dir='ltr'>Graeco</span> <span class='ocrx_word' id='word_1_173' title='bbox 893 2179 1012 2232; x_wconf 84' lang='lat' dir='ltr'>habetur</span> <span class='ocrx_word' id='word_1_174' title='bbox 1033 2183 1074 2232; x_wconf 75' lang='lat' dir='ltr'>nit</span> 
     </span>
     <span class='ocr_line' id='line_1_23' title="bbox 258 2233 1073 2354; baseline 0.031 -75"><span class='ocrx_word' id='word_1_175' title='bbox 258 2233 342 2354; x_wconf 51' lang='lat' dir='ltr'>met</span> <span class='ocrx_word' id='word_1_176' title='bbox 363 2237 472 2300; x_wconf 56' lang='lat' dir='ltr'>uterum</span> <span class='ocrx_word' id='word_1_177' title='bbox 496 2255 580 2304; x_wconf 87' lang='lat' dir='ltr'>quom</span> <span class='ocrx_word' id='word_1_178' title='bbox 598 2241 748 2298; x_wconf 86' lang='lat' dir='ltr'>lectionem</span> <span class='ocrx_word' id='word_1_179' title='bbox 771 2247 883 2301; x_wconf 87' lang='lat' dir='ltr'>Codicis</span> <span class='ocrx_word' id='word_1_180' title='bbox 900 2265 967 2303; x_wconf 87' lang='lat' dir='ltr'>mss.</span> <span class='ocrx_word' id='word_1_181' title='bbox 988 2267 1073 2316; x_wconf 87' lang='lat' dir='ltr'>ugne-</span> 
     </span>
     <span class='ocr_line' id='line_1_24' title="bbox 258 2377 1074 2504; baseline 0.031 -82"><span class='ocrx_word' id='word_1_182' title='bbox 258 2377 427 2504; x_wconf 50' lang='lat' dir='ltr'>psgcplt&#39;rtggc</span> <span class='ocrx_word' id='word_1_183' title='bbox 440 2381 569 2446; x_wconf 74' lang='lat' dir='ltr'>impetrat.</span> <span class='ocrx_word' id='word_1_184' title='bbox 598 2383 661 2436; x_wconf 82' lang='lat' dir='ltr'>vid.</span> <span class='ocrx_word' id='word_1_185' title='bbox 684 2402 748 2452; x_wconf 81' lang='lat' dir='ltr'>qtrae</span> <span class='ocrx_word' id='word_1_186' title='bbox 764 2389 838 2444; x_wconf 84' lang='lat' dir='ltr'>dictu</span> <span class='ocrx_word' id='word_1_187' title='bbox 853 2391 881 2442; x_wconf 91' lang='lat' dir='ltr'>iu</span> <span class='ocrx_word' id='word_1_188' title='bbox 905 2392 953 2444; x_wconf 90' lang='lat' dir='ltr'>lib.</span> <span class='ocrx_word' id='word_1_189' title='bbox 981 2393 1013 2444; x_wconf 85' lang='lat' dir='ltr'>de</span> <span class='ocrx_word' id='word_1_190' title='bbox 1025 2395 1074 2446; x_wconf 83' lang='lat' dir='ltr'>le·</span> 
     </span>
    </p>

    <p class='ocr_par' dir='ltr' id='par_1_10' title="bbox 258 2475 1075 2718">
     <span class='ocr_line' id='line_1_25' title="bbox 295 2475 1075 2591; baseline 0.031 -35"><span class='ocrx_word' id='word_1_191' title='bbox 295 2475 326 2557; x_wconf 72' lang='grc'>111</span> <span class='ocrx_word' id='word_1_192' title='bbox 340 2479 454 2577; x_wconf 76' lang='lat' dir='ltr'>tempore</span> <span class='ocrx_word' id='word_1_193' title='bbox 468 2527 520 2578; x_wconf 81' lang='lat' dir='ltr'>qao</span> <span class='ocrx_word' id='word_1_194' title='bbox 532 2517 693 2570; x_wconf 82' lang='lat' dir='ltr'>invocabunt</span> <span class='ocrx_word' id='word_1_195' title='bbox 714 2536 761 2572; x_wconf 85' lang='lat' dir='ltr'>nre.</span> <span class='ocrx_word' id='word_1_196' title='bbox 781 2523 809 2572; x_wconf 85' lang='lat' dir='ltr'>ln</span> <span class='ocrx_word' id='word_1_197' title='bbox 823 2529 936 2590; x_wconf 86' lang='lat' dir='ltr'>tempore</span> <span class='ocrx_word' id='word_1_198' title='bbox 949 2525 1075 2591; x_wconf 70' lang='lat' dir='ltr'>afflictio-</span> 
     </span>
     <span class='ocr_line' id='line_1_26' title="bbox 258 2584 1074 2656; baseline 0.023 -22"><span class='ocrx_word' id='word_1_199' title='bbox 258 2586 302 2635; x_wconf 86' lang='lat' dir='ltr'>nis</span> <span class='ocrx_word' id='word_1_200' title='bbox 330 2596 392 2634; x_wconf 78' lang='lat' dir='ltr'>suso.</span> <span class='ocrx_word' id='word_1_201' title='bbox 407 2584 474 2636; x_wconf 80' lang='lat' dir='ltr'>Haec</span> <span class='ocrx_word' id='word_1_202' title='bbox 501 2589 595 2640; x_wconf 90' lang='lat' dir='ltr'>omnia</span> <span class='ocrx_word' id='word_1_203' title='bbox 621 2591 799 2656; x_wconf 86' lang='lat' dir='ltr'>redundanl;</span> <span class='ocrx_word' id='word_1_204' title='bbox 822 2599 850 2647; x_wconf 91' lang='lat' dir='ltr'>el</span> <span class='ocrx_word' id='word_1_205' title='bbox 870 2595 1074 2652; x_wconf 88' lang='lat' dir='ltr'>videnturloco</span> 
     </span>
     <span class='ocr_line' id='line_1_27' title="bbox 258 2655 498 2718; baseline 0.004 -12"><span class='ocrx_word' id='word_1_206' title='bbox 258 2655 350 2706; x_wconf 89' lang='lat' dir='ltr'>elleno</span> <span class='ocrx_word' id='word_1_207' title='bbox 366 2658 498 2718; x_wconf 86' lang='lat' dir='ltr'>apposita.</span> 
     </span>
    </p>
   </div>
   <div class='ocr_carea' id='block_1_9' title="bbox 257 2725 1075 3078">
    <p class='ocr_par' dir='ltr' id='par_1_11' title="bbox 257 2725 1074 2860">
     <span class='ocr_line' id='line_1_28' title="bbox 290 2725 1074 2805; baseline 0.018 -29"><span class='ocrx_word' id='word_1_208' title='bbox 290 2725 399 2790; x_wconf 73' lang='lat' dir='ltr'>octodei</span> <span class='ocrx_word' id='word_1_209' title='bbox 422 2727 562 2790; x_wconf 78' lang='lat' dir='ltr'>rnqaeerit.</span> <span class='ocrx_word' id='word_1_210' title='bbox 589 2729 682 2784; x_wconf 89' lang='lat' dir='ltr'>Locus</span> <span class='ocrx_word' id='word_1_211' title='bbox 708 2735 755 2787; x_wconf 93' lang='lat' dir='ltr'>hic</span> <span class='ocrx_word' id='word_1_212' title='bbox 773 2750 829 2788; x_wconf 88' lang='lat' dir='ltr'>nou</span> <span class='ocrx_word' id='word_1_213' title='bbox 844 2737 951 2805; x_wconf 85' lang='lat' dir='ltr'>integer</span> <span class='ocrx_word' id='word_1_214' title='bbox 974 2740 1074 2793; x_wconf 90' lang='lat' dir='ltr'>descri-</span> 
     </span>
     <span class='ocr_line' id='line_1_29' title="bbox 257 2796 839 2860; baseline 0.017 -11"><span class='ocrx_word' id='word_1_215' title='bbox 257 2797 342 2858; x_wconf 82' lang='lat' dir='ltr'>bitur,</span> <span class='ocrx_word' id='word_1_216' title='bbox 358 2801 385 2847; x_wconf 94' lang='grc' dir='ltr'>ει</span> <span class='ocrx_word' id='word_1_217' title='bbox 397 2796 517 2860; x_wconf 88' lang='lat' dir='ltr'>plurima</span> <span class='ocrx_word' id='word_1_218' title='bbox 531 2799 649 2854; x_wconf 81' lang='lat' dir='ltr'>subinde</span> <span class='ocrx_word' id='word_1_219' title='bbox 664 2807 839 2859; x_wconf 89' lang='lat' dir='ltr'>omittuntur.</span> 
     </span>
    </p>

    <p class='ocr_par' dir='ltr' id='par_1_12' title="bbox 257 2867 1075 3078">
     <span class='ocr_line' id='line_1_30' title="bbox 290 2867 1075 2944; baseline 0.024 -29"><span class='ocrx_word' id='word_1_220' title='bbox 290 2867 414 2933; x_wconf 74' lang='lat' dir='ltr'>AEpunlis</span> <span class='ocrx_word' id='word_1_221' title='bbox 439 2870 532 2920; x_wconf 73' lang='lat' dir='ltr'>entrare</span> <span class='ocrx_word' id='word_1_222' title='bbox 559 2877 616 2922; x_wconf 80' lang='lat' dir='ltr'>tue.</span> <span class='ocrx_word' id='word_1_223' title='bbox 643 2874 673 2924; x_wconf 81' lang='lat'>‘0</span> <span class='ocrx_word' id='word_1_224' title='bbox 700 2875 752 2933; x_wconf 80' lang='grc' dir='ltr'>ῐσος</span> <span class='ocrx_word' id='word_1_225' title='bbox 774 2882 803 2941; x_wconf 79' lang='grc' dir='ltr'>τῇ</span> <span class='ocrx_word' id='word_1_226' title='bbox 828 2881 895 2944; x_wconf 77' lang='grc' dir='ltr'>ψυχῇ</span> <span class='ocrx_word' id='word_1_227' title='bbox 918 2897 972 2930; x_wconf 85' lang='lat' dir='ltr'>coc.</span> <span class='ocrx_word' id='word_1_228' title='bbox 1002 2881 1075 2934; x_wconf 89' lang='lat' dir='ltr'>Hinc</span> 
     </span>
     <span class='ocr_line' id='line_1_31' title="bbox 257 2939 1075 3014; baseline 0.015 -23"><span class='ocrx_word' id='word_1_229' title='bbox 257 2939 377 3005; x_wconf 85' lang='lat' dir='ltr'>petenda</span> <span class='ocrx_word' id='word_1_230' title='bbox 390 2939 536 3004; x_wconf 81' lang='lat' dir='ltr'>explicatio</span> <span class='ocrx_word' id='word_1_231' title='bbox 551 2943 605 2995; x_wconf 91' lang='lat' dir='ltr'>loci</span> <span class='ocrx_word' id='word_1_232' title='bbox 619 2945 653 2995; x_wconf 93' lang='lat' dir='ltr'>D.</span> <span class='ocrx_word' id='word_1_233' title='bbox 668 2947 756 3012; x_wconf 86' lang='lat' dir='ltr'>Pauli,</span> <span class='ocrx_word' id='word_1_234' title='bbox 771 2949 841 3000; x_wconf 85' lang='lat' dir='ltr'>Phil.</span> <span class='ocrx_word' id='word_1_235' title='bbox 858 2965 885 3014; x_wconf 82' lang='lat'>11,</span> <span class='ocrx_word' id='word_1_236' title='bbox 902 2952 933 3003; x_wconf 74' lang='lat'>20</span> <span class='ocrx_word' id='word_1_237' title='bbox 954 2967 959 3002; x_wconf 96' lang='lat'><strong>:</strong></span> <span class='ocrx_word' id='word_1_238' title='bbox 982 2953 1075 3003; x_wconf 82' lang='grc' dir='ltr'>Ουδένα</span> 
     </span>
     <span class='ocr_line' id='line_1_32' title="bbox 258 3011 453 3078; baseline -0.01 -16"><span class='ocrx_word' id='word_1_239' title='bbox 258 3013 309 3078; x_wconf 74' lang='grc' dir='ltr'>ἔχω</span> <span class='ocrx_word' id='word_1_240' title='bbox 323 3011 453 3075; x_wconf 79' lang='grc' dir='ltr'><strong>ἰσώφυχεν.</strong></span> 
     </span>
    </p>
   </div>
   <div class='ocr_carea' id='block_1_10' title="bbox 257 3085 1079 3508">
    <p class='ocr_par' dir='ltr' id='par_1_13' title="bbox 257 3085 1074 3224">
     <span class='ocr_line' id='line_1_33' title="bbox 290 3085 1074 3158; baseline 0.019 -24"><span class='ocrx_word' id='word_1_241' title='bbox 290 3085 399 3149; x_wconf 85' lang='lat' dir='ltr'>Propter</span> <span class='ocrx_word' id='word_1_242' title='bbox 410 3097 468 3134; x_wconf 86' lang='lat' dir='ltr'>eum</span> <span class='ocrx_word' id='word_1_243' title='bbox 484 3085 531 3150; x_wconf 80' lang='lat' dir='ltr'>qui</span> <span class='ocrx_word' id='word_1_244' title='bbox 544 3087 643 3141; x_wconf 76' lang='lat' dir='ltr'>dilexit.</span> <span class='ocrx_word' id='word_1_245' title='bbox 658 3091 870 3158; x_wconf 83' lang='lat' dir='ltr'>Exemplnribus</span> <span class='ocrx_word' id='word_1_246' title='bbox 886 3095 947 3147; x_wconf 88' lang='lat' dir='ltr'>istis</span> <span class='ocrx_word' id='word_1_247' title='bbox 965 3096 1074 3150; x_wconf 87' lang='lat' dir='ltr'>accedit</span> 
     </span>
     <span class='ocr_line' id='line_1_34' title="bbox 257 3156 835 3224; baseline 0.009 -15"><span class='ocrx_word' id='word_1_248' title='bbox 257 3159 351 3209; x_wconf 89' lang='lat' dir='ltr'>noster</span> <span class='ocrx_word' id='word_1_249' title='bbox 368 3169 431 3220; x_wconf 80' lang='lat' dir='ltr'>quae</span> <span class='ocrx_word' id='word_1_250' title='bbox 444 3156 548 3222; x_wconf 88' lang='lat' dir='ltr'>legunt,</span> <span class='ocrx_word' id='word_1_251' title='bbox 566 3159 606 3209; x_wconf 81' lang='grc' dir='ltr'>διὰ</span> <span class='ocrx_word' id='word_1_252' title='bbox 619 3161 659 3210; x_wconf 82' lang='grc' dir='ltr'>τόν</span> <span class='ocrx_word' id='word_1_253' title='bbox 671 3162 835 3224; x_wconf 56' lang='lat' dir='ltr'>&amp;permeans</span> 
     </span>
    </p>

    <p class='ocr_par' dir='ltr' id='par_1_14' title="bbox 258 3227 1079 3508">
     <span class='ocr_line' id='line_1_35' title="bbox 288 3227 1076 3305; baseline 0.016 -27"><span class='ocrx_word' id='word_1_254' title='bbox 288 3227 382 3288; x_wconf 70' lang='lat' dir='ltr'>Fidus,</span> <span class='ocrx_word' id='word_1_255' title='bbox 410 3232 434 3278; x_wconf 92' lang='lat' dir='ltr'>et</span> <span class='ocrx_word' id='word_1_256' title='bbox 458 3234 535 3291; x_wconf 75' lang='lat' dir='ltr'>seete,</span> <span class='ocrx_word' id='word_1_257' title='bbox 563 3236 586 3280; x_wconf 92' lang='lat' dir='ltr'>el</span> <span class='ocrx_word' id='word_1_258' title='bbox 610 3235 716 3295; x_wconf 86' lang='lat' dir='ltr'>cernite,</span> <span class='ocrx_word' id='word_1_259' title='bbox 739 3237 814 3288; x_wconf 86' lang='lat' dir='ltr'>LXX</span> <span class='ocrx_word' id='word_1_260' title='bbox 837 3238 935 3304; x_wconf 90' lang='lat' dir='ltr'>legunt</span> <span class='ocrx_word' id='word_1_261' title='bbox 960 3237 1076 3305; x_wconf 75' lang='grc' dir='ltr'>θαρσεῖτε,</span> 
     </span>
     <span class='ocr_line' id='line_1_36' title="bbox 258 3297 1077 3418; baseline 0.024 -74"><span class='ocrx_word' id='word_1_262' title='bbox 258 3297 385 3418; x_wconf 54' lang='lat' dir='ltr'>setectum</span> <span class='ocrx_word' id='word_1_263' title='bbox 397 3298 474 3363; x_wconf 74' lang='grc' dir='ltr'><strong>ὁρᾶτε,</strong></span> <span class='ocrx_word' id='word_1_264' title='bbox 487 3299 535 3351; x_wconf 87' lang='lat' dir='ltr'>sed</span> <span class='ocrx_word' id='word_1_265' title='bbox 548 3303 621 3368; x_wconf 90' lang='lat' dir='ltr'>prior</span> <span class='ocrx_word' id='word_1_266' title='bbox 635 3318 688 3355; x_wconf 87' lang='lat' dir='ltr'>vox</span> <span class='ocrx_word' id='word_1_267' title='bbox 701 3306 730 3356; x_wconf 90' lang='lat' dir='ltr'>in</span> <span class='ocrx_word' id='word_1_268' title='bbox 743 3310 821 3359; x_wconf 90' lang='lat' dir='ltr'>textu</span> <span class='ocrx_word' id='word_1_269' title='bbox 832 3323 911 3361; x_wconf 88' lang='lat' dir='ltr'>sacro</span> <span class='ocrx_word' id='word_1_270' title='bbox 925 3324 982 3361; x_wconf 92' lang='lat' dir='ltr'>uon</span> <span class='ocrx_word' id='word_1_271' title='bbox 997 3325 1077 3363; x_wconf 90' lang='lat' dir='ltr'>com-</span> 
     </span>
     <span class='ocr_line' id='line_1_37' title="bbox 258 3381 1079 3508; baseline 0.024 -21"><span class='ocrx_word' id='word_1_272' title='bbox 258 3381 324 3489; x_wconf 47' lang='lat' dir='ltr'>patri?</span> <span class='ocrx_word' id='word_1_273' title='bbox 334 3405 504 3491; x_wconf 69' lang='lat' dir='ltr'>resonatione</span> <span class='ocrx_word' id='word_1_274' title='bbox 522 3443 639 3508; x_wconf 86' lang='lat' dir='ltr'>spiritus.</span> <span class='ocrx_word' id='word_1_275' title='bbox 664 3447 840 3500; x_wconf 86' lang='lat' dir='ltr'>intellexisse</span> <span class='ocrx_word' id='word_1_276' title='bbox 854 3451 964 3504; x_wconf 81' lang='lat' dir='ltr'>videtur</span> <span class='ocrx_word' id='word_1_277' title='bbox 982 3459 1079 3507; x_wconf 89' lang='lat' dir='ltr'>auctor</span> 
     </span>
    </p>
   </div>
   <div class='ocr_carea' id='block_1_11' title="bbox 259 3509 1077 3643">
    <p class='ocr_par' dir='ltr' id='par_1_15' title="bbox 259 3509 1077 3643">
     <span class='ocr_line' id='line_1_38' title="bbox 260 3509 1077 3588; baseline 0.017 -24"><span class='ocrx_word' id='word_1_278' title='bbox 260 3513 354 3564; x_wconf 85' lang='lat' dir='ltr'>noster</span> <span class='ocrx_word' id='word_1_279' title='bbox 380 3509 514 3575; x_wconf 86' lang='lat' dir='ltr'>Spiritum</span> <span class='ocrx_word' id='word_1_280' title='bbox 539 3520 677 3581; x_wconf 88' lang='lat' dir='ltr'>sanctum,</span> <span class='ocrx_word' id='word_1_281' title='bbox 705 3520 754 3571; x_wconf 89' lang='lat' dir='ltr'>sed</span> <span class='ocrx_word' id='word_1_282' title='bbox 782 3522 951 3588; x_wconf 82' lang='lat' dir='ltr'>exemplaria</span> <span class='ocrx_word' id='word_1_283' title='bbox 979 3525 1077 3578; x_wconf 79' lang='lat' dir='ltr'>Graeca</span> 
     </span>
     <span class='ocr_line' id='line_1_39' title="bbox 259 3581 484 3643; baseline 0.004 -11"><span class='ocrx_word' id='word_1_284' title='bbox 259 3581 374 3643; x_wconf 87' lang='lat' dir='ltr'>hahent,</span> <span class='ocrx_word' id='word_1_285' title='bbox 389 3595 446 3632; x_wconf 90' lang='lat' dir='ltr'>non</span> <span class='ocrx_word' id='word_1_286' title='bbox 460 3583 484 3633; x_wconf 93' lang='lat' dir='ltr'>ll</span> 
     </span>
    </p>
   </div>
   <div class='ocr_carea' id='block_1_12' title="bbox 293 3642 1078 3721">
    <p class='ocr_par' dir='ltr' id='par_1_16' title="bbox 293 3642 1078 3721">
     <span class='ocr_line' id='line_1_40' title="bbox 293 3642 1078 3721; baseline 0.022 -28"><span class='ocrx_word' id='word_1_287' title='bbox 293 3642 466 3708; x_wconf 73' lang='lat' dir='ltr'>Qur&#39;ppnrnrn</span> <span class='ocrx_word' id='word_1_288' title='bbox 482 3647 607 3709; x_wconf 83' lang='lat' dir='ltr'>portabat</span> <span class='ocrx_word' id='word_1_289' title='bbox 620 3650 730 3703; x_wconf 85' lang='lat' dir='ltr'>diaboti.</span> <span class='ocrx_word' id='word_1_290' title='bbox 749 3653 800 3704; x_wconf 90' lang='lat' dir='ltr'>Sic</span> <span class='ocrx_word' id='word_1_291' title='bbox 829 3655 847 3706; x_wconf 96' lang='lat' dir='ltr'>l.</span> <span class='ocrx_word' id='word_1_292' title='bbox 863 3669 883 3707; x_wconf 88' lang='lat' dir='ltr'>rr</span> <span class='ocrx_word' id='word_1_293' title='bbox 910 3656 944 3707; x_wconf 87' lang='lat' dir='ltr'>ad</span> <span class='ocrx_word' id='word_1_294' title='bbox 958 3657 1035 3721; x_wconf 89' lang='lat' dir='ltr'>Quir.</span> <span class='ocrx_word' id='word_1_295' title='bbox 1051 3673 1078 3712; x_wconf 89' lang='lat' dir='ltr'>c.</span> 
     </span>
    </p>
   </div>
   <div class='ocr_carea' id='block_1_13' title="bbox 261 3716 1079 3840">
    <p class='ocr_par' dir='ltr' id='par_1_17' title="bbox 261 3716 1079 3840">
     <span class='ocr_line' id='line_1_41' title="bbox 263 3716 1079 3790; baseline 0.018 -24"><span class='ocrx_word' id='word_1_296' title='bbox 263 3716 295 3766; x_wconf 87' lang='grc'>16</span> <span class='ocrx_word' id='word_1_297' title='bbox 313 3729 318 3764; x_wconf 96' lang='lat'><strong>:</strong></span> <span class='ocrx_word' id='word_1_298' title='bbox 333 3716 495 3768; x_wconf 82' lang='lat' dir='ltr'>«Amalech</span> <span class='ocrx_word' id='word_1_299' title='bbox 512 3724 657 3783; x_wconf 88' lang='lat' dir='ltr'>superatus</span> <span class='ocrx_word' id='word_1_300' title='bbox 671 3727 714 3773; x_wconf 90' lang='lat' dir='ltr'>est</span> <span class='ocrx_word' id='word_1_301' title='bbox 734 3725 839 3790; x_wconf 79' lang='lat' dir='ltr'>adesa,</span> <span class='ocrx_word' id='word_1_302' title='bbox 853 3726 936 3779; x_wconf 91' lang='lat' dir='ltr'>idest</span> <span class='ocrx_word' id='word_1_303' title='bbox 952 3728 1079 3781; x_wconf 89' lang='lat' dir='ltr'>diabolus</span> 
     </span>
     <span class='ocr_line' id='line_1_42' title="bbox 261 3786 601 3840; baseline 0.009 -2"><span class='ocrx_word' id='word_1_304' title='bbox 261 3803 277 3838; x_wconf 85' lang='lat' dir='ltr'>s</span> <span class='ocrx_word' id='word_1_305' title='bbox 294 3786 403 3838; x_wconf 89' lang='lat' dir='ltr'>Christo</span> <span class='ocrx_word' id='word_1_306' title='bbox 420 3789 511 3839; x_wconf 88' lang='lat' dir='ltr'>victus</span> <span class='ocrx_word' id='word_1_307' title='bbox 524 3794 601 3840; x_wconf 73' lang='lat' dir='ltr'>est»</span> 
     </span>
    </p>
   </div>
   <div class='ocr_carea' id='block_1_14' title="bbox 261 3859 1080 4202">
    <p class='ocr_par' dir='ltr' id='par_1_18' title="bbox 261 3859 1080 4138">
     <span class='ocr_line' id='line_1_43' title="bbox 291 3859 1078 3929; baseline 0.02 -20"><span class='ocrx_word' id='word_1_308' title='bbox 291 3860 342 3910; x_wconf 86' lang='lat' dir='ltr'>Nec</span> <span class='ocrx_word' id='word_1_309' title='bbox 362 3859 497 3911; x_wconf 75' lang='lat' dir='ltr'>recidatis.</span> <span class='ocrx_word' id='word_1_310' title='bbox 528 3859 696 3929; x_wconf 82' lang='lat' dir='ltr'>Quanquam</span> <span class='ocrx_word' id='word_1_311' title='bbox 730 3865 758 3917; x_wconf 90' lang='lat' dir='ltr'>ln</span> <span class='ocrx_word' id='word_1_312' title='bbox 778 3870 857 3920; x_wconf 84' lang='lat' dir='ltr'>textu</span> <span class='ocrx_word' id='word_1_313' title='bbox 876 3869 975 3922; x_wconf 79' lang='lat' dir='ltr'>Groeco</span> <span class='ocrx_word' id='word_1_314' title='bbox 1001 3873 1078 3924; x_wconf 89' lang='lat' dir='ltr'>nullu</span> 
     </span>
     <span class='ocr_line' id='line_1_44' title="bbox 261 3929 1080 4004; baseline 0.017 -23"><span class='ocrx_word' id='word_1_315' title='bbox 261 3930 378 3994; x_wconf 84' lang='lat' dir='ltr'>vestigia</span> <span class='ocrx_word' id='word_1_316' title='bbox 396 3929 480 3995; x_wconf 75' lang='lat' dir='ltr'>huius</span> <span class='ocrx_word' id='word_1_317' title='bbox 495 3932 624 3985; x_wconf 91' lang='lat' dir='ltr'>lectionis</span> <span class='ocrx_word' id='word_1_318' title='bbox 646 3944 835 4004; x_wconf 87' lang='lat' dir='ltr'>compareant,</span> <span class='ocrx_word' id='word_1_319' title='bbox 863 3945 956 3992; x_wconf 88' lang='lat' dir='ltr'>temen</span> <span class='ocrx_word' id='word_1_320' title='bbox 983 3945 1080 3994; x_wconf 91' lang='lat' dir='ltr'>simili-</span> 
     </span>
     <span class='ocr_line' id='line_1_45' title="bbox 262 4002 1078 4079; baseline 0.022 -28"><span class='ocrx_word' id='word_1_321' title='bbox 262 4005 305 4056; x_wconf 87' lang='lat' dir='ltr'>ter</span> <span class='ocrx_word' id='word_1_322' title='bbox 320 4002 389 4067; x_wconf 91' lang='lat' dir='ltr'>legit</span> <span class='ocrx_word' id='word_1_323' title='bbox 412 4007 508 4056; x_wconf 90' lang='lat' dir='ltr'>auctor</span> <span class='ocrx_word' id='word_1_324' title='bbox 537 4011 632 4060; x_wconf 90' lang='lat' dir='ltr'>noster</span> <span class='ocrx_word' id='word_1_325' title='bbox 668 4012 787 4075; x_wconf 90' lang='lat' dir='ltr'>epistola</span> <span class='ocrx_word' id='word_1_326' title='bbox 813 4013 851 4062; x_wconf 86' lang='lat' dir='ltr'>ed</span> <span class='ocrx_word' id='word_1_327' title='bbox 875 4014 1078 4079; x_wconf 74' lang='lat' dir='ltr'>Thibarilnnos5</span> 
     </span>
     <span class='ocr_line' id='line_1_46' title="bbox 263 4074 473 4138; baseline 0.019 -16"><span class='ocrx_word' id='word_1_328' title='bbox 263 4075 345 4138; x_wconf 81' lang='lat' dir='ltr'>qussi</span> <span class='ocrx_word' id='word_1_329' title='bbox 360 4074 473 4138; x_wconf 88' lang='lat' dir='ltr'>legisset</span> 
     </span>
    </p>

    <p class='ocr_par' dir='ltr' id='par_1_19' title="bbox 297 4135 1079 4202">
     <span class='ocr_line' id='line_1_47' title="bbox 297 4135 1079 4202; baseline 0.024 -19"><span class='ocrx_word' id='word_1_330' title='bbox 297 4135 503 4201; x_wconf 71' lang='lat' dir='ltr'>Quotiescunque</span> <span class='ocrx_word' id='word_1_331' title='bbox 544 4142 751 4194; x_wconf 80' lang='lat' dir='ltr'>communicetis.</span> <span class='ocrx_word' id='word_1_332' title='bbox 780 4145 844 4196; x_wconf 80' lang='lat' dir='ltr'>ldae.</span> <span class='ocrx_word' id='word_1_333' title='bbox 877 4147 989 4200; x_wconf 87' lang='lat' dir='ltr'>codices</span> <span class='ocrx_word' id='word_1_334' title='bbox 1022 4163 1079 4202; x_wconf 90' lang='lat' dir='ltr'>non</span> 
     </span>
    </p>
   </div>
   <div class='ocr_carea' id='block_1_15' title="bbox 1123 590 1280 644">
    <p class='ocr_par' dir='ltr' id='par_1_20' title="bbox 1123 590 1280 644">
     <span class='ocr_line' id='line_1_48' title="bbox 1123 590 1280 644; baseline 0.025 -4"><span class='ocrx_word' id='word_1_335' title='bbox 1123 590 1280 644; x_wconf 82' lang='lat' dir='ltr'>adhibetur.</span> 
     </span>
    </p>
   </div>
   <div class='ocr_carea' id='block_1_16' title="bbox 1123 699 1950 836">
    <p class='ocr_par' dir='ltr' id='par_1_21' title="bbox 1123 699 1950 836">
     <span class='ocr_line' id='line_1_49' title="bbox 1156 699 1950 823; baseline 0.013 -74"><span class='ocrx_word' id='word_1_336' title='bbox 1156 699 1265 823; x_wconf 47' lang='lat' dir='ltr'>Tarthssns</span> <span class='ocrx_word' id='word_1_337' title='bbox 1281 702 1396 767; x_wconf 83' lang='lat' dir='ltr'>occipiat</span> <span class='ocrx_word' id='word_1_338' title='bbox 1412 705 1445 756; x_wconf 86' lang='lat' dir='ltr'>de</span> <span class='ocrx_word' id='word_1_339' title='bbox 1459 707 1508 758; x_wconf 85' lang='lat' dir='ltr'>Dei</span> <span class='ocrx_word' id='word_1_340' title='bbox 1523 720 1578 770; x_wconf 90' lang='lat' dir='ltr'>ope.</span> <span class='ocrx_word' id='word_1_341' title='bbox 1596 707 1660 758; x_wconf 85' lang='lat' dir='ltr'>Vld.</span> <span class='ocrx_word' id='word_1_342' title='bbox 1694 708 1713 762; x_wconf 89' lang='lat' dir='ltr'>l.</span> <span class='ocrx_word' id='word_1_343' title='bbox 1730 721 1771 762; x_wconf 80' lang='lat' dir='ltr'>vu</span> <span class='ocrx_word' id='word_1_344' title='bbox 1786 709 1822 760; x_wconf 85' lang='lat' dir='ltr'>ed</span> <span class='ocrx_word' id='word_1_345' title='bbox 1837 709 1950 772; x_wconf 79' lang='lat' dir='ltr'>Quiris.</span> 
     </span>
     <span class='ocr_line' id='line_1_50' title="bbox 1123 783 1238 836; baseline 0.026 -15"><span class='ocrx_word' id='word_1_346' title='bbox 1123 783 1183 836; x_wconf 87' lang='lat' dir='ltr'>cap.</span> <span class='ocrx_word' id='word_1_347' title='bbox 1233 811 1238 824; x_wconf 95' lang='lat'>.</span> 
     </span>
    </p>
   </div>
   <div class='ocr_carea' id='block_1_17' title="bbox 1122 883 1949 1172">
    <p class='ocr_par' dir='ltr' id='par_1_22' title="bbox 1122 883 1949 1172">
     <span class='ocr_line' id='line_1_51' title="bbox 1154 883 1948 946; baseline 0.014 -14"><span class='ocrx_word' id='word_1_348' title='bbox 1154 883 1231 934; x_wconf 80' lang='lat' dir='ltr'>Side</span> <span class='ocrx_word' id='word_1_349' title='bbox 1245 885 1339 938; x_wconf 88' lang='lat' dir='ltr'>mundo</span> <span class='ocrx_word' id='word_1_350' title='bbox 1356 888 1452 940; x_wconf 72' lang='lat' dir='ltr'>maelis.</span> <span class='ocrx_word' id='word_1_351' title='bbox 1484 887 1556 941; x_wconf 87' lang='lat' dir='ltr'>Cum</span> <span class='ocrx_word' id='word_1_352' title='bbox 1581 892 1680 944; x_wconf 89' lang='lat' dir='ltr'>eadem</span> <span class='ocrx_word' id='word_1_353' title='bbox 1704 906 1774 944; x_wconf 82' lang='lat' dir='ltr'>voce</span> <span class='ocrx_word' id='word_1_354' title='bbox 1797 895 1899 944; x_wconf 89' lang='lat' dir='ltr'>utatur</span> <span class='ocrx_word' id='word_1_355' title='bbox 1911 893 1948 946; x_wconf 89' lang='lat' dir='ltr'>D.</span> 
     </span>
     <span class='ocr_line' id='line_1_52' title="bbox 1122 953 1947 1031; baseline 0.01 -25"><span class='ocrx_word' id='word_1_356' title='bbox 1122 953 1214 1020; x_wconf 71' lang='lat' dir='ltr'>toan,</span> <span class='ocrx_word' id='word_1_357' title='bbox 1231 957 1326 1021; x_wconf 88' lang='lat' dir='ltr'>capitt.</span> <span class='ocrx_word' id='word_1_358' title='bbox 1338 971 1379 1010; x_wconf 87' lang='lat' dir='ltr'>xv</span> <span class='ocrx_word' id='word_1_359' title='bbox 1393 961 1421 1012; x_wconf 91' lang='grc' dir='ltr'>ει</span> <span class='ocrx_word' id='word_1_360' title='bbox 1439 972 1492 1012; x_wconf 86' lang='lat' dir='ltr'>xvr</span> <span class='ocrx_word' id='word_1_361' title='bbox 1513 974 1570 1012; x_wconf 89' lang='lat' dir='ltr'>non</span> <span class='ocrx_word' id='word_1_362' title='bbox 1595 967 1754 1031; x_wconf 87' lang='lat' dir='ltr'>promptum</span> <span class='ocrx_word' id='word_1_363' title='bbox 1781 967 1824 1016; x_wconf 91' lang='lat' dir='ltr'>est</span> <span class='ocrx_word' id='word_1_364' title='bbox 1840 964 1947 1026; x_wconf 84' lang='lat' dir='ltr'>dicere,</span> 
     </span>
     <span class='ocr_line' id='line_1_53' title="bbox 1124 1027 1949 1099; baseline 0.013 -24"><span class='ocrx_word' id='word_1_365' title='bbox 1124 1038 1209 1089; x_wconf 87' lang='lat' dir='ltr'>quare</span> <span class='ocrx_word' id='word_1_366' title='bbox 1235 1030 1309 1080; x_wconf 82' lang='lat' dir='ltr'>varie</span> <span class='ocrx_word' id='word_1_367' title='bbox 1339 1027 1489 1084; x_wconf 82' lang='lat' dir='ltr'>reddiderit</span> <span class='ocrx_word' id='word_1_368' title='bbox 1524 1035 1622 1085; x_wconf 87' lang='lat' dir='ltr'>auctor</span> <span class='ocrx_word' id='word_1_369' title='bbox 1658 1039 1775 1099; x_wconf 87' lang='lat' dir='ltr'>noster;</span> <span class='ocrx_word' id='word_1_370' title='bbox 1800 1035 1851 1087; x_wconf 84' lang='lat' dir='ltr'>sed</span> <span class='ocrx_word' id='word_1_371' title='bbox 1879 1035 1949 1087; x_wconf 91' lang='lat' dir='ltr'>libri</span> 
     </span>
     <span class='ocr_line' id='line_1_54' title="bbox 1123 1099 1948 1172; baseline 0.015 -26"><span class='ocrx_word' id='word_1_372' title='bbox 1123 1109 1219 1148; x_wconf 88' lang='lat' dir='ltr'>omnes</span> <span class='ocrx_word' id='word_1_373' title='bbox 1234 1099 1263 1149; x_wconf 92' lang='lat' dir='ltr'>ln</span> <span class='ocrx_word' id='word_1_374' title='bbox 1280 1099 1401 1153; x_wconf 89' lang='lat' dir='ltr'>lectione</span> <span class='ocrx_word' id='word_1_375' title='bbox 1428 1105 1616 1168; x_wconf 79' lang='lat' dir='ltr'>consentiunt,</span> <span class='ocrx_word' id='word_1_376' title='bbox 1639 1106 1753 1170; x_wconf 77' lang='lat' dir='ltr'>vulgati</span> <span class='ocrx_word' id='word_1_377' title='bbox 1782 1108 1948 1172; x_wconf 82' lang='lat' dir='ltr'>interpretis</span> 
     </span>
    </p>
   </div>
   <div class='ocr_carea' id='block_1_18' title="bbox 1122 1167 1947 1304">
    <p class='ocr_par' dir='ltr' id='par_1_23' title="bbox 1122 1167 1947 1304">
     <span class='ocr_line' id='line_1_55' title="bbox 1122 1167 1947 1236; baseline 0.012 -18"><span class='ocrx_word' id='word_1_378' title='bbox 1122 1167 1244 1220; x_wconf 88' lang='lat' dir='ltr'>lectione</span> <span class='ocrx_word' id='word_1_379' title='bbox 1267 1170 1380 1236; x_wconf 86' lang='lat' dir='ltr'>insuper</span> <span class='ocrx_word' id='word_1_380' title='bbox 1403 1173 1497 1227; x_wconf 88' lang='lat' dir='ltr'>habita</span> <span class='ocrx_word' id='word_1_381' title='bbox 1516 1191 1523 1225; x_wconf 93' lang='lat'>:</span> <span class='ocrx_word' id='word_1_382' title='bbox 1545 1177 1591 1228; x_wconf 91' lang='lat' dir='ltr'>eui</span> <span class='ocrx_word' id='word_1_383' title='bbox 1606 1177 1711 1230; x_wconf 89' lang='lat' dir='ltr'>librarii</span> <span class='ocrx_word' id='word_1_384' title='bbox 1735 1178 1827 1230; x_wconf 89' lang='lat' dir='ltr'>solent</span> <span class='ocrx_word' id='word_1_385' title='bbox 1847 1178 1947 1228; x_wconf 86' lang='lat' dir='ltr'>omnis</span> 
     </span>
     <span class='ocr_line' id='line_1_56' title="bbox 1122 1239 1458 1304; baseline 0.015 -14"><span class='ocrx_word' id='word_1_386' title='bbox 1122 1239 1225 1304; x_wconf 90' lang='lat' dir='ltr'>passim</span> <span class='ocrx_word' id='word_1_387' title='bbox 1240 1243 1458 1298; x_wconf 86' lang='lat' dir='ltr'>accommodare.</span> 
     </span>
    </p>
   </div>
   <div class='ocr_carea' id='block_1_19' title="bbox 1122 1357 1949 1641">
    <p class='ocr_par' dir='ltr' id='par_1_24' title="bbox 1122 1357 1949 1641">
     <span class='ocr_line' id='line_1_57' title="bbox 1153 1357 1948 1416; baseline 0.008 -8"><span class='ocrx_word' id='word_1_388' title='bbox 1153 1357 1242 1409; x_wconf 85' lang='lat' dir='ltr'>Dauid</span> <span class='ocrx_word' id='word_1_389' title='bbox 1274 1359 1477 1412; x_wconf 83' lang='lat' dir='ltr'>misericordem.</span> <span class='ocrx_word' id='word_1_390' title='bbox 1506 1362 1612 1415; x_wconf 86' lang='lat' dir='ltr'>Locum</span> <span class='ocrx_word' id='word_1_391' title='bbox 1640 1363 1717 1416; x_wconf 94' lang='lat' dir='ltr'>hunc</span> <span class='ocrx_word' id='word_1_392' title='bbox 1741 1367 1844 1416; x_wconf 89' lang='lat' dir='ltr'>tractet</span> <span class='ocrx_word' id='word_1_393' title='bbox 1871 1363 1948 1415; x_wconf 70' lang='grc' dir='ltr'><strong>Τετ-</strong></span> 
     </span>
     <span class='ocr_line' id='line_1_58' title="bbox 1123 1429 1949 1499; baseline 0.008 -20"><span class='ocrx_word' id='word_1_394' title='bbox 1123 1429 1184 1481; x_wconf 88' lang='lat' dir='ltr'>tull.</span> <span class='ocrx_word' id='word_1_395' title='bbox 1201 1430 1231 1480; x_wconf 89' lang='lat' dir='ltr'>in</span> <span class='ocrx_word' id='word_1_396' title='bbox 1256 1429 1397 1494; x_wconf 79' lang='lat' dir='ltr'>Scorpion,</span> <span class='ocrx_word' id='word_1_397' title='bbox 1438 1445 1462 1483; x_wconf 89' lang='lat' dir='ltr'>o.</span> <span class='ocrx_word' id='word_1_398' title='bbox 1477 1433 1513 1484; x_wconf 84' lang='lat'>8:</span> <span class='ocrx_word' id='word_1_399' title='bbox 1549 1435 1675 1487; x_wconf 69' lang='lat' dir='ltr'>«David</span> <span class='ocrx_word' id='word_1_400' title='bbox 1692 1435 1859 1499; x_wconf 82' lang='lat' dir='ltr'>exagitatur,</span> <span class='ocrx_word' id='word_1_401' title='bbox 1887 1435 1949 1486; x_wconf 83' lang='lat' dir='ltr'>He·</span> 
     </span>
     <span class='ocr_line' id='line_1_59' title="bbox 1122 1499 1946 1570; baseline 0.01 -20"><span class='ocrx_word' id='word_1_402' title='bbox 1122 1499 1174 1550; x_wconf 87' lang='lat' dir='ltr'>lias</span> <span class='ocrx_word' id='word_1_403' title='bbox 1208 1500 1330 1566; x_wconf 79' lang='lat' dir='ltr'>sugatur,</span> <span class='ocrx_word' id='word_1_404' title='bbox 1357 1501 1512 1554; x_wconf 84' lang='lat' dir='ltr'>Hieremiae</span> <span class='ocrx_word' id='word_1_405' title='bbox 1550 1504 1698 1570; x_wconf 89' lang='lat' dir='ltr'>lapidetur,</span> <span class='ocrx_word' id='word_1_406' title='bbox 1735 1505 1831 1558; x_wconf 80' lang='lat' dir='ltr'>lissiae</span> <span class='ocrx_word' id='word_1_407' title='bbox 1865 1519 1946 1560; x_wconf 87' lang='lat' dir='ltr'>sees-</span> 
     </span>
     <span class='ocr_line' id='line_1_60' title="bbox 1122 1571 1945 1641; baseline 0.012 -21"><span class='ocrx_word' id='word_1_408' title='bbox 1122 1574 1175 1634; x_wconf 92' lang='lat' dir='ltr'>tur‚</span> <span class='ocrx_word' id='word_1_409' title='bbox 1189 1571 1335 1623; x_wconf 59' lang='lat' dir='ltr'>boherias</span> <span class='ocrx_word' id='word_1_410' title='bbox 1351 1574 1425 1626; x_wconf 89' lang='lat' dir='ltr'>inter</span> <span class='ocrx_word' id='word_1_411' title='bbox 1443 1574 1568 1627; x_wconf 84' lang='lat' dir='ltr'>altercat</span> <span class='ocrx_word' id='word_1_412' title='bbox 1581 1576 1670 1628; x_wconf 70' lang='lat' dir='ltr'>edem</span> <span class='ocrx_word' id='word_1_413' title='bbox 1683 1578 1870 1641; x_wconf 68' lang='lat' dir='ltr'>trucidatum</span> <span class='ocrx_word' id='word_1_414' title='bbox 1884 1583 1945 1632; x_wconf 90' lang='lat' dir='ltr'>etc.</span> 
     </span>
    </p>
   </div>
   <div class='ocr_carea' id='block_1_20' title="bbox 1123 1679 1948 2036">
    <p class='ocr_par' dir='ltr' id='par_1_25' title="bbox 1123 1679 1948 2036">
     <span class='ocr_line' id='line_1_61' title="bbox 1154 1679 1947 1746; baseline 0.008 -16"><span class='ocrx_word' id='word_1_415' title='bbox 1154 1679 1259 1744; x_wconf 86' lang='lat' dir='ltr'>Septem</span> <span class='ocrx_word' id='word_1_416' title='bbox 1294 1680 1350 1732; x_wconf 81' lang='lat' dir='ltr'>dier</span> <span class='ocrx_word' id='word_1_417' title='bbox 1374 1694 1507 1732; x_wconf 85' lang='lat' dir='ltr'>annorum</span> <span class='ocrx_word' id='word_1_418' title='bbox 1535 1687 1631 1746; x_wconf 84' lang='lat' dir='ltr'>septem</span> <span class='ocrx_word' id='word_1_419' title='bbox 1658 1682 1753 1736; x_wconf 85' lang='lat' dir='ltr'>mittis.</span> <span class='ocrx_word' id='word_1_420' title='bbox 1778 1685 1947 1738; x_wconf 87' lang='lat' dir='ltr'>Duretionis</span> 
     </span>
     <span class='ocr_line' id='line_1_62' title="bbox 1124 1753 1944 1819; baseline 0.005 -15"><span class='ocrx_word' id='word_1_421' title='bbox 1124 1753 1221 1805; x_wconf 88' lang='lat' dir='ltr'>mundi</span> <span class='ocrx_word' id='word_1_422' title='bbox 1231 1753 1373 1804; x_wconf 89' lang='lat' dir='ltr'>nimirum.</span> <span class='ocrx_word' id='word_1_423' title='bbox 1389 1753 1464 1806; x_wconf 88' lang='lat' dir='ltr'>Alibi</span> <span class='ocrx_word' id='word_1_424' title='bbox 1482 1768 1533 1808; x_wconf 88' lang='lat' dir='ltr'>sex</span> <span class='ocrx_word' id='word_1_425' title='bbox 1560 1753 1680 1819; x_wconf 89' lang='lat' dir='ltr'>dierum,</span> <span class='ocrx_word' id='word_1_426' title='bbox 1708 1757 1767 1808; x_wconf 80' lang='lat' dir='ltr'>siae</span> <span class='ocrx_word' id='word_1_427' title='bbox 1789 1770 1839 1808; x_wconf 85' lang='lat' dir='ltr'>aex</span> <span class='ocrx_word' id='word_1_428' title='bbox 1863 1756 1944 1809; x_wconf 90' lang='lat' dir='ltr'>mille</span> 
     </span>
     <span class='ocr_line' id='line_1_63' title="bbox 1123 1825 1948 1889; baseline 0.004 -14"><span class='ocrx_word' id='word_1_429' title='bbox 1123 1837 1260 1876; x_wconf 89' lang='lat' dir='ltr'>annorum</span> <span class='ocrx_word' id='word_1_430' title='bbox 1275 1825 1364 1889; x_wconf 88' lang='lat' dir='ltr'>spatio</span> <span class='ocrx_word' id='word_1_431' title='bbox 1376 1826 1473 1878; x_wconf 89' lang='lat' dir='ltr'>muudi</span> <span class='ocrx_word' id='word_1_432' title='bbox 1488 1840 1580 1878; x_wconf 78' lang='lat' dir='ltr'>aarum</span> <span class='ocrx_word' id='word_1_433' title='bbox 1609 1829 1707 1879; x_wconf 86' lang='lat' dir='ltr'>auctor</span> <span class='ocrx_word' id='word_1_434' title='bbox 1717 1831 1812 1881; x_wconf 89' lang='lat' dir='ltr'>noster</span> <span class='ocrx_word' id='word_1_435' title='bbox 1825 1829 1948 1881; x_wconf 84' lang='lat' dir='ltr'>conclu·</span> 
     </span>
     <span class='ocr_line' id='line_1_64' title="bbox 1123 1897 1933 1967; baseline 0.005 -21"><span class='ocrx_word' id='word_1_436' title='bbox 1123 1897 1182 1955; x_wconf 89' lang='lat' dir='ltr'>dit;</span> <span class='ocrx_word' id='word_1_437' title='bbox 1195 1910 1249 1948; x_wconf 91' lang='lat' dir='ltr'>nec</span> <span class='ocrx_word' id='word_1_438' title='bbox 1265 1909 1380 1950; x_wconf 89' lang='lat' dir='ltr'>necesse</span> <span class='ocrx_word' id='word_1_439' title='bbox 1403 1900 1446 1948; x_wconf 90' lang='lat' dir='ltr'>est</span> <span class='ocrx_word' id='word_1_440' title='bbox 1474 1901 1506 1949; x_wconf 88' lang='lat' dir='ltr'>ut</span> <span class='ocrx_word' id='word_1_441' title='bbox 1524 1898 1554 1950; x_wconf 90' lang='lat' dir='ltr'>ln</span> <span class='ocrx_word' id='word_1_442' title='bbox 1566 1900 1660 1967; x_wconf 81' lang='lat' dir='ltr'>Papias</span> <span class='ocrx_word' id='word_1_443' title='bbox 1670 1905 1759 1952; x_wconf 87' lang='lat' dir='ltr'>castra</span> <span class='ocrx_word' id='word_1_444' title='bbox 1780 1899 1827 1952; x_wconf 90' lang='lat' dir='ltr'>hic</span> <span class='ocrx_word' id='word_1_445' title='bbox 1854 1904 1933 1952; x_wconf 73' lang='lat' dir='ltr'>hans</span> 
     </span>
     <span class='ocr_line' id='line_1_65' title="bbox 1123 1967 1947 2036; baseline 0.005 -18"><span class='ocrx_word' id='word_1_446' title='bbox 1123 1967 1346 2030; x_wconf 81' lang='lat' dir='ltr'>lissevidestur;</span> <span class='ocrx_word' id='word_1_447' title='bbox 1370 1971 1524 2020; x_wconf 90' lang='lat' dir='ltr'>suutenirn</span> <span class='ocrx_word' id='word_1_448' title='bbox 1548 1971 1597 2036; x_wconf 86' lang='lat' dir='ltr'>qui</span> <span class='ocrx_word' id='word_1_449' title='bbox 1630 1970 1722 2036; x_wconf 90' lang='lat' dir='ltr'>ipsum</span> <span class='ocrx_word' id='word_1_450' title='bbox 1747 1971 1845 2036; x_wconf 82' lang='lat' dir='ltr'>judicii</span> <span class='ocrx_word' id='word_1_451' title='bbox 1869 1972 1947 2023; x_wconf 89' lang='lat' dir='ltr'>diem</span> 
     </span>
    </p>
   </div>
   <div class='ocr_carea' id='block_1_21' title="bbox 1115 2039 1793 2095">
    <p class='ocr_par' dir='ltr' id='par_1_26' title="bbox 1115 2039 1793 2095">
     <span class='ocr_line' id='line_1_66' title="bbox 1115 2039 1793 2095; baseline 0.003 -5"><span class='ocrx_word' id='word_1_452' title='bbox 1115 2039 1199 2091; x_wconf 77' lang='lat' dir='ltr'>&#39;mille</span> <span class='ocrx_word' id='word_1_453' title='bbox 1213 2053 1351 2091; x_wconf 88' lang='lat' dir='ltr'>annorum</span> <span class='ocrx_word' id='word_1_454' title='bbox 1362 2053 1467 2092; x_wconf 89' lang='lat' dir='ltr'>moram</span> <span class='ocrx_word' id='word_1_455' title='bbox 1481 2040 1643 2094; x_wconf 88' lang='lat' dir='ltr'>habiturum</span> <span class='ocrx_word' id='word_1_456' title='bbox 1656 2046 1793 2095; x_wconf 87' lang='lat' dir='ltr'>statuunt.</span> 
     </span>
    </p>
   </div>
   <div class='ocr_carea' id='block_1_22' title="bbox 1124 2157 1948 2576">
    <p class='ocr_par' dir='ltr' id='par_1_27' title="bbox 1124 2157 1948 2576">
     <span class='ocr_line' id='line_1_67' title="bbox 1154 2157 1947 2220; baseline 0.006 -14"><span class='ocrx_word' id='word_1_457' title='bbox 1154 2157 1194 2206; x_wconf 80' lang='lat' dir='ltr'>Ad</span> <span class='ocrx_word' id='word_1_458' title='bbox 1223 2160 1321 2220; x_wconf 89' lang='lat' dir='ltr'>septem</span> <span class='ocrx_word' id='word_1_459' title='bbox 1342 2157 1471 2209; x_wconf 78' lang='lat' dir='ltr'>Ecclesiae</span> <span class='ocrx_word' id='word_1_460' title='bbox 1493 2159 1595 2210; x_wconf 84' lang='lat' dir='ltr'>scribit.</span> <span class='ocrx_word' id='word_1_461' title='bbox 1625 2159 1762 2212; x_wconf 89' lang='lat' dir='ltr'>Nimirum</span> <span class='ocrx_word' id='word_1_462' title='bbox 1784 2159 1819 2211; x_wconf 88' lang='lat' dir='ltr'>ad</span> <span class='ocrx_word' id='word_1_463' title='bbox 1842 2160 1947 2212; x_wconf 85' lang='lat' dir='ltr'>Roma-</span> 
     </span>
     <span class='ocr_line' id='line_1_68' title="bbox 1125 2227 1948 2298; baseline 0.007 -21"><span class='ocrx_word' id='word_1_464' title='bbox 1125 2241 1187 2290; x_wconf 89' lang='lat' dir='ltr'>nos,</span> <span class='ocrx_word' id='word_1_465' title='bbox 1226 2227 1401 2288; x_wconf 82' lang='lat' dir='ltr'>Corinthios.</span> <span class='ocrx_word' id='word_1_466' title='bbox 1417 2229 1539 2292; x_wconf 84' lang='lat' dir='ltr'>Galatas,</span> <span class='ocrx_word' id='word_1_467' title='bbox 1567 2231 1713 2296; x_wconf 78' lang='lat' dir='ltr'>Ephesios,</span> <span class='ocrx_word' id='word_1_468' title='bbox 1742 2231 1948 2298; x_wconf 77' lang='lat' dir='ltr'>Philippenses,</span> 
     </span>
     <span class='ocr_line' id='line_1_69' title="bbox 1125 2300 1948 2370; baseline 0.006 -19"><span class='ocrx_word' id='word_1_469' title='bbox 1125 2300 1304 2351; x_wconf 85' lang='lat' dir='ltr'>Colossenses</span> <span class='ocrx_word' id='word_1_470' title='bbox 1328 2304 1355 2353; x_wconf 92' lang='lat' dir='ltr'>et</span> <span class='ocrx_word' id='word_1_471' title='bbox 1367 2301 1638 2354; x_wconf 81' lang='lat' dir='ltr'>Thessalonicenses.</span> <span class='ocrx_word' id='word_1_472' title='bbox 1655 2302 1685 2356; x_wconf 90' lang='lat' dir='ltr'>Sl</span> <span class='ocrx_word' id='word_1_473' title='bbox 1700 2305 1861 2370; x_wconf 86' lang='lat' dir='ltr'>requiratur</span> <span class='ocrx_word' id='word_1_474' title='bbox 1887 2319 1948 2370; x_wconf 77' lang='lat' dir='ltr'>quo</span> 
     </span>
     <span class='ocr_line' id='line_1_70' title="bbox 1124 2370 1947 2438; baseline 0.009 -18"><span class='ocrx_word' id='word_1_475' title='bbox 1124 2371 1152 2420; x_wconf 94' lang='lat' dir='ltr'>in</span> <span class='ocrx_word' id='word_1_476' title='bbox 1179 2370 1240 2422; x_wconf 90' lang='lat' dir='ltr'>loco</span> <span class='ocrx_word' id='word_1_477' title='bbox 1265 2372 1376 2435; x_wconf 84' lang='lat' dir='ltr'>Paulus,</span> <span class='ocrx_word' id='word_1_478' title='bbox 1389 2373 1469 2437; x_wconf 79' lang='lat' dir='ltr'>liujus</span> <span class='ocrx_word' id='word_1_479' title='bbox 1497 2373 1609 2438; x_wconf 83' lang='lat' dir='ltr'>iepittmi</span> <span class='ocrx_word' id='word_1_480' title='bbox 1637 2376 1743 2426; x_wconf 85' lang='lat' dir='ltr'>numeri</span> <span class='ocrx_word' id='word_1_481' title='bbox 1760 2380 1783 2426; x_wconf 90' lang='lat' dir='ltr'>el</span> <span class='ocrx_word' id='word_1_482' title='bbox 1800 2378 1867 2427; x_wconf 81' lang='lat' dir='ltr'>certi</span> <span class='ocrx_word' id='word_1_483' title='bbox 1890 2391 1947 2427; x_wconf 88' lang='lat' dir='ltr'>nse·</span> 
     </span>
     <span class='ocr_line' id='line_1_71' title="bbox 1124 2444 1948 2512; baseline 0.004 -19"><span class='ocrx_word' id='word_1_484' title='bbox 1124 2445 1242 2506; x_wconf 80' lang='lat' dir='ltr'>suinae-it,</span> <span class='ocrx_word' id='word_1_485' title='bbox 1255 2444 1324 2496; x_wconf 88' lang='lat' dir='ltr'>ioris</span> <span class='ocrx_word' id='word_1_486' title='bbox 1337 2445 1489 2496; x_wconf 88' lang='lat' dir='ltr'>dicendum</span> <span class='ocrx_word' id='word_1_487' title='bbox 1507 2445 1561 2497; x_wconf 92' lang='lat' dir='ltr'>hoc</span> <span class='ocrx_word' id='word_1_488' title='bbox 1571 2445 1606 2497; x_wconf 91' lang='lat' dir='ltr'>ab</span> <span class='ocrx_word' id='word_1_489' title='bbox 1623 2459 1657 2498; x_wconf 92' lang='lat' dir='ltr'>eo</span> <span class='ocrx_word' id='word_1_490' title='bbox 1669 2447 1835 2512; x_wconf 84' lang='lat' dir='ltr'>praestitum,</span> <span class='ocrx_word' id='word_1_491' title='bbox 1858 2447 1948 2499; x_wconf 82' lang='lat' dir='ltr'>Hebr.</span> 
     </span>
     <span class='ocr_line' id='line_1_72' title="bbox 1124 2515 1222 2576; baseline 0 -11"><span class='ocrx_word' id='word_1_492' title='bbox 1124 2515 1222 2576; x_wconf 84' lang='lat' dir='ltr'>x1‚3tl.</span> 
     </span>
    </p>
   </div>
   <div class='ocr_carea' id='block_1_23' title="bbox 1124 2625 1951 2983">
    <p class='ocr_par' dir='ltr' id='par_1_28' title="bbox 1124 2625 1951 2983">
     <span class='ocr_line' id='line_1_73' title="bbox 1158 2625 1947 2691; baseline 0.009 -19"><span class='ocrx_word' id='word_1_493' title='bbox 1158 2625 1215 2674; x_wconf 84' lang='lat' dir='ltr'>ltnu</span> <span class='ocrx_word' id='word_1_494' title='bbox 1241 2637 1319 2689; x_wconf 83' lang='lat' dir='ltr'>super·</span> <span class='ocrx_word' id='word_1_495' title='bbox 1338 2629 1448 2689; x_wconf 86' lang='lat' dir='ltr'>petram.</span> <span class='ocrx_word' id='word_1_496' title='bbox 1480 2625 1591 2678; x_wconf 87' lang='lat' dir='ltr'>Primus</span> <span class='ocrx_word' id='word_1_497' title='bbox 1613 2626 1661 2691; x_wconf 83' lang='lat' dir='ltr'>qui</span> <span class='ocrx_word' id='word_1_498' title='bbox 1687 2626 1837 2679; x_wconf 87' lang='lat' dir='ltr'>lectionem</span> <span class='ocrx_word' id='word_1_499' title='bbox 1868 2625 1947 2679; x_wconf 87' lang='lat' dir='ltr'>hanc</span> 
     </span>
     <span class='ocr_line' id='line_1_74' title="bbox 1124 2696 1947 2761; baseline 0.001 -14"><span class='ocrx_word' id='word_1_500' title='bbox 1124 2696 1243 2748; x_wconf 84' lang='lat' dir='ltr'>mutavit</span> <span class='ocrx_word' id='word_1_501' title='bbox 1265 2700 1298 2754; x_wconf 74' lang='lat' dir='ltr'>¹et</span> <span class='ocrx_word' id='word_1_502' title='bbox 1319 2696 1425 2746; x_wconf 86' lang='lat' dir='ltr'>Petrum</span> <span class='ocrx_word' id='word_1_503' title='bbox 1454 2697 1579 2761; x_wconf 79' lang='lat' dir='ltr'>reposuit</span> <span class='ocrx_word' id='word_1_504' title='bbox 1618 2702 1676 2750; x_wconf 89' lang='lat' dir='ltr'>eret</span> <span class='ocrx_word' id='word_1_505' title='bbox 1701 2699 1852 2750; x_wconf 75' lang='lat' dir='ltr'>Manutius.</span> <span class='ocrx_word' id='word_1_506' title='bbox 1877 2697 1947 2748; x_wconf 83' lang='lat' dir='ltr'>vid.</span> 
     </span>
     <span class='ocr_line' id='line_1_75' title="bbox 1125 2775 1949 2843; baseline 0.002 -17"><span class='ocrx_word' id='word_1_507' title='bbox 1125 2789 1186 2842; x_wconf 85' lang='lat' dir='ltr'>quas</span> <span class='ocrx_word' id='word_1_508' title='bbox 1203 2775 1326 2827; x_wconf 80' lang='lat' dir='ltr'>dictand</span> <span class='ocrx_word' id='word_1_509' title='bbox 1350 2775 1566 2828; x_wconf 70' lang='lat' dir='ltr'>libertinitate</span> <span class='ocrx_word' id='word_1_510' title='bbox 1592 2776 1721 2838; x_wconf 77' lang='lat' dir='ltr'>Ecclesiae,</span> <span class='ocrx_word' id='word_1_511' title='bbox 1745 2792 1775 2843; x_wconf 92' lang='lat' dir='ltr'>p.</span> <span class='ocrx_word' id='word_1_512' title='bbox 1802 2779 1843 2830; x_wconf 85' lang='grc'><strong>71.</strong></span> <span class='ocrx_word' id='word_1_513' title='bbox 1860 2777 1949 2828; x_wconf 79' lang='lat' dir='ltr'>Porro</span> 
     </span>
     <span class='ocr_line' id='line_1_76' title="bbox 1124 2847 1948 2901; baseline 0.001 -3"><span class='ocrx_word' id='word_1_514' title='bbox 1124 2851 1237 2900; x_wconf 86' lang='lat' dir='ltr'>nolet-ur</span> <span class='ocrx_word' id='word_1_515' title='bbox 1258 2847 1426 2899; x_wconf 88' lang='lat' dir='ltr'>sententiam</span> <span class='ocrx_word' id='word_1_516' title='bbox 1451 2852 1576 2900; x_wconf 89' lang='lat' dir='ltr'>nostram</span> <span class='ocrx_word' id='word_1_517' title='bbox 1591 2848 1627 2901; x_wconf 92' lang='lat' dir='ltr'>de</span> <span class='ocrx_word' id='word_1_518' title='bbox 1653 2850 1823 2901; x_wconf 79' lang='lat' dir='ltr'>assumentis</span> <span class='ocrx_word' id='word_1_519' title='bbox 1852 2849 1948 2901; x_wconf 83' lang='lat' dir='ltr'>textui</span> 
     </span>
     <span class='ocr_line' id='line_1_77' title="bbox 1124 2916 1951 2983; baseline -0.001 -12"><span class='ocrx_word' id='word_1_520' title='bbox 1124 2918 1256 2983; x_wconf 84' lang='lat' dir='ltr'>Cypriani</span> <span class='ocrx_word' id='word_1_521' title='bbox 1283 2917 1343 2968; x_wconf 90' lang='lat' dir='ltr'>illic</span> <span class='ocrx_word' id='word_1_522' title='bbox 1368 2916 1471 2968; x_wconf 87' lang='lat' dir='ltr'>additis</span> <span class='ocrx_word' id='word_1_523' title='bbox 1495 2920 1588 2972; x_wconf 81' lang='lat' dir='ltr'>arira</span> <span class='ocrx_word' id='word_1_524' title='bbox 1613 2920 1821 2974; x_wconf 87' lang='lat' dir='ltr'>consultissimo</span> <span class='ocrx_word' id='word_1_525' title='bbox 1846 2919 1951 2970; x_wconf 74' lang='lat' dir='ltr'>latino</span> 
     </span>
    </p>
   </div>
   <div class='ocr_carea' id='block_1_24' title="bbox 1125 2988 1948 3120">
    <p class='ocr_par' dir='ltr' id='par_1_29' title="bbox 1125 2988 1948 3120">
     <span class='ocr_line' id='line_1_78' title="bbox 1125 2988 1948 3057; baseline -0.004 -14"><span class='ocrx_word' id='word_1_526' title='bbox 1125 2991 1241 3048; x_wconf 83' lang='lat' dir='ltr'>Latinio,</span> <span class='ocrx_word' id='word_1_527' title='bbox 1262 2989 1289 3040; x_wconf 87' lang='lat' dir='ltr'>iu</span> <span class='ocrx_word' id='word_1_528' title='bbox 1308 2991 1368 3054; x_wconf 86' lang='lat' dir='ltr'>ejus</span> <span class='ocrx_word' id='word_1_529' title='bbox 1399 2988 1558 3042; x_wconf 77' lang='lat' dir='ltr'>Bibliotheca</span> <span class='ocrx_word' id='word_1_530' title='bbox 1608 3005 1686 3043; x_wconf 84' lang='lat' dir='ltr'>secra</span> <span class='ocrx_word' id='word_1_531' title='bbox 1709 2995 1733 3043; x_wconf 88' lang='lat' dir='ltr'>sl</span> <span class='ocrx_word' id='word_1_532' title='bbox 1755 2991 1874 3057; x_wconf 72' lang='lat' dir='ltr'>pruteno</span> <span class='ocrx_word' id='word_1_533' title='bbox 1899 3005 1948 3041; x_wconf 90' lang='lat' dir='ltr'>an:</span> 
     </span>
     <span class='ocr_line' id='line_1_79' title="bbox 1128 3051 1947 3120; baseline -0.002 -15"><span class='ocrx_word' id='word_1_534' title='bbox 1128 3055 1187 3105; x_wconf 78' lang='lat' dir='ltr'>litii</span> <span class='ocrx_word' id='word_1_535' title='bbox 1210 3051 1304 3104; x_wconf 80' lang='lat' dir='ltr'>ltomae</span> <span class='ocrx_word' id='word_1_536' title='bbox 1321 3051 1404 3112; x_wconf 86' lang='lat' dir='ltr'>edita,</span> <span class='ocrx_word' id='word_1_537' title='bbox 1438 3067 1464 3117; x_wconf 89' lang='lat' dir='ltr'>p.</span> <span class='ocrx_word' id='word_1_538' title='bbox 1480 3054 1527 3104; x_wconf 84' lang='grc'>178</span> <span class='ocrx_word' id='word_1_539' title='bbox 1538 3055 1566 3105; x_wconf 88' lang='grc' dir='ltr'>ει</span> <span class='ocrx_word' id='word_1_540' title='bbox 1578 3055 1636 3117; x_wconf 87' lang='grc'><strong>179,</strong></span> <span class='ocrx_word' id='word_1_541' title='bbox 1648 3053 1758 3120; x_wconf 88' lang='lat' dir='ltr'>egregie</span> <span class='ocrx_word' id='word_1_542' title='bbox 1772 3053 1947 3108; x_wconf 79' lang='lat' dir='ltr'>confirmari.</span> 
     </span>
    </p>
   </div>
   <div class='ocr_carea' id='block_1_25' title="bbox 1083 3121 1951 3200">
    <p class='ocr_par' dir='ltr' id='par_1_30' title="bbox 1083 3121 1951 3200">
     <span class='ocr_line' id='line_1_80' title="bbox 1083 3121 1951 3200; baseline 0.022 -27"><span class='ocrx_word' id='word_1_543' title='bbox 1083 3127 1111 3200; x_wconf 65' lang='lat' dir='ltr'>(J</span> <span class='ocrx_word' id='word_1_544' title='bbox 1123 3123 1321 3175; x_wconf 88' lang='lat' dir='ltr'>Disertissimls</span> <span class='ocrx_word' id='word_1_545' title='bbox 1341 3121 1482 3176; x_wconf 81' lang='lat' dir='ltr'>verbisait</span> <span class='ocrx_word' id='word_1_546' title='bbox 1501 3123 1642 3190; x_wconf 84' lang='lat' dir='ltr'>dominus,</span> <span class='ocrx_word' id='word_1_547' title='bbox 1663 3123 1703 3174; x_wconf 78' lang='lat' dir='ltr'>iet</span> <span class='ocrx_word' id='word_1_548' title='bbox 1719 3123 1796 3188; x_wconf 62' lang='grc' dir='ltr'>ταῦηι</span> <span class='ocrx_word' id='word_1_549' title='bbox 1820 3129 1851 3188; x_wconf 64' lang='lat' dir='ltr'>th</span> <span class='ocrx_word' id='word_1_550' title='bbox 1873 3123 1951 3190; x_wconf 59' lang='lat' dir='ltr'>&#39;sti‘</span> 
     </span>
    </p>
   </div>
   <div class='ocr_carea' id='block_1_26' title="bbox 1125 3194 1284 3258">
    <p class='ocr_par' dir='ltr' id='par_1_31' title="bbox 1125 3194 1284 3258">
     <span class='ocr_line' id='line_1_81' title="bbox 1125 3194 1284 3258; baseline -0.019 -14"><span class='ocrx_word' id='word_1_551' title='bbox 1125 3194 1284 3258; x_wconf 77' lang='lat' dir='ltr'>clsodcpnues.</span> 
     </span>
    </p>
   </div>
   <div class='ocr_carea' id='block_1_27' title="bbox 1126 3301 1950 3425">
    <p class='ocr_par' dir='ltr' id='par_1_32' title="bbox 1126 3301 1950 3425">
     <span class='ocr_line' id='line_1_82' title="bbox 1157 3301 1950 3368; baseline 0 -14"><span class='ocrx_word' id='word_1_552' title='bbox 1157 3303 1209 3354; x_wconf 84' lang='lat' dir='ltr'>Nee</span> <span class='ocrx_word' id='word_1_553' title='bbox 1233 3307 1316 3353; x_wconf 85' lang='lat' dir='ltr'>nocal.</span> <span class='ocrx_word' id='word_1_554' title='bbox 1341 3301 1472 3366; x_wconf 82' lang='lat' dir='ltr'>Myslerio</span> <span class='ocrx_word' id='word_1_555' title='bbox 1495 3302 1556 3356; x_wconf 88' lang='lat' dir='ltr'>scil.</span> <span class='ocrx_word' id='word_1_556' title='bbox 1570 3303 1638 3368; x_wconf 82' lang='lat' dir='ltr'>sire,</span> <span class='ocrx_word' id='word_1_557' title='bbox 1653 3316 1710 3355; x_wconf 90' lang='lat' dir='ltr'>non</span> <span class='ocrx_word' id='word_1_558' title='bbox 1748 3305 1847 3354; x_wconf 88' lang='lat' dir='ltr'>earet:</span> <span class='ocrx_word' id='word_1_559' title='bbox 1871 3301 1950 3354; x_wconf 84' lang='lat' dir='ltr'>haud</span> 
     </span>
     <span class='ocr_line' id='line_1_83' title="bbox 1126 3373 1520 3425; baseline 0 -1"><span class='ocrx_word' id='word_1_560' title='bbox 1126 3375 1231 3425; x_wconf 88' lang='lat' dir='ltr'>temere</span> <span class='ocrx_word' id='word_1_561' title='bbox 1244 3377 1292 3424; x_wconf 87' lang='lat' dir='ltr'>eut</span> <span class='ocrx_word' id='word_1_562' title='bbox 1308 3373 1321 3422; x_wconf 89' lang='grc'>1</span> <span class='ocrx_word' id='word_1_563' title='bbox 1322 3385 1397 3424; x_wconf 89' lang='lat' dir='ltr'>ruera</span> <span class='ocrx_word' id='word_1_564' title='bbox 1408 3373 1520 3425; x_wconf 89' lang='lat' dir='ltr'>dicitur.</span> 
     </span>
    </p>
   </div>
   <div class='ocr_carea' id='block_1_28' title="bbox 1127 3492 1952 4201">
    <p class='ocr_par' dir='ltr' id='par_1_33' title="bbox 1127 3492 1952 4201">
     <span class='ocr_line' id='line_1_84' title="bbox 1158 3492 1952 3558; baseline -0.006 -9"><span class='ocrx_word' id='word_1_565' title='bbox 1158 3496 1210 3549; x_wconf 87' lang='lat' dir='ltr'>Nec</span> <span class='ocrx_word' id='word_1_566' title='bbox 1241 3492 1356 3557; x_wconf 71' lang='lat' dir='ltr'>[rutrum</span> <span class='ocrx_word' id='word_1_567' title='bbox 1394 3507 1496 3558; x_wconf 83' lang='lat' dir='ltr'>presens</span> <span class='ocrx_word' id='word_1_568' title='bbox 1541 3492 1735 3558; x_wconf 72' lang='lat' dir='ltr'>protulerunt.</span> <span class='ocrx_word' id='word_1_569' title='bbox 1779 3493 1952 3558; x_wconf 85' lang='lat' dir='ltr'>Perstringit</span> 
     </span>
     <span class='ocr_line' id='line_1_85' title="bbox 1128 3565 1946 3631; baseline -0.001 -13"><span class='ocrx_word' id='word_1_570' title='bbox 1128 3569 1262 3629; x_wconf 82' lang='lat' dir='ltr'>martyres</span> <span class='ocrx_word' id='word_1_571' title='bbox 1287 3566 1338 3630; x_wconf 88' lang='lat' dir='ltr'>qui</span> <span class='ocrx_word' id='word_1_572' title='bbox 1363 3566 1472 3618; x_wconf 84' lang='lat' dir='ltr'>veniam</span> <span class='ocrx_word' id='word_1_573' title='bbox 1495 3565 1670 3631; x_wconf 87' lang='lat' dir='ltr'>quibuslibet</span> <span class='ocrx_word' id='word_1_574' title='bbox 1687 3565 1779 3616; x_wconf 88' lang='lat' dir='ltr'>lacere</span> <span class='ocrx_word' id='word_1_575' title='bbox 1800 3577 1831 3616; x_wconf 87' lang='lat' dir='ltr'>ee</span> <span class='ocrx_word' id='word_1_576' title='bbox 1860 3577 1946 3628; x_wconf 83' lang='lat' dir='ltr'>pesse</span> 
     </span>
     <span class='ocr_line' id='line_1_86' title="bbox 1127 3635 1946 3702; baseline 0 -16"><span class='ocrx_word' id='word_1_577' title='bbox 1127 3635 1270 3702; x_wconf 86' lang='lat' dir='ltr'>putebant.</span> <span class='ocrx_word' id='word_1_578' title='bbox 1296 3635 1459 3688; x_wconf 81' lang='lat' dir='ltr'>Tertullien.</span> <span class='ocrx_word' id='word_1_579' title='bbox 1492 3636 1524 3686; x_wconf 89' lang='lat' dir='ltr'>de</span> <span class='ocrx_word' id='word_1_580' title='bbox 1559 3635 1640 3688; x_wconf 80' lang='lat' dir='ltr'>Pudic</span> <span class='ocrx_word' id='word_1_581' title='bbox 1674 3635 1746 3688; x_wconf 90' lang='lat' dir='ltr'>libro</span> <span class='ocrx_word' id='word_1_582' title='bbox 1774 3636 1841 3686; x_wconf 75' lang='lat' dir='ltr'>saus</span> <span class='ocrx_word' id='word_1_583' title='bbox 1870 3635 1946 3686; x_wconf 86' lang='lat' dir='ltr'>malo</span> 
     </span>
     <span class='ocr_line' id='line_1_87' title="bbox 1127 3706 1949 3773; baseline 0.004 -15"><span class='ocrx_word' id='word_1_584' title='bbox 1127 3721 1185 3759; x_wconf 89' lang='lat' dir='ltr'>non</span> <span class='ocrx_word' id='word_1_585' title='bbox 1203 3707 1276 3758; x_wconf 87' lang='lat' dir='ltr'>male</span> <span class='ocrx_word' id='word_1_586' title='bbox 1300 3708 1338 3759; x_wconf 88' lang='lat' dir='ltr'>ait</span> <span class='ocrx_word' id='word_1_587' title='bbox 1354 3723 1385 3758; x_wconf 80' lang='lat' dir='ltr'>:e</span> <span class='ocrx_word' id='word_1_588' title='bbox 1411 3706 1540 3760; x_wconf 82' lang='lat' dir='ltr'>Sufficiat</span> <span class='ocrx_word' id='word_1_589' title='bbox 1569 3708 1682 3773; x_wconf 80' lang='lat' dir='ltr'>martyri</span> <span class='ocrx_word' id='word_1_590' title='bbox 1709 3708 1818 3772; x_wconf 86' lang='lat' dir='ltr'>propris</span> <span class='ocrx_word' id='word_1_591' title='bbox 1845 3707 1949 3760; x_wconf 83' lang='lat' dir='ltr'>delicta</span> 
     </span>
     <span class='ocr_line' id='line_1_88' title="bbox 1128 3777 1951 3844; baseline 0.002 -15"><span class='ocrx_word' id='word_1_592' title='bbox 1128 3791 1269 3844; x_wconf 77' lang='lat' dir='ltr'>purgasse.</span> <span class='ocrx_word' id='word_1_593' title='bbox 1293 3779 1395 3843; x_wconf 88' lang='lat' dir='ltr'>ingrati</span> <span class='ocrx_word' id='word_1_594' title='bbox 1421 3777 1466 3830; x_wconf 84' lang='lat' dir='ltr'>vel</span> <span class='ocrx_word' id='word_1_595' title='bbox 1482 3778 1596 3844; x_wconf 88' lang='lat' dir='ltr'>superbi</span> <span class='ocrx_word' id='word_1_596' title='bbox 1624 3783 1669 3831; x_wconf 91' lang='lat' dir='ltr'>est</span> <span class='ocrx_word' id='word_1_597' title='bbox 1685 3779 1715 3830; x_wconf 91' lang='lat' dir='ltr'>in</span> <span class='ocrx_word' id='word_1_598' title='bbox 1736 3779 1807 3830; x_wconf 86' lang='lat' dir='ltr'>alios</span> <span class='ocrx_word' id='word_1_599' title='bbox 1833 3792 1951 3844; x_wconf 82' lang='lat' dir='ltr'>quoqne</span> 
     </span>
     <span class='ocr_line' id='line_1_89' title="bbox 1128 3849 1948 3915; baseline -0.001 -14"><span class='ocrx_word' id='word_1_600' title='bbox 1128 3863 1258 3915; x_wconf 87' lang='lat' dir='ltr'>spargere</span> <span class='ocrx_word' id='word_1_601' title='bbox 1269 3849 1344 3915; x_wconf 83' lang='lat' dir='ltr'>quod</span> <span class='ocrx_word' id='word_1_602' title='bbox 1370 3863 1420 3914; x_wconf 93' lang='lat' dir='ltr'>pro</span> <span class='ocrx_word' id='word_1_603' title='bbox 1447 3863 1549 3915; x_wconf 92' lang='lat' dir='ltr'>magno</span> <span class='ocrx_word' id='word_1_604' title='bbox 1565 3851 1648 3902; x_wconf 88' lang='lat' dir='ltr'>inerit</span> <span class='ocrx_word' id='word_1_605' title='bbox 1675 3853 1853 3903; x_wconf 87' lang='lat' dir='ltr'>consecutus.</span> <span class='ocrx_word' id='word_1_606' title='bbox 1872 3849 1948 3914; x_wconf 85' lang='lat' dir='ltr'>Quis</span> 
     </span>
     <span class='ocr_line' id='line_1_90' title="bbox 1128 3921 1950 3984; baseline 0 -11"><span class='ocrx_word' id='word_1_607' title='bbox 1128 3923 1248 3973; x_wconf 88' lang='lat' dir='ltr'>alienam</span> <span class='ocrx_word' id='word_1_608' title='bbox 1276 3925 1395 3974; x_wconf 87' lang='lat' dir='ltr'>mortem</span> <span class='ocrx_word' id='word_1_609' title='bbox 1417 3935 1468 3974; x_wconf 86' lang='lat' dir='ltr'>suu</span> <span class='ocrx_word' id='word_1_610' title='bbox 1490 3923 1583 3984; x_wconf 80' lang='lat' dir='ltr'>solvit,</span> <span class='ocrx_word' id='word_1_611' title='bbox 1612 3923 1666 3974; x_wconf 87' lang='lat' dir='ltr'>niel</span> <span class='ocrx_word' id='word_1_612' title='bbox 1684 3922 1762 3974; x_wconf 88' lang='lat' dir='ltr'>solua</span> <span class='ocrx_word' id='word_1_613' title='bbox 1776 3922 1825 3974; x_wconf 83' lang='lat' dir='ltr'>Dei</span> <span class='ocrx_word' id='word_1_614' title='bbox 1846 3921 1950 3975; x_wconf 78' lang='lat' dir='ltr'>Filius.</span> 
     </span>
     <span class='ocr_line' id='line_1_91' title="bbox 1128 3992 1952 4058; baseline -0.002 -12"><span class='ocrx_word' id='word_1_615' title='bbox 1128 3995 1198 4046; x_wconf 86' lang='lat' dir='ltr'>Nam</span> <span class='ocrx_word' id='word_1_616' title='bbox 1222 3998 1251 4046; x_wconf 90' lang='grc' dir='ltr'>ει</span> <span class='ocrx_word' id='word_1_617' title='bbox 1279 3994 1307 4044; x_wconf 94' lang='lat' dir='ltr'>in</span> <span class='ocrx_word' id='word_1_618' title='bbox 1340 3993 1399 4058; x_wconf 86' lang='lat' dir='ltr'>lpse</span> <span class='ocrx_word' id='word_1_619' title='bbox 1421 3994 1550 4058; x_wconf 86' lang='lat' dir='ltr'>passione</span> <span class='ocrx_word' id='word_1_620' title='bbox 1580 3992 1710 4046; x_wconf 79' lang='lat' dir='ltr'>liberarit</span> <span class='ocrx_word' id='word_1_621' title='bbox 1728 3994 1878 4046; x_wconf 86' lang='lat' dir='ltr'>latronem.</span> <span class='ocrx_word' id='word_1_622' title='bbox 1905 3993 1952 4046; x_wconf 77' lang='lat' dir='ltr'>hd</span> 
     </span>
     <span class='ocr_line' id='line_1_92' title="bbox 1128 4063 1950 4130; baseline 0 -14"><span class='ocrx_word' id='word_1_623' title='bbox 1128 4063 1183 4116; x_wconf 92' lang='lat' dir='ltr'>hoc</span> <span class='ocrx_word' id='word_1_624' title='bbox 1196 4063 1272 4115; x_wconf 85' lang='lat' dir='ltr'>enim</span> <span class='ocrx_word' id='word_1_625' title='bbox 1288 4067 1411 4126; x_wconf 86' lang='lat' dir='ltr'>venerat,</span> <span class='ocrx_word' id='word_1_626' title='bbox 1426 4068 1458 4116; x_wconf 87' lang='lat' dir='ltr'>ut</span> <span class='ocrx_word' id='word_1_627' title='bbox 1484 4065 1543 4130; x_wconf 86' lang='lat' dir='ltr'>ipae</span> <span class='ocrx_word' id='word_1_628' title='bbox 1568 4065 1699 4118; x_wconf 88' lang='lat' dir='ltr'>adelicto</span> <span class='ocrx_word' id='word_1_629' title='bbox 1725 4079 1823 4130; x_wconf 85' lang='lat' dir='ltr'>purus,</span> <span class='ocrx_word' id='word_1_630' title='bbox 1843 4069 1875 4118; x_wconf 90' lang='lat' dir='ltr'>et</span> <span class='ocrx_word' id='word_1_631' title='bbox 1888 4079 1950 4116; x_wconf 88' lang='lat' dir='ltr'>osn-</span> 
     </span>
     <span class='ocr_line' id='line_1_93' title="bbox 1128 4136 1951 4201; baseline 0.004 -15"><span class='ocrx_word' id='word_1_632' title='bbox 1128 4137 1175 4187; x_wconf 89' lang='lat' dir='ltr'>nia</span> <span class='ocrx_word' id='word_1_633' title='bbox 1215 4139 1330 4186; x_wconf 88' lang='lat' dir='ltr'>sanctus</span> <span class='ocrx_word' id='word_1_634' title='bbox 1372 4150 1421 4200; x_wconf 92' lang='lat' dir='ltr'>pro</span> <span class='ocrx_word' id='word_1_635' title='bbox 1462 4136 1656 4201; x_wconf 85' lang='lat' dir='ltr'>peccatoribus</span> <span class='ocrx_word' id='word_1_636' title='bbox 1690 4136 1789 4190; x_wconf 87' lang='lat' dir='ltr'>obiret.</span> <span class='ocrx_word' id='word_1_637' title='bbox 1830 4137 1951 4190; x_wconf 81' lang='lat' dir='ltr'>Proinde</span> 
     </span>
    </p>
   </div>
   <div class='ocr_carea' id='block_1_29' title="bbox 263 4205 1950 4284">
    <p class='ocr_par' dir='ltr' id='par_1_34' title="bbox 263 4205 1950 4284">
     <span class='ocr_line' id='line_1_94' title="bbox 263 4205 1950 4284; baseline 0.013 -30"><span class='ocrx_word' id='word_1_638' title='bbox 263 4205 487 4270; x_wconf 72' lang='lat' dir='ltr'>praetermissor</span> <span class='ocrx_word' id='word_1_639' title='bbox 502 4207 598 4276; x_wconf 78' lang='lat' dir='ltr'>tegunt</span> <span class='ocrx_word' id='word_1_640' title='bbox 614 4213 829 4279; x_wconf 50' lang='lat' dir='ltr'>solonacensi</span> <span class='ocrx_word' id='word_1_641' title='bbox 845 4219 938 4270; x_wconf 75' lang='lat' dir='ltr'>statim</span> <span class='ocrx_word' id='word_1_642' title='bbox 953 4225 995 4284; x_wconf 67' lang='lat' dir='ltr'>rr&lt;</span> <span class='ocrx_word' id='word_1_643' title='bbox 1014 4221 1082 4281; x_wconf 72' lang='grc' dir='ltr'><strong>εεεης</strong></span> <span class='ocrx_word' id='word_1_644' title='bbox 1129 4207 1178 4272; x_wconf 75' lang='lat' dir='ltr'>qut</span> <span class='ocrx_word' id='word_1_645' title='bbox 1195 4206 1275 4258; x_wconf 80' lang='lat' dir='ltr'>rtrum</span> <span class='ocrx_word' id='word_1_646' title='bbox 1290 4206 1439 4270; x_wconf 75' lang='lat' dir='ltr'>emulans,</span> <span class='ocrx_word' id='word_1_647' title='bbox 1456 4209 1481 4260; x_wconf 65' lang='grc' dir='ltr'><strong>εἰ</strong></span> <span class='ocrx_word' id='word_1_648' title='bbox 1508 4207 1580 4260; x_wconf 80' lang='lat' dir='ltr'>nihil</span> <span class='ocrx_word' id='word_1_649' title='bbox 1607 4209 1666 4274; x_wconf 80' lang='lat' dir='ltr'>ipss</span> <span class='ocrx_word' id='word_1_650' title='bbox 1696 4208 1850 4274; x_wconf 78' lang='lat' dir='ltr'>deliquisti,</span> <span class='ocrx_word' id='word_1_651' title='bbox 1864 4208 1950 4274; x_wconf 78' lang='lat' dir='ltr'>pune</span> 
     </span>
    </p>
   </div>
   <div class='ocr_carea' id='block_1_30' title="bbox 261 4275 1079 4492">
    <p class='ocr_par' dir='ltr' id='par_1_35' title="bbox 261 4275 1079 4492">
     <span class='ocr_line' id='line_1_95' title="bbox 261 4275 446 4340; baseline 0.016 -18"><span class='ocrx_word' id='word_1_652' title='bbox 261 4276 306 4336; x_wconf 74' lang='grc' dir='ltr'>τῆς</span> <span class='ocrx_word' id='word_1_653' title='bbox 316 4275 446 4340; x_wconf 72' lang='grc' dir='ltr'><strong>δυνάμεως.</strong></span> 
     </span>
     <span class='ocr_line' id='line_1_96' title="bbox 297 4347 1079 4428; baseline 0.027 -33"><span class='ocrx_word' id='word_1_654' title='bbox 297 4347 401 4397; x_wconf 78' lang='lat' dir='ltr'>Domine</span> <span class='ocrx_word' id='word_1_655' title='bbox 435 4361 537 4402; x_wconf 82' lang='lat' dir='ltr'>nomen</span> <span class='ocrx_word' id='word_1_656' title='bbox 572 4355 630 4406; x_wconf 86' lang='lat' dir='ltr'>Non</span> <span class='ocrx_word' id='word_1_657' title='bbox 654 4355 757 4421; x_wconf 79' lang='grc' dir='ltr'><strong>πνεῦμα,</strong></span> <span class='ocrx_word' id='word_1_658' title='bbox 789 4358 839 4410; x_wconf 90' lang='lat' dir='ltr'>sed</span> <span class='ocrx_word' id='word_1_659' title='bbox 870 4359 947 4425; x_wconf 80' lang='grc' dir='ltr'><strong>ὄνομα</strong></span> <span class='ocrx_word' id='word_1_660' title='bbox 980 4363 1079 4428; x_wconf 79' lang='lat' dir='ltr'>legisse</span> 
     </span>
     <span class='ocr_line' id='line_1_97' title="bbox 263 4415 761 4492; baseline 0.022 -25"><span class='ocrx_word' id='word_1_661' title='bbox 263 4415 375 4468; x_wconf 80' lang='lat' dir='ltr'>ridetur</span> <span class='ocrx_word' id='word_1_662' title='bbox 388 4423 491 4484; x_wconf 86' lang='lat' dir='ltr'>noster,</span> <span class='ocrx_word' id='word_1_663' title='bbox 501 4425 530 4474; x_wconf 93' lang='grc' dir='ltr'>ει</span> <span class='ocrx_word' id='word_1_664' title='bbox 545 4437 596 4487; x_wconf 92' lang='lat' dir='ltr'>pro</span> <span class='ocrx_word' id='word_1_665' title='bbox 606 4441 676 4488; x_wconf 76' lang='grc' dir='ltr'><strong>υμας,</strong></span> <span class='ocrx_word' id='word_1_666' title='bbox 690 4429 761 4492; x_wconf 78' lang='grc' dir='ltr'><strong>ἡμας.</strong></span> 
     </span>
    </p>
   </div>
   <div class='ocr_carea' id='block_1_31' title="bbox 296 4487 1118 4584">
    <p class='ocr_par' dir='ltr' id='par_1_36' title="bbox 296 4487 1118 4584">
     <span class='ocr_line' id='line_1_98' title="bbox 296 4487 1118 4584; baseline 0.024 -47"><span class='ocrx_word' id='word_1_667' title='bbox 296 4487 491 4552; x_wconf 79' lang='lat' dir='ltr'>Gepulotisunl</span> <span class='ocrx_word' id='word_1_668' title='bbox 502 4495 586 4557; x_wconf 85' lang='lat' dir='ltr'>pedes.</span> <span class='ocrx_word' id='word_1_669' title='bbox 600 4497 675 4550; x_wconf 81' lang='lat' dir='ltr'>Lxx</span> <span class='ocrx_word' id='word_1_670' title='bbox 687 4515 693 4549; x_wconf 91' lang='lat'><strong>:</strong></span> <span class='ocrx_word' id='word_1_671' title='bbox 707 4501 785 4551; x_wconf 78' lang='grc' dir='ltr'><strong>Αυτοι</strong></span> <span class='ocrx_word' id='word_1_672' title='bbox 798 4503 1008 4562; x_wconf 73' lang='grc' dir='ltr'><strong>συνεποδισθηοαν.</strong></span> <span class='ocrx_word' id='word_1_673' title='bbox 1086 4509 1118 4584; x_wconf 59' lang='grc' dir='ltr'>ἶ)</span> 
     </span>
    </p>
   </div>
   <div class='ocr_carea' id='block_1_32' title="bbox 265 4560 1079 4699">
    <p class='ocr_par' dir='ltr' id='par_1_37' title="bbox 265 4560 1079 4699">
     <span class='ocr_line' id='line_1_99' title="bbox 300 4560 1079 4638; baseline 0.027 -30"><span class='ocrx_word' id='word_1_674' title='bbox 300 4560 383 4610; x_wconf 78' lang='lat' dir='ltr'>Unam</span> <span class='ocrx_word' id='word_1_675' title='bbox 415 4564 494 4626; x_wconf 89' lang='lat' dir='ltr'>polii.</span> <span class='ocrx_word' id='word_1_676' title='bbox 523 4564 599 4618; x_wconf 79' lang='lat' dir='ltr'>LXX</span> <span class='ocrx_word' id='word_1_677' title='bbox 621 4583 627 4618; x_wconf 91' lang='lat'>:</span> <span class='ocrx_word' id='word_1_678' title='bbox 653 4571 708 4635; x_wconf 82' lang='grc' dir='ltr'>μιαν</span> <span class='ocrx_word' id='word_1_679' title='bbox 740 4572 861 4638; x_wconf 75' lang='grc' dir='ltr'><strong>ὴτησάμεν</strong></span> <span class='ocrx_word' id='word_1_680' title='bbox 888 4576 948 4627; x_wconf 84' lang='grc' dir='ltr'><strong>εειι.</strong></span> <span class='ocrx_word' id='word_1_681' title='bbox 977 4578 1079 4637; x_wconf 82' lang='grc' dir='ltr'>αιτησιν.</span> 
     </span>
     <span class='ocr_line' id='line_1_100' title="bbox 265 4629 556 4699; baseline 0.031 -19"><span class='ocrx_word' id='word_1_682' title='bbox 265 4629 328 4682; x_wconf 92' lang='lat' dir='ltr'>Vid.</span> <span class='ocrx_word' id='word_1_683' title='bbox 338 4631 376 4682; x_wconf 89' lang='grc'>111</span> <span class='ocrx_word' id='word_1_684' title='bbox 392 4631 458 4699; x_wconf 86' lang='lat' dir='ltr'>lleg.</span> <span class='ocrx_word' id='word_1_685' title='bbox 473 4647 503 4698; x_wconf 84' lang='lat'>11,</span> <span class='ocrx_word' id='word_1_686' title='bbox 515 4635 556 4689; x_wconf 75' lang='grc'>10.</span> 
     </span>
    </p>
   </div>
   <div class='ocr_carea' id='block_1_33' title="bbox 297 4703 1082 4774">
    <p class='ocr_par' dir='ltr' id='par_1_38' title="bbox 297 4703 1082 4774">
     <span class='ocr_line' id='line_1_101' title="bbox 297 4703 1082 4774; baseline 0.025 -20"><span class='ocrx_word' id='word_1_687' title='bbox 297 4703 355 4754; x_wconf 84' lang='lat' dir='ltr'>Non</span> <span class='ocrx_word' id='word_1_688' title='bbox 390 4705 557 4760; x_wconf 80' lang='lat' dir='ltr'>contereris.</span> <span class='ocrx_word' id='word_1_689' title='bbox 588 4711 619 4762; x_wconf 92' lang='lat' dir='ltr'>ln</span> <span class='ocrx_word' id='word_1_690' title='bbox 646 4711 699 4764; x_wconf 90' lang='lat' dir='ltr'>hac</span> <span class='ocrx_word' id='word_1_691' title='bbox 726 4714 846 4768; x_wconf 88' lang='lat' dir='ltr'>lectione</span> <span class='ocrx_word' id='word_1_692' title='bbox 873 4729 939 4770; x_wconf 67' lang='lat' dir='ltr'>mn.</span> <span class='ocrx_word' id='word_1_693' title='bbox 969 4720 1082 4774; x_wconf 90' lang='lat' dir='ltr'>codlcss</span> 
     </span>
    </p>
   </div>
   <div class='ocr_carea' id='block_1_34' title="bbox 264 4776 1081 4851">
    <p class='ocr_par' dir='ltr' id='par_1_39' title="bbox 264 4776 1081 4851">
     <span class='ocr_line' id='line_1_102' title="bbox 264 4776 1081 4851; baseline 0.021 -23"><span class='ocrx_word' id='word_1_694' title='bbox 264 4776 450 4836; x_wconf 86' lang='lat' dir='ltr'>consentiunt,</span> <span class='ocrx_word' id='word_1_695' title='bbox 463 4781 577 4834; x_wconf 80' lang='lat' dir='ltr'>etuxx</span> <span class='ocrx_word' id='word_1_696' title='bbox 603 4784 784 4851; x_wconf 89' lang='lat' dir='ltr'>interpretum</span> <span class='ocrx_word' id='word_1_697' title='bbox 804 4791 895 4840; x_wconf 80' lang='lat' dir='ltr'>versio</span> <span class='ocrx_word' id='word_1_698' title='bbox 914 4791 993 4842; x_wconf 89' lang='lat' dir='ltr'>illam</span> <span class='ocrx_word' id='word_1_699' title='bbox 1024 4795 1081 4846; x_wconf 84' lang='lat' dir='ltr'>exi-</span> 
     </span>
    </p>
   </div>
   <div class='ocr_carea' id='block_1_35' title="bbox 1128 4280 1951 4418">
    <p class='ocr_par' dir='ltr' id='par_1_40' title="bbox 1128 4280 1951 4418">
     <span class='ocr_line' id='line_1_103' title="bbox 1128 4280 1951 4346; baseline 0.002 -16"><span class='ocrx_word' id='word_1_700' title='bbox 1128 4282 1223 4344; x_wconf 88' lang='lat' dir='ltr'>patere</span> <span class='ocrx_word' id='word_1_701' title='bbox 1253 4293 1303 4344; x_wconf 91' lang='lat' dir='ltr'>pro</span> <span class='ocrx_word' id='word_1_702' title='bbox 1324 4293 1390 4332; x_wconf 89' lang='lat' dir='ltr'>me:</span> <span class='ocrx_word' id='word_1_703' title='bbox 1413 4281 1437 4332; x_wconf 88' lang='lat' dir='ltr'>si</span> <span class='ocrx_word' id='word_1_704' title='bbox 1472 4294 1539 4334; x_wconf 84' lang='lat' dir='ltr'>vero</span> <span class='ocrx_word' id='word_1_705' title='bbox 1571 4285 1701 4346; x_wconf 85' lang='lat' dir='ltr'>peccator</span> <span class='ocrx_word' id='word_1_706' title='bbox 1739 4293 1780 4344; x_wconf 84' lang='lat' dir='ltr'>ee,</span> <span class='ocrx_word' id='word_1_707' title='bbox 1806 4280 1951 4346; x_wconf 86' lang='lat' dir='ltr'>quomodo</span> 
     </span>
     <span class='ocr_line' id='line_1_104' title="bbox 1129 4350 1949 4418; baseline 0.002 -16"><span class='ocrx_word' id='word_1_708' title='bbox 1129 4350 1222 4403; x_wconf 90' lang='lat' dir='ltr'>oleum</span> <span class='ocrx_word' id='word_1_709' title='bbox 1235 4350 1335 4404; x_wconf 83' lang='lat' dir='ltr'>seculae</span> <span class='ocrx_word' id='word_1_710' title='bbox 1349 4357 1406 4404; x_wconf 80' lang='lat' dir='ltr'>tuae</span> <span class='ocrx_word' id='word_1_711' title='bbox 1418 4351 1550 4406; x_wconf 83' lang='lat' dir='ltr'>sulficere</span> <span class='ocrx_word' id='word_1_712' title='bbox 1577 4352 1670 4406; x_wconf 85' lang='lat' dir='ltr'>tibist</span> <span class='ocrx_word' id='word_1_713' title='bbox 1689 4352 1760 4404; x_wconf 82' lang='lat' dir='ltr'>mihi</span> <span class='ocrx_word' id='word_1_714' title='bbox 1788 4353 1949 4418; x_wconf 82' lang='lat' dir='ltr'>poteritis</span> 
     </span>
    </p>
   </div>
   <div class='ocr_carea' id='block_1_36' title="bbox 1131 4467 1955 4674">
    <p class='ocr_par' dir='ltr' id='par_1_41' title="bbox 1131 4467 1955 4674">
     <span class='ocr_line' id='line_1_105' title="bbox 1159 4467 1954 4536; baseline 0 -15"><span class='ocrx_word' id='word_1_715' title='bbox 1159 4472 1195 4522; x_wconf 81' lang='lat' dir='ltr'>Ac</span> <span class='ocrx_word' id='word_1_716' title='bbox 1223 4483 1257 4520; x_wconf 88' lang='lat' dir='ltr'>ne</span> <span class='ocrx_word' id='word_1_717' title='bbox 1285 4470 1345 4536; x_wconf 84' lang='lat' dir='ltr'>qrsis</span> <span class='ocrx_word' id='word_1_718' title='bbox 1365 4467 1407 4519; x_wconf 88' lang='lat' dir='ltr'>nel</span> <span class='ocrx_word' id='word_1_719' title='bbox 1432 4467 1522 4522; x_wconf 80' lang='lat' dir='ltr'>libelli.</span> <span class='ocrx_word' id='word_1_720' title='bbox 1552 4469 1622 4522; x_wconf 80' lang='lat' dir='ltr'>Haec</span> <span class='ocrx_word' id='word_1_721' title='bbox 1648 4482 1760 4535; x_wconf 89' lang='lat' dir='ltr'>prorsus</span> <span class='ocrx_word' id='word_1_722' title='bbox 1783 4469 1954 4522; x_wconf 86' lang='lat' dir='ltr'>confirmant</span> 
     </span>
     <span class='ocr_line' id='line_1_106' title="bbox 1131 4539 1955 4674; baseline -0.006 -75"><span class='ocrx_word' id='word_1_723' title='bbox 1131 4543 1441 4674; x_wconf 47' lang='lat' dir='ltr'>lsiebntdeentliggrgigioslrum</span> <span class='ocrx_word' id='word_1_724' title='bbox 1457 4540 1492 4594; x_wconf 90' lang='lat' dir='ltr'>de</span> <span class='ocrx_word' id='word_1_725' title='bbox 1510 4539 1678 4606; x_wconf 87' lang='lat' dir='ltr'>libellaticls,</span> <span class='ocrx_word' id='word_1_726' title='bbox 1696 4540 1731 4594; x_wconf 90' lang='lat' dir='ltr'>de</span> <span class='ocrx_word' id='word_1_727' title='bbox 1754 4555 1811 4608; x_wconf 85' lang='lat' dir='ltr'>qne</span> <span class='ocrx_word' id='word_1_728' title='bbox 1822 4541 1955 4594; x_wconf 84' lang='lat' dir='ltr'>rideatur</span> 
     </span>
    </p>
   </div>
   <div class='ocr_carea' id='block_1_37' title="bbox 1131 4719 1953 4864">
    <p class='ocr_par' dir='ltr' id='par_1_42' title="bbox 1131 4719 1953 4864">
     <span class='ocr_line' id='line_1_107' title="bbox 1161 4719 1953 4787; baseline -0.009 -8"><span class='ocrx_word' id='word_1_729' title='bbox 1161 4727 1317 4779; x_wconf 79' lang='grc' dir='ltr'><strong>Ηοιεεεεεια</strong></span> <span class='ocrx_word' id='word_1_730' title='bbox 1350 4722 1448 4774; x_wconf 77' lang='lat' dir='ltr'>tostis.</span> <span class='ocrx_word' id='word_1_731' title='bbox 1485 4719 1547 4772; x_wconf 87' lang='lat' dir='ltr'>Vld.</span> <span class='ocrx_word' id='word_1_732' title='bbox 1573 4734 1639 4787; x_wconf 84' lang='lat' dir='ltr'>quse</span> <span class='ocrx_word' id='word_1_733' title='bbox 1679 4720 1752 4773; x_wconf 87' lang='lat' dir='ltr'>dicls</span> <span class='ocrx_word' id='word_1_734' title='bbox 1776 4720 1826 4773; x_wconf 90' lang='lat' dir='ltr'>lib.</span> <span class='ocrx_word' id='word_1_735' title='bbox 1854 4733 1887 4773; x_wconf 86' lang='lat' dir='ltr'>ur</span> <span class='ocrx_word' id='word_1_736' title='bbox 1916 4719 1953 4772; x_wconf 87' lang='lat' dir='ltr'>ad</span> 
     </span>
     <span class='ocr_line' id='line_1_108' title="bbox 1131 4793 1952 4864; baseline -0.007 -12"><span class='ocrx_word' id='word_1_737' title='bbox 1131 4800 1209 4864; x_wconf 90' lang='lat' dir='ltr'>inr.</span> <span class='ocrx_word' id='word_1_738' title='bbox 1221 4813 1246 4850; x_wconf 93' lang='lat' dir='ltr'>c.</span> <span class='ocrx_word' id='word_1_739' title='bbox 1263 4797 1304 4856; x_wconf 82' lang='lat' dir='ltr'>tt,</span> <span class='ocrx_word' id='word_1_740' title='bbox 1321 4795 1396 4846; x_wconf 82' lang='lat' dir='ltr'>Lxx</span> <span class='ocrx_word' id='word_1_741' title='bbox 1410 4795 1539 4858; x_wconf 82' lang='lat' dir='ltr'>legerunt</span> <span class='ocrx_word' id='word_1_742' title='bbox 1554 4794 1716 4859; x_wconf 70' lang='lat' dir='ltr'>otesdpnnps</span> <span class='ocrx_word' id='word_1_743' title='bbox 1726 4793 1819 4856; x_wconf 59' lang='lat' dir='ltr'>hesta,</span> <span class='ocrx_word' id='word_1_744' title='bbox 1835 4797 1866 4846; x_wconf 88' lang='lat' dir='ltr'>es</span> <span class='ocrx_word' id='word_1_745' title='bbox 1879 4794 1952 4846; x_wconf 84' lang='lat' dir='ltr'>torte</span> 
     </span>
    </p>
   </div>
   <div class='ocr_carea' id='block_1_38' title="bbox 266 4844 1809 4928">
    <p class='ocr_par' dir='ltr' id='par_1_43' title="bbox 266 4844 1809 4928">
     <span class='ocr_line' id='line_1_109' title="bbox 266 4844 1809 4928; baseline 0.013 -33"><span class='ocrx_word' id='word_1_746' title='bbox 266 4847 314 4910; x_wconf 80' lang='lat' dir='ltr'>gu,</span> <span class='ocrx_word' id='word_1_747' title='bbox 342 4844 382 4894; x_wconf 88' lang='grc' dir='ltr'>1αν</span> <span class='ocrx_word' id='word_1_748' title='bbox 404 4847 496 4912; x_wconf 78' lang='grc' dir='ltr'>διέλθῃς</span> <span class='ocrx_word' id='word_1_749' title='bbox 526 4852 566 4901; x_wconf 78' lang='grc' dir='ltr'>διὰ</span> <span class='ocrx_word' id='word_1_750' title='bbox 594 4854 676 4920; x_wconf 78' lang='grc' dir='ltr'><strong>πυρός,</strong></span> <span class='ocrx_word' id='word_1_751' title='bbox 703 4871 732 4904; x_wconf 89' lang='grc' dir='ltr'>ου</span> <span class='ocrx_word' id='word_1_752' title='bbox 764 4859 797 4921; x_wconf 84' lang='grc' dir='ltr'>μή</span> <span class='ocrx_word' id='word_1_753' title='bbox 833 4861 992 4926; x_wconf 76' lang='grc' dir='ltr'><strong>κατακαυθῇς,</strong></span> <span class='ocrx_word' id='word_1_754' title='bbox 1025 4865 1082 4928; x_wconf 74' lang='grc' dir='ltr'>φλὸξ</span> <span class='ocrx_word' id='word_1_755' title='bbox 1129 4871 1275 4924; x_wconf 76' lang='lat' dir='ltr'>verissima</span> <span class='ocrx_word' id='word_1_756' title='bbox 1293 4868 1376 4920; x_wconf 86' lang='lat' dir='ltr'>tecue</span> <span class='ocrx_word' id='word_1_757' title='bbox 1391 4865 1476 4918; x_wconf 75' lang='lat' dir='ltr'>metit</span> <span class='ocrx_word' id='word_1_758' title='bbox 1500 4864 1683 4918; x_wconf 73' lang='lat' dir='ltr'>Holocauslunt</span> <span class='ocrx_word' id='word_1_759' title='bbox 1706 4865 1809 4917; x_wconf 64' lang='lat' dir='ltr'>tntu.</span> 
     </span>
    </p>
   </div>
   <div class='ocr_carea' id='block_1_39' title="bbox 265 4917 1081 4988">
    <p class='ocr_par' dir='ltr' id='par_1_44' title="bbox 265 4917 1081 4988">
     <span class='ocr_line' id='line_1_110' title="bbox 265 4917 1081 4988; baseline 0.029 -25"><span class='ocrx_word' id='word_1_760' title='bbox 265 4933 295 4966; x_wconf 85' lang='lat' dir='ltr'>cu</span> <span class='ocrx_word' id='word_1_761' title='bbox 316 4917 462 4969; x_wconf 72' lang='grc' dir='ltr'><strong>κατᾶκαΰσει</strong></span> <span class='ocrx_word' id='word_1_762' title='bbox 490 4938 527 4972; x_wconf 87' lang='lat' dir='ltr'>es.</span> <span class='ocrx_word' id='word_1_763' title='bbox 549 4924 633 4976; x_wconf 86' lang='lat' dir='ltr'>Porro</span> <span class='ocrx_word' id='word_1_764' title='bbox 660 4927 779 4980; x_wconf 84' lang='lat' dir='ltr'>Hebraeu</span> <span class='ocrx_word' id='word_1_765' title='bbox 805 4933 905 4982; x_wconf 82' lang='lat' dir='ltr'>veritas</span> <span class='ocrx_word' id='word_1_766' title='bbox 927 4934 1011 4984; x_wconf 85' lang='lat' dir='ltr'>eliam</span> <span class='ocrx_word' id='word_1_767' title='bbox 1030 4935 1081 4988; x_wconf 85' lang='lat' dir='ltr'>de-</span> 
     </span>
    </p>
   </div>
   <div class='ocr_carea' id='block_1_40' title="bbox 265 4979 1078 5100">
    <p class='ocr_par' dir='ltr' id='par_1_45' title="bbox 265 4979 1078 5100">
     <span class='ocr_line' id='line_1_111' title="bbox 265 4979 1078 5100; baseline 0.022 -46"><span class='ocrx_word' id='word_1_768' title='bbox 265 4989 357 5054; x_wconf 77' lang='lat' dir='ltr'>posen</span> <span class='ocrx_word' id='word_1_769' title='bbox 366 4979 501 5062; x_wconf 62' lang='lat' dir='ltr'>brnen</span> <span class='ocrx_word' id='word_1_770' title='bbox 513 4983 552 5059; x_wconf 68' lang='lat' dir='ltr'>nb</span> <span class='ocrx_word' id='word_1_771' title='bbox 566 4985 655 5063; x_wconf 62' lang='lat' dir='ltr'>sess</span> <span class='ocrx_word' id='word_1_772' title='bbox 666 5011 739 5065; x_wconf 77' lang='lat' dir='ltr'>oron</span> <span class='ocrx_word' id='word_1_773' title='bbox 755 4989 933 5070; x_wconf 70' lang='lat' dir='ltr'>ebus-tn:</span> <span class='ocrx_word' id='word_1_774' title='bbox 942 4995 1078 5100; x_wconf 55' lang='lat' dir='ltr'>enses.</span> 
     </span>
    </p>
   </div>
   <div class='ocr_carea' id='block_1_41' title="bbox 266 5077 1081 5202">
    <p class='ocr_par' dir='ltr' id='par_1_46' title="bbox 266 5077 1081 5202">
     <span class='ocr_line' id='line_1_112' title="bbox 266 5077 1081 5201; baseline 0.027 -74"><span class='ocrx_word' id='word_1_775' title='bbox 266 5077 494 5201; x_wconf 38' lang='grc' dir='ltr'>1Ρζεηιιειειεεεεςο</span> <span class='ocrx_word' id='word_1_776' title='bbox 520 5085 548 5136; x_wconf 92' lang='lat' dir='ltr'>in</span> <span class='ocrx_word' id='word_1_777' title='bbox 563 5085 704 5151; x_wconf 87' lang='lat' dir='ltr'>impressis</span> <span class='ocrx_word' id='word_1_778' title='bbox 726 5088 778 5140; x_wconf 89' lang='lat' dir='ltr'>isla</span> <span class='ocrx_word' id='word_1_779' title='bbox 790 5089 847 5143; x_wconf 91' lang='lat' dir='ltr'>huc</span> <span class='ocrx_word' id='word_1_780' title='bbox 870 5097 1081 5160; x_wconf 88' lang='lat' dir='ltr'>usqueomltls·</span> 
     </span>
     <span class='ocr_line' id='line_1_113' title="bbox 288 5163 377 5202; baseline 0.045 -4"><span class='ocrx_word' id='word_1_781' title='bbox 288 5163 323 5200; x_wconf 89' lang='lat' dir='ltr'>sn</span> <span class='ocrx_word' id='word_1_782' title='bbox 336 5165 377 5202; x_wconf 82' lang='lat' dir='ltr'>ur.</span> 
     </span>
    </p>
   </div>
   <div class='ocr_carea' id='block_1_42' title="bbox 301 5220 1079 5291">
    <p class='ocr_par' dir='ltr' id='par_1_47' title="bbox 301 5220 1079 5291">
     <span class='ocr_line' id='line_1_114' title="bbox 301 5220 1079 5291; baseline 0.024 -22"><span class='ocrx_word' id='word_1_783' title='bbox 301 5220 487 5276; x_wconf 81' lang='lat' dir='ltr'>Premedilart</span> <span class='ocrx_word' id='word_1_784' title='bbox 514 5233 630 5280; x_wconf 71' lang='lat' dir='ltr'>excusat.</span> <span class='ocrx_word' id='word_1_785' title='bbox 660 5231 691 5280; x_wconf 89' lang='lat' dir='ltr'>ln</span> <span class='ocrx_word' id='word_1_786' title='bbox 717 5233 795 5284; x_wconf 88' lang='lat' dir='ltr'>textu</span> <span class='ocrx_word' id='word_1_787' title='bbox 827 5234 925 5287; x_wconf 78' lang='lat' dir='ltr'>Graeco</span> <span class='ocrx_word' id='word_1_788' title='bbox 953 5242 996 5291; x_wconf 91' lang='lat' dir='ltr'>est</span> <span class='ocrx_word' id='word_1_789' title='bbox 1019 5239 1079 5288; x_wconf 81' lang='lat' dir='ltr'>dee-</span> 
     </span>
    </p>
   </div>
   <div class='ocr_carea' id='block_1_43' title="bbox 267 5289 1081 5441">
    <p class='ocr_par' dir='ltr' id='par_1_48' title="bbox 267 5289 1081 5441">
     <span class='ocr_line' id='line_1_115' title="bbox 267 5289 1081 5374; baseline 0.029 -36"><span class='ocrx_word' id='word_1_790' title='bbox 267 5289 395 5353; x_wconf 67' lang='lat' dir='ltr'>lcpntinen</span> <span class='ocrx_word' id='word_1_791' title='bbox 419 5299 447 5346; x_wconf 91' lang='lat' dir='ltr'>et</span> <span class='ocrx_word' id='word_1_792' title='bbox 472 5297 584 5360; x_wconf 85' lang='lat' dir='ltr'>quidem</span> <span class='ocrx_word' id='word_1_793' title='bbox 611 5303 703 5354; x_wconf 90' lang='lat' dir='ltr'>omnis</span> <span class='ocrx_word' id='word_1_794' title='bbox 730 5306 858 5372; x_wconf 85' lang='lat' dir='ltr'>apologia</span> <span class='ocrx_word' id='word_1_795' title='bbox 883 5312 924 5358; x_wconf 91' lang='grc' dir='ltr'>εει</span> <span class='ocrx_word' id='word_1_796' title='bbox 951 5310 1081 5374; x_wconf 80' lang='lat' dir='ltr'>quaedam</span> 
     </span>
     <span class='ocr_line' id='line_1_116' title="bbox 270 5363 937 5441; baseline 0.025 -30"><span class='ocrx_word' id='word_1_797' title='bbox 270 5363 421 5414; x_wconf 86' lang='lat' dir='ltr'>excusatio.</span> <span class='ocrx_word' id='word_1_798' title='bbox 431 5367 543 5432; x_wconf 85' lang='lat' dir='ltr'>vulgat.</span> <span class='ocrx_word' id='word_1_799' title='bbox 558 5369 668 5422; x_wconf 76' lang='lat' dir='ltr'>hebetet</span> <span class='ocrx_word' id='word_1_800' title='bbox 679 5375 937 5441; x_wconf 83' lang='lat' dir='ltr'>quidrespondectts.</span> 
     </span>
    </p>
   </div>
   <div class='ocr_carea' id='block_1_44' title="bbox 300 5433 1081 5510">
    <p class='ocr_par' dir='ltr' id='par_1_49' title="bbox 300 5433 1081 5510">
     <span class='ocr_line' id='line_1_117' title="bbox 300 5433 1081 5510; baseline 0.029 -26"><span class='ocrx_word' id='word_1_801' title='bbox 300 5433 466 5496; x_wconf 84' lang='lat' dir='ltr'>Mcpilutum.</span> <span class='ocrx_word' id='word_1_802' title='bbox 483 5438 522 5487; x_wconf 88' lang='lat' dir='ltr'>lta</span> <span class='ocrx_word' id='word_1_803' title='bbox 547 5442 693 5506; x_wconf 89' lang='lat' dir='ltr'>scripsisse</span> <span class='ocrx_word' id='word_1_804' title='bbox 714 5443 884 5510; x_wconf 77' lang='lat' dir='ltr'>cyprianum</span> <span class='ocrx_word' id='word_1_805' title='bbox 907 5451 1023 5504; x_wconf 89' lang='lat' dir='ltr'>minime</span> <span class='ocrx_word' id='word_1_806' title='bbox 1039 5457 1081 5506; x_wconf 91' lang='lat' dir='ltr'>est</span> 
     </span>
    </p>
   </div>
   <div class='ocr_carea' id='block_1_45' title="bbox 1131 4953 1954 5095">
    <p class='ocr_par' dir='ltr' id='par_1_50' title="bbox 1131 4953 1954 5095">
     <span class='ocr_line' id='line_1_118' title="bbox 1162 4953 1954 5022; baseline -0.011 -9"><span class='ocrx_word' id='word_1_807' title='bbox 1162 4961 1304 5014; x_wconf 83' lang='lat' dir='ltr'>Portunles</span> <span class='ocrx_word' id='word_1_808' title='bbox 1331 4957 1434 5022; x_wconf 79' lang='lat' dir='ltr'>premio</span> <span class='ocrx_word' id='word_1_809' title='bbox 1461 4971 1520 5007; x_wconf 87' lang='lat' dir='ltr'>sua.</span> <span class='ocrx_word' id='word_1_810' title='bbox 1544 4953 1608 5006; x_wconf 80' lang='lat' dir='ltr'>vid.</span> <span class='ocrx_word' id='word_1_811' title='bbox 1630 4967 1693 5022; x_wconf 76' lang='lat' dir='ltr'>quta</span> <span class='ocrx_word' id='word_1_812' title='bbox 1724 4953 1827 5007; x_wconf 86' lang='lat' dir='ltr'>dlclal.</span> <span class='ocrx_word' id='word_1_813' title='bbox 1854 4967 1887 5008; x_wconf 86' lang='lat' dir='ltr'>m</span> <span class='ocrx_word' id='word_1_814' title='bbox 1918 4954 1954 5006; x_wconf 84' lang='lat' dir='ltr'>ud</span> 
     </span>
     <span class='ocr_line' id='line_1_119' title="bbox 1131 5029 1350 5095; baseline -0.018 -12"><span class='ocrx_word' id='word_1_815' title='bbox 1131 5032 1218 5095; x_wconf 71' lang='lat' dir='ltr'>Quin,</span> <span class='ocrx_word' id='word_1_816' title='bbox 1233 5043 1285 5094; x_wconf 87' lang='lat' dir='ltr'>cap</span> <span class='ocrx_word' id='word_1_817' title='bbox 1311 5029 1350 5080; x_wconf 88' lang='grc'>16.</span> 
     </span>
    </p>
   </div>
   <div class='ocr_carea' id='block_1_46' title="bbox 1130 5131 1955 5485">
    <p class='ocr_par' dir='ltr' id='par_1_51' title="bbox 1130 5131 1955 5485">
     <span class='ocr_line' id='line_1_120' title="bbox 1163 5131 1955 5199; baseline -0.009 -8"><span class='ocrx_word' id='word_1_818' title='bbox 1163 5138 1330 5192; x_wconf 81' lang='lat' dir='ltr'>clandnntnr</span> <span class='ocrx_word' id='word_1_819' title='bbox 1367 5138 1396 5187; x_wconf 92' lang='lat' dir='ltr'>in</span> <span class='ocrx_word' id='word_1_820' title='bbox 1417 5133 1638 5199; x_wconf 74' lang='lat' dir='ltr'>persecutionibus</span> <span class='ocrx_word' id='word_1_821' title='bbox 1674 5139 1768 5188; x_wconf 71' lang='lat' dir='ltr'>terr-s:</span> <span class='ocrx_word' id='word_1_822' title='bbox 1786 5131 1955 5197; x_wconf 73' lang='lat' dir='ltr'>proscriptis</span> 
     </span>
     <span class='ocr_line' id='line_1_121' title="bbox 1130 5204 1955 5272; baseline -0.008 -10"><span class='ocrx_word' id='word_1_823' title='bbox 1130 5211 1264 5262; x_wconf 88' lang='lat' dir='ltr'>nimirum</span> <span class='ocrx_word' id='word_1_824' title='bbox 1291 5213 1319 5260; x_wconf 90' lang='grc' dir='ltr'>ει</span> <span class='ocrx_word' id='word_1_825' title='bbox 1331 5206 1490 5272; x_wconf 89' lang='lat' dir='ltr'>deportatis.</span> <span class='ocrx_word' id='word_1_826' title='bbox 1517 5204 1600 5268; x_wconf 87' lang='lat' dir='ltr'>Quod</span> <span class='ocrx_word' id='word_1_827' title='bbox 1627 5205 1657 5256; x_wconf 90' lang='lat' dir='ltr'>in</span> <span class='ocrx_word' id='word_1_828' title='bbox 1676 5204 1850 5256; x_wconf 88' lang='lat' dir='ltr'>editionibus</span> <span class='ocrx_word' id='word_1_829' title='bbox 1878 5205 1955 5269; x_wconf 83' lang='lat' dir='ltr'>prio·</span> 
     </span>
     <span class='ocr_line' id='line_1_122' title="bbox 1131 5275 1954 5342; baseline -0.01 -8"><span class='ocrx_word' id='word_1_830' title='bbox 1131 5281 1210 5335; x_wconf 88' lang='lat' dir='ltr'>rlbus</span> <span class='ocrx_word' id='word_1_831' title='bbox 1235 5281 1349 5333; x_wconf 89' lang='lat' dir='ltr'>lectum.</span> <span class='ocrx_word' id='word_1_832' title='bbox 1377 5277 1548 5331; x_wconf 80' lang='lat' dir='ltr'>clauduntur</span> <span class='ocrx_word' id='word_1_833' title='bbox 1563 5277 1592 5326; x_wconf 89' lang='lat' dir='ltr'>in</span> <span class='ocrx_word' id='word_1_834' title='bbox 1611 5275 1837 5342; x_wconf 72' lang='lat' dir='ltr'>persecutionibus</span> <span class='ocrx_word' id='word_1_835' title='bbox 1861 5280 1954 5335; x_wconf 71' lang='lat' dir='ltr'>terre,</span> 
     </span>
     <span class='ocr_line' id='line_1_123' title="bbox 1131 5346 1954 5412; baseline -0.011 -7"><span class='ocrx_word' id='word_1_836' title='bbox 1131 5366 1167 5405; x_wconf 86' lang='lat' dir='ltr'>ex</span> <span class='ocrx_word' id='word_1_837' title='bbox 1191 5352 1368 5405; x_wconf 88' lang='lat' dir='ltr'>librariorum</span> <span class='ocrx_word' id='word_1_838' title='bbox 1409 5347 1600 5412; x_wconf 81' lang='lat' dir='ltr'>intelicissimc</span> <span class='ocrx_word' id='word_1_839' title='bbox 1640 5346 1734 5398; x_wconf 89' lang='lat' dir='ltr'>critica</span> <span class='ocrx_word' id='word_1_840' title='bbox 1752 5349 1873 5408; x_wconf 87' lang='lat' dir='ltr'>natum;</span> <span class='ocrx_word' id='word_1_841' title='bbox 1903 5347 1954 5412; x_wconf 89' lang='lat' dir='ltr'>qui</span> 
     </span>
     <span class='ocr_line' id='line_1_124' title="bbox 1131 5416 1951 5485; baseline -0.009 -10"><span class='ocrx_word' id='word_1_842' title='bbox 1131 5423 1263 5475; x_wconf 88' lang='lat' dir='ltr'>mendam</span> <span class='ocrx_word' id='word_1_843' title='bbox 1285 5435 1351 5474; x_wconf 88' lang='lat' dir='ltr'>cum</span> <span class='ocrx_word' id='word_1_844' title='bbox 1373 5433 1431 5472; x_wconf 90' lang='lat' dir='ltr'>nen</span> <span class='ocrx_word' id='word_1_845' title='bbox 1456 5420 1605 5472; x_wconf 87' lang='lat' dir='ltr'>inveniunt</span> <span class='ocrx_word' id='word_1_846' title='bbox 1630 5416 1794 5485; x_wconf 74' lang='lat' dir='ltr'>cerrigcndo</span> <span class='ocrx_word' id='word_1_847' title='bbox 1829 5417 1951 5469; x_wconf 68' lang='lat' dir='ltr'>tament.</span> 
     </span>
    </p>
   </div>
   <div class='ocr_carea' id='block_1_47' title="bbox 267 5487 1957 5649">
    <p class='ocr_par' dir='ltr' id='par_1_52' title="bbox 267 5487 1957 5649">
     <span class='ocr_line' id='line_1_125' title="bbox 330 5487 1957 5554; baseline -0.011 2"><span class='ocrx_word' id='word_1_848' title='bbox 330 5504 335 5515; x_wconf 86' lang='lat'>&#39;</span> <span class='ocrx_word' id='word_1_849' title='bbox 819 5520 823 5530; x_wconf 92' lang='lat'>·</span> <span class='ocrx_word' id='word_1_850' title='bbox 859 5522 864 5532; x_wconf 92' lang='lat'><strong>·</strong></span> <span class='ocrx_word' id='word_1_851' title='bbox 995 5525 1000 5536; x_wconf 91' lang='lat'><strong>·</strong></span> <span class='ocrx_word' id='word_1_852' title='bbox 1059 5527 1065 5538; x_wconf 87' lang='lat'><strong>·</strong></span> <span class='ocrx_word' id='word_1_853' title='bbox 1131 5495 1205 5548; x_wconf 86' lang='lat' dir='ltr'>inira</span> <span class='ocrx_word' id='word_1_854' title='bbox 1230 5495 1256 5546; x_wconf 87' lang='lat' dir='ltr'>le</span> <span class='ocrx_word' id='word_1_855' title='bbox 1276 5497 1375 5552; x_wconf 80' lang='lat' dir='ltr'>erunt,</span> <span class='ocrx_word' id='word_1_856' title='bbox 1406 5491 1501 5546; x_wconf 82' lang='lat' dir='ltr'>Claudi</span> <span class='ocrx_word' id='word_1_857' title='bbox 1523 5491 1552 5542; x_wconf 80' lang='lat' dir='ltr'>in</span> <span class='ocrx_word' id='word_1_858' title='bbox 1574 5495 1701 5542; x_wconf 81' lang='lat' dir='ltr'>merneolo</span> <span class='ocrx_word' id='word_1_859' title='bbox 1738 5487 1826 5539; x_wconf 79' lang='lat' dir='ltr'>erulos</span> <span class='ocrx_word' id='word_1_860' title='bbox 1854 5489 1957 5554; x_wconf 80' lang='lat' dir='ltr'>quihus</span> 
     </span>
     <span class='ocr_line' id='line_1_126' title="bbox 267 5503 1954 5649; baseline 0.007 -23"><span class='ocrx_word' id='word_1_861' title='bbox 267 5503 977 5649; x_wconf 51' lang='lat' dir='ltr'>tlt‘istratesticulis.uta</span> <span class='ocrx_word' id='word_1_862' title='bbox 992 5537 1081 5648; x_wconf 70' lang='lat' dir='ltr'>ut</span> <span class='ocrx_word' id='word_1_863' title='bbox 1430 5568 1454 5615; x_wconf 57' lang='grc' dir='ltr'>ιι</span> <span class='ocrx_word' id='word_1_864' title='bbox 1616 5563 1644 5614; x_wconf 67' lang='grc' dir='ltr'><strong>ε</strong></span> <span class='ocrx_word' id='word_1_865' title='bbox 1756 5561 1860 5626; x_wconf 51' lang='grc' dir='ltr'>εει</span> <span class='ocrx_word' id='word_1_866' title='bbox 1885 5574 1954 5614; x_wconf 81' lang='lat'>....</span> 
     </span>
    </p>
   </div>
   <div class='ocr_carea' id='block_1_48' title="bbox 268 5635 1442 5728">
    <p class='ocr_par' dir='ltr' id='par_1_53' title="bbox 268 5635 1442 5728">
     <span class='ocr_line' id='line_1_127' title="bbox 268 5635 1442 5728; baseline 0.015 -31"><span class='ocrx_word' id='word_1_867' title='bbox 268 5645 346 5698; x_wconf 92' lang='lat' dir='ltr'>reddl</span> <span class='ocrx_word' id='word_1_868' title='bbox 377 5651 553 5714; x_wconf 75' lang='lat' dir='ltr'>potest3sed</span> <span class='ocrx_word' id='word_1_869' title='bbox 578 5667 663 5720; x_wconf 85' lang='lat' dir='ltr'>quare</span> <span class='ocrx_word' id='word_1_870' title='bbox 690 5656 795 5710; x_wconf 88' lang='lat' dir='ltr'>librarlt</span> <span class='ocrx_word' id='word_1_871' title='bbox 815 5661 842 5712; x_wconf 91' lang='lat' dir='ltr'>ld</span> <span class='ocrx_word' id='word_1_872' title='bbox 868 5667 967 5728; x_wconf 90' lang='lat' dir='ltr'>nuperi</span> <span class='ocrx_word' id='word_1_873' title='bbox 992 5671 1081 5719; x_wconf 89' lang='lat' dir='ltr'>muta-</span> <span class='ocrx_word' id='word_1_874' title='bbox 1130 5636 1174 5690; x_wconf 75' lang='lat'>¹⁰⁸</span> <span class='ocrx_word' id='word_1_875' title='bbox 1189 5637 1281 5690; x_wconf 58' lang='grc' dir='ltr'><strong>(111Πῶ</strong></span> <span class='ocrx_word' id='word_1_876' title='bbox 1295 5635 1442 5701; x_wconf 42' lang='lat' dir='ltr'>pumma</span> 
     </span>
    </p>
   </div>
   <div class='ocr_carea' id='block_1_49' title="bbox 264 5719 1952 5886">
    <p class='ocr_par' dir='ltr' id='par_1_54' title="bbox 264 5719 1952 5886">
     <span class='ocr_line' id='line_1_128' title="bbox 267 5719 1952 5808; baseline 0.017 -39"><span class='ocrx_word' id='word_1_877' title='bbox 267 5719 367 5783; x_wconf 75' lang='lat' dir='ltr'>verint,</span> <span class='ocrx_word' id='word_1_878' title='bbox 388 5734 472 5773; x_wconf 87' lang='lat' dir='ltr'>causa</span> <span class='ocrx_word' id='word_1_879' title='bbox 489 5723 586 5777; x_wconf 90' lang='lat' dir='ltr'>subest</span> <span class='ocrx_word' id='word_1_880' title='bbox 601 5722 1080 5804; x_wconf 78' lang='lat' dir='ltr'>satismanifesta,quaeetlampas-</span> <span class='ocrx_word' id='word_1_881' title='bbox 1162 5743 1225 5794; x_wconf 76' lang='lat' dir='ltr'>sine</span> <span class='ocrx_word' id='word_1_882' title='bbox 1254 5743 1353 5794; x_wconf 84' lang='lat' dir='ltr'>demna</span> <span class='ocrx_word' id='word_1_883' title='bbox 1383 5740 1524 5808; x_wconf 72' lang='lat' dir='ltr'>tempatis.</span> <span class='ocrx_word' id='word_1_884' title='bbox 1555 5739 1608 5793; x_wconf 82' lang='lat' dir='ltr'>Pet</span> <span class='ocrx_word' id='word_1_885' title='bbox 1641 5738 1734 5792; x_wconf 74' lang='lat' dir='ltr'>omnis</span> <span class='ocrx_word' id='word_1_886' title='bbox 1768 5733 1952 5792; x_wconf 58' lang='lat' dir='ltr'>(totilum</span> 
     </span>
     <span class='ocr_line' id='line_1_129' title="bbox 264 5785 1951 5886; baseline 0.017 -46"><span class='ocrx_word' id='word_1_887' title='bbox 264 5785 320 5844; x_wconf 84' lang='lat' dir='ltr'>sim</span> <span class='ocrx_word' id='word_1_888' title='bbox 332 5789 453 5846; x_wconf 85' lang='lat' dir='ltr'>obtinuit</span> <span class='ocrx_word' id='word_1_889' title='bbox 468 5795 516 5860; x_wconf 66' lang='lat' dir='ltr'>put</span> <span class='ocrx_word' id='word_1_890' title='bbox 527 5793 563 5850; x_wconf 89' lang='lat' dir='ltr'>ad</span> <span class='ocrx_word' id='word_1_891' title='bbox 574 5795 717 5866; x_wconf 82' lang='lat' dir='ltr'>vulgatam</span> <span class='ocrx_word' id='word_1_892' title='bbox 736 5799 885 5858; x_wconf 69' lang='lat' dir='ltr'>mitonem</span> <span class='ocrx_word' id='word_1_893' title='bbox 910 5807 1078 5866; x_wconf 84' lang='lat' dir='ltr'>umalama·</span> <span class='ocrx_word' id='word_1_894' title='bbox 1127 5812 1298 5886; x_wconf 77' lang='lat' dir='ltr'>manyrihus</span> <span class='ocrx_word' id='word_1_895' title='bbox 1312 5807 1649 5884; x_wconf 75' lang='lat' dir='ltr'>aqumtar,slatndtetl</span> <span class='ocrx_word' id='word_1_896' title='bbox 1662 5821 1743 5864; x_wconf 84' lang='lat' dir='ltr'>mors</span> <span class='ocrx_word' id='word_1_897' title='bbox 1758 5817 1828 5878; x_wconf 71' lang='lat' dir='ltr'>qu</span> <span class='ocrx_word' id='word_1_898' title='bbox 1856 5822 1878 5864; x_wconf 85' lang='lat' dir='ltr'>s</span> <span class='ocrx_word' id='word_1_899' title='bbox 1898 5810 1951 5866; x_wconf 70' lang='lat' dir='ltr'>Bs-</span> 
     </span>
    </p>
   </div>
   <div class='ocr_carea' id='block_1_50' title="bbox 0 0 2100 6180">
    <p class='ocr_par' dir='ltr' id='par_1_55' title="bbox 0 0 2100 6180">
     <span class='ocr_line' id='line_1_130' title="bbox 0 0 2100 6180; baseline 0 0"><span class='ocrx_word' id='word_1_900' title='bbox 0 0 2100 6180; x_wconf 95' lang='lat' dir='ltr'> </span> 
     </span>
    </p>
   </div>
  </div>
 </body>
</html>
