3986 6208
87 239 131 293 est
671 233 769 290 trualt
789 233 833 288 DE
848 233 938 292 BONO
956 233 1153 292 Pallantis.
1705 245 1757 300 658

87 365 108 415 st
120 357 340 431 persecutoribus
361 373 479 430 precem
492 357 600 414 iactast
625 357 769 414 Poterisne
782 359 805 393 ⁷⁵
828 359 882 414 istu
895 358 969 446 Ado
990 359 1162 416 cruciatibus
1181 360 1350 430 vulnerum,
1365 361 1400 418 de
1419 364 1571 420 amissione
1585 365 1752 422 charorum.

86 454 207 528 perlicere
216 453 252 522 ²⁶,
273 453 323 508 nisi
350 452 495 524 patientias
509 454 538 508 el
551 452 709 508 tolerantiae
722 456 822 508 teneas
835 453 884 508 iir-
936 452 992 509 Nec
1003 452 1081 508 aliud
1098 453 1217 526 magis⁸³
1231 453 1307 510 iuter
1318 455 1437 527 injustos
1451 458 1586 516 discernit
1601 465 1630 516 et
1641 461 1751 531 justos,

85 546 223 602 niumm?
245 545 324 611 Quod
346 547 453 602 iactum
474 546 606 602 videmus
627 547 656 601 in
679 547 884 619 stephanctt:
935 561 1022 620 quam
1036 547 1114 620 quod
1127 547 1157 603 in
1179 549 1304 604 adversis
1325 565 1375 619 per
1397 550 1609 622 impatientiam
1624 553 1756 626 queritur

85 641 133 713 qni,
147 657 209 696 cum
225 657 243 696 a
264 639 366 697 ludaeis
381 641 407 696 vi
423 643 453 696 et
475 641 617 712 lapidibus
637 647 801 710 necaretur,
828 658 885 698 non
936 645 965 696 et
979 641 1158 713 blasphemat
1170 641 1303 714 injustus,
1318 643 1452 714 patientia
1462 645 1557 716 justus
1567 648 1590 682 ⁸⁸
1608 649 1754 719 probatur,

84 737 126 790 sibi
147 734 312 805 vindictam,
333 735 383 790 sed
407 734 636 792 interlectoribus
657 735 770 792 reniam
791 741 887 808 postu·
937 733 1011 790 sicut
1031 735 1251 808 scriptumest:
1272 739 1306 790 ln
1322 737 1411 793 dolore
1423 742 1537 803 sustine,
1560 745 1586 796 et
1605 743 1634 797 in
1648 743 1757 798 bumili-

83 829 146 884 iabat
165 826 264 884 dicens
285 845 292 883 ε
311 830 434 896 marine,
456 843 489 883 ne
517 831 625 886 statues
644 830 700 886 iltis
721 831 771 884 troc
792 845 885 901 pecco·
938 831 994 884 tote
1015 833 1063 884 tuo
1084 832 1247 900 potientium
1265 831 1346 894 tabe,
1361 833 1491 901 quoniam
1505 835 1534 888 in
1548 837 1610 903 {pne
1623 837 1755 906 probetur

82 931 129 978 nn
141 922 226 992 (Act,
249 937 297 992 vu,
317 920 373 990 59).
389 921 434 978 Sic
445 936 506 976 assa
525 921 652 993 oportuit
663 922 791 994 primum
812 939 888 980 mar·
937 937 1036 980 curum
1050 928 1227 992 sterpentum
1241 924 1264 960 ⁸⁵
1279 923 1387 994 (dccli,
1403 941 1433 994 11,
1450 927 1487 998 t).

82 1023 161 1088 tyram
182 1014 298 1082 Christi,
331 1014 380 1085 qui
415 1019 555 1086 martyres
587 1018 733 1072 secuturos
760 1016 888 1088 gloriosa
973 1017 1061 1074 lllllll.
1087 1017 1131 1072 Sic
1151 1018 1202 1074 tob
1225 1017 1406 1074 examinatus
1431 1025 1517 1076 estet
1530 1021 1756 1092 probetusstad

82 1115 161 1164 nnrte
180 1123 372 1180 praecurrens,
396 1125 454 1164 nou
477 1112 589 1166 tantum
611 1109 767 1166 [lominica
780 1111 888 1183 passio·
937 1125 1086 1166 summum
1109 1109 1256 1182 fastigium
1278 1111 1373 1168 laudis
1392 1113 1536 1184 patientie
1562 1115 1664 1172 virtute
1689 1132 1756 1188 pro·

81 1204 117 1259 nis
132 1201 304 1276 praedicator
323 1203 443 1272 essettt,
466 1203 515 1258 sad
535 1208 564 1258 et
583 1203 801 1274 patientissimae
815 1204 886 1260 leni·
937 1209 1042 1260 vectus.
1059 1204 1170 1268 Quanta
1182 1205 1317 1262 adversus
1331 1223 1398 1262 eum
1412 1207 1518 1264 diaboli
1530 1209 1626 1281 jacula
1641 1211 1755 1282 emissa,

82 1297 135 1352 tatis
148 1296 285 1352 imitator.
306 1295 380 1361 Ouid
396 1296 488 1352 dicam
511 1295 546 1352 de
568 1295 620 1366 ira,
637 1297 672 1352 de
687 1297 838 1361 discordia,
852 1297 888 1354 de
938 1303 1044 1368 quanta
1067 1297 1184 1354 admota
1212 1300 1374 1354 tormental
1402 1301 1513 1358 lectura
1538 1303 1578 1358 rci
1605 1303 1757 1360 familiaris

81 1390 223 1458 simultate,
233 1405 298 1462 qua
309 1390 338 1445 in
349 1388 509 1446 Christiano
519 1406 580 1446 esse
591 1389 754 1464 uon633
764 1390 888 1448 debenti
938 1389 1091 1461 iniligitur,
1107 1393 1757 1469 numerosaesobolisorbitasirrogatuattives

80 1485 113 1540 Sit
124 1483 261 1556 patientia
274 1485 303 1540 in
324 1490 451 1555 pectore,
466 1489 495 1540 et
517 1485 580 1540 hese
599 1484 656 1540 illic
670 1485 767 1540 locum
780 1486 887 1542 habere
938 1483 968 1539 in
994 1499 1081 1540 censu
1104 1485 1249 1556 dominus,
1273 1489 1302 1542 et
1323 1487 1353 1541 in
1368 1487 1465 1544 liberis
1490 1495 1572 1562 pnter
1593 1491 1687 1560 ditior,
1702 1509 1757 1548 nec

81 1581 338 1650 nonpossunt;aut
359 1577 475 1634 siadire
495 1578 679 1646 tentaverint,
704 1579 888 1635 citnexclusa
938 1575 1070 1632 dominus
1102 1582 1220 1650 repente
1244 1596 1297 1636 nec
1327 1585 1408 1652 pater
1438 1586 1490 1638 est.
1521 1583 1634 1640 Accedit
1656 1586 1754 1642 vulne·

81 1671 227 1739 discedunt,
252 1677 288 1726 ut
310 1671 489 1728 domicilium
509 1671 659 1743 pacificum
682 1678 844 1744 perseveret
857 1674 887 1728 in
939 1686 1002 1724 rum
1015 1669 1140 1740 vastitas,
1164 1677 1193 1728 et
1211 1673 1390 1728 tabescentes
1404 1689 1437 1730 ac
1459 1675 1581 1732 fluentes
1594 1683 1672 1734 artus
1685 1679 1755 1734 edax

81 1766 152 1821 corde
166 1765 215 1820 ubi
238 1767 331 1822 Deum
354 1765 432 1838 pacis
451 1765 574 1821 delectet
592 1765 732 1822 babitare.
747 1767 888 1822 Admonet
898 1745 925 1819 Β
937 1781 1050 1836 quoque
1063 1765 1203 1820 vermium
1218 1783 1303 1838 poena
1316 1769 1467 1824 consumit.
1487 1774 1538 1836 Ac,
1554 1787 1590 1826 ne
1606 1771 1675 1844 quid
1689 1788 1751 1828 orn-

80 1860 188 1932 dcnique
208 1861 365 1933 Apostolus
387 1862 417 1914 at
437 1858 521 1916 docet
547 1859 680 1934 dicens⁷⁹
701 1876 708 1914 :
728 1861 817 1918 Nolite
829 1875 890 1916 con·
941 1856 1010 1911 nino
1024 1863 1188 1914 remaneret
1200 1859 1277 1932 quod
1294 1875 1352 1916 non
1367 1861 1419 1918 tob
1434 1861 1463 1916 in
1477 1863 1535 1918 suis
1549 1863 1755 1920 tentationibus

81 1956 175 2009 natare
197 1953 336 2024 Spiritum
354 1959 480 2010 sunctum
501 1955 560 2020 lici,
584 1955 614 2008 in
634 1969 686 2024 quo
708 1955 889 2024 sipnuti·estis
939 1950 1128 2022 experiretur,
1154 1955 1249 2008 armat
1269 1953 1400 2010 diabolus
1423 1959 1452 2009 et
1473 1973 1603 2024 uxorem,
1624 1957 1672 2012 illo
1685 1958 1756 2014 anti-

81 2049 177 2102 irdiens
196 2049 393 2118 redemptionis
407 2048 442 2103 ⁸⁰.
464 2049 558 2105 Omnis
572 2048 730 2102 amaritudo
756 2053 781 2104 et
805 2051 849 2102 irc
864 2053 889 2104 at
939 2061 995 2116 quo
1008 2045 1145 2116 nequitie
1159 2063 1218 2102 suoe
1232 2063 1299 2102 usus
1310 2047 1436 2120 ingenio,
1452 2051 1531 2121 quasi
1543 2049 1639 2123 634
1654 2068 1756 2108 omnes

80 2143 222 2210 inducetis
234 2147 261 2198 et
276 2143 415 2197 clamaret
429 2142 597 2212 blasphemio
619 2143 769 2210 cernatur
783 2159 799 2195 c
812 2143 888 2198 cobis
939 2154 990 2209 per
1004 2139 1154 2196 mulierem
1169 2141 1299 2212 decipere
1315 2147 1408 2212 posset
1422 2148 1451 2198 et
1475 2144 1582 2212 lallare,
1598 2145 1677 2216 quod
1689 2145 1756 2202 iecit

82 2236 185 2306 (Epire,
199 2253 237 2304 ur,
254 2237 313 2306 50).
327 2234 354 2292 Si
368 2234 448 2290 enim
459 2235 637 2290 Christianus
651 2236 771 2290 aiurora
784 2241 812 2290 et
825 2251 889 2291 con·
939 2231 968 2286 iu
987 2233 1085 2287 inundi
1098 2234 1227 2304 origiue3
1244 2251 1296 2290 nec
1311 2241 1403 2292 umen
1418 2235 1470 2292 lob
1485 2238 1619 2309 gravibus
1638 2256 1670 2294 ac
1683 2240 1753 2296 den-

81 2331 195 2384 tentione
216 2329 338 2398 carnali,
361 2333 496 2400 tanquam
522 2328 557 2384 dc
588 2329 676 2383 maris
704 2329 887 2400 turbinibus,
938 2325 976 2380 sis
989 2326 1244 2384 conflictationibus
1265 2329 1409 2399 frangitur
1432 2329 1586 2401 quominus
1598 2333 1676 2388 inter
1690 2333 1754 2390 illas

81 2424 191 2494 excessit,
206 2421 418 2494 attrunquillus
432 2439 465 2478 ac
483 2421 557 2476 lenis
570 2422 599 2477 in
614 2428 696 2494 portu
710 2421 813 2480 Christi
828 2438 888 2478 csse
938 2421 1086 2490 angustias
1111 2426 1140 2477 et
1162 2439 1308 2492 pressuras
1331 2439 1394 2478 sues
1410 2423 1462 2480 Ilei
1486 2425 1649 2482 benedictio
1660 2428 1684 2463 ⁸⁸
1699 2429 1753 2500 (22)

79 2517 128 2586 jan
147 2519 239 2590 caepit,
267 2531 319 2572 nec
345 2516 417 2572 iram
440 2532 493 2570 nec
518 2516 686 2571 discordiam
705 2515 790 2571 debet
812 2515 888 2571 intre
939 2513 1053 2568 victrice
1075 2515 1211 2586 patientia
1233 2516 1415 2588 predicetur.
1438 2518 1538 2574 lobias
1552 2535 1676 2592 quoqne,
1693 2529 1756 2593 post

81 2617 164 2680 pectus
177 2611 343 2675 admittere,
359 2611 405 2666 cui
418 2626 471 2666 nec
486 2611 595 2666 malum
610 2625 662 2680 pro
675 2609 753 2664 malo
766 2609 888 2666 reddere
934 2607 1055 2678 justitiae
1079 2612 1108 2662 et
1130 2609 1333 2665 misericordias
1355 2627 1414 2666 suae
1427 2627 1515 2682 opera
1529 2613 1691 2684 magnilica,
1709 2616 1753 2670 lu-

82 2705 149 2760 lieeat
161 2721 212 2760 nec
226 2705 336 2760 odisse.
939 2700 1050 2756 minum
1070 2701 1220 2757 amissione
1244 2705 1382 2772 tentatus,
1405 2704 1434 2760 in
1458 2710 1599 2776 quonium
1614 2707 1755 2778 patienter

109 2799 179 2854 tvtt.
193 2799 313 2855 Necnon
324 2799 360 2854 ad
375 2798 455 2854 raria
470 2811 583 2869 quoque
597 2797 691 2852 carnis
703 2796 889 2852 incommoda
938 2795 1092 2850 cecitatem
1112 2796 1239 2867 pertulit,
1261 2795 1290 2852 in
1315 2800 1428 2852 tantum
1442 2799 1589 2870 granditer
1602 2802 1690 2856 ileum
1705 2817 1754 2873 pa-

83 2897 104 2947 ct
122 2893 232 2950 crebros
269 2893 398 2964 corporis
428 2891 570 2963 durosque
605 2891 758 2960 cruciatus,
784 2890 888 2962 quibus
937 2888 1330 2961 tientitalaudepromeruit.

82 2985 225 3042 humanum
240 2985 473 3060 genusquotidia
491 2985 626 3056 fatigatur
639 2988 668 3041 et
682 2985 820 3057 quatitur,
837 3002 886 3056 pa·
973 2983 1040 3038 lllll.
1062 2984 1168 3053 Atque,
1190 2989 1222 3038 ut
1245 2984 1349 3054 magis,
1372 2985 1474 3040 iratres
1498 2986 1684 3057 dilectissimi,
1708 3003 1756 3060 pa·

83 3081 167 3136 tientia
188 3080 354 3136 necessaria
375 3084 427 3136 est.
454 3081 542 3147 Nam,
567 3095 633 3134 cum
659 3079 688 3134 in
720 3079 767 3134 illa
794 3075 1046 3192 primaCtiantias
1071 3076 1180 3131 bonum
1216 3077 1318 3145 luceat,
1348 3077 1416 3148 quid
1439 3079 1538 3134 mulii⁷
1567 3097 1583 3136 e
1610 3081 1754 3140 contrario

83 3175 442 3246 musgressionapraeceptt
464 3174 585 3228 firmitas
603 3172 811 3244 corporiscum
836 3173 889 3226 inr-
938 3168 1120 3240 impatientia
1143 3169 1279 3240 importet
1302 3171 1525 3228 consideremus.
1552 3175 1632 3242 Nam,
1655 3181 1684 3230 ut
1706 3191 1756 3246 pa-

85 3269 241 3324 nortalitate
269 3267 438 3336 discesserit,
468 3272 496 3322 et
520 3283 586 3322 cum
615 3271 707 3322 morte
737 3265 887 3321 infirmitas
938 3261 1038 3318 tientia
1058 3262 1167 3318 bonum
1190 3264 1443 3332 Christiest,sice
1460 3265 1755 3340 contraimpatieritia

84 3362 186 3430 renerit,
210 3377 268 3418 nec
283 3361 372 3432 possit
388 3360 507 3416 firmitas
519 3360 607 3432 recipi
620 3360 675 3416 uisi
693 3375 758 3416 cum
773 3362 887 3431 recepta
938 3355 1042 3411 diaboli
1064 3355 1207 3412 malum⁸⁸
1229 3357 1306 3428 (it);
1326 3361 1355 3412 et
1378 3359 1449 3414 sicut
1463 3359 1492 3414 in
1518 3376 1575 3432 quo
1597 3361 1706 3416 habitat
1727 3367 1757 3417 et

85 3454 108 3504 at
122 3451 319 3508 immortalitas
342 3451 439 3518 luerit,
463 3453 575 3522 oportet
597 3451 628 3504 in
650 3449 705 3504 hac
729 3449 885 3520 fragilitate
936 3455 1035 3505 manet
1058 3450 1195 3518 Christus,
1219 3453 1332 3523 patiens
1355 3452 1515 3521 invenitur,
1541 3453 1581 3509 ita
1603 3455 1755 3527 impatiens

85 3549 155 3616 atque
168 3544 336 3600 infirmitate
348 3559 485 3616 corporea
495 3543 517 3578 ⁸¹
535 3543 635 3598 luctari
648 3558 766 3614 semper
779 3546 807 3598 et
820 3559 885 3598 con·
936 3559 1051 3614 semper
1063 3543 1159 3601 existit
1181 3545 1262 3616 cujus
1283 3550 1411 3602 mentem
1433 3545 1541 3602 diaboli
1553 3548 1680 3619 nequitia
1692 3565 1755 3620 pos-

85 3637 159 3706 gredi.
172 3639 240 3705 Qum
259 3637 377 3694 luctatio
392 3642 421 3692 at
433 3637 598 3708 congressio
621 3651 679 3692 nnn
703 3636 755 3691 uisi
777 3636 885 3709 palleo·
936 3635 1019 3692 sidet.
1047 3637 1167 3692 Exordia
1195 3638 1319 3711 denique
1347 3639 1410 3710 ipsa
1436 3640 1592 3696 rideamus.
1618 3641 1755 3698 diabolus

86 3730 123 3784 tiae
140 3732 242 3788 viribus
263 3734 358 3804 potest
385 3730 532 3786 sustineri.
559 3729 761 3786 Examinandis
788 3735 886 3786 autem
936 3728 1121 3786 bominem⁸⁹
1135 3731 1172 3786 ad
1187 3731 1348 3802 imaginem
1369 3733 1420 3788 ilci
1439 3733 1546 3790 iactum
1570 3733 1753 3806 impatienter

86 3823 152 3878 nobis
183 3829 270 3898 atque
303 3824 485 3896 explorandis
498 3823 521 3858 ⁸¹
556 3823 660 3879 diversi
694 3823 888 3896 importantur
937 3822 1109 3878 tulitsinde
1121 3829 1149 3878 et
1168 3824 1252 3894 periit
1266 3825 1375 3896 primus
1387 3827 1440 3898 tas)
1455 3833 1483 3882 et
1498 3827 1632 3897 perdidit.
1650 3827 1779 3898 Adam,·

85 3915 190 3986 dolores,
216 3923 245 3975 et
265 3917 414 3990 multiplex
430 3917 621 3972 tentationum
644 3917 766 3988 qualitas
779 3917 887 3986 irroga·
936 3921 1036 3970 contra
1048 3917 1159 3972 coeleste
1182 3921 1368 3990 preceptum,
1382 3919 1437 3974 cibi
1460 3919 1573 3975 lethalis
1590 3920 1754 3992 impatiens,

84 4017 130 4081 tur,
145 4013 178 4070 de
196 4013 317 4084 jacturis
339 4011 519 4078 facultatum,
539 4009 575 4065 de
589 4011 737 4066 ardoribus
750 4009 885 4078 lebriurn,
937 4009 967 4063 in
989 4016 1113 4064 mortem
1140 4010 1252 4078 cecidit,
1279 4029 1331 4068 nec
1359 4017 1505 4085 acceptam
1532 4013 1668 4070 divinitus
1691 4031 1755 4088 gra-

761 4177 866 4242 llariae
894 4179 1064 4243 lectiones.

108 4309 193 4365 'trion
207 4317 312 4380 poteris
332 4317 384 4366 ista
403 4315 466 4366 Bod.
482 4317 505 4376 t,
521 4315 545 4366 3.
580 4313 601 4348 ⁷⁶
628 4315 751 4366 Perierre
765 4317 811 4366 Ar.
834 4315 918 4366 Sarte.
947 4316 1016 4366 tam.
1031 4314 1105 4364 libor.
1125 4320 1193 4368 Voss.
1225 4317 1246 4352 ²⁷
1263 4319 1287 4369 A
1302 4316 1444 4384 Stephano
1468 4320 1539 4369 tce.
1560 4317 1635 4370 iteca
1650 4320 1754 4374 fleas.

85 4380 104 4416 ⁷⁸
118 4386 208 4437 lleruit
220 4387 386 4452 praedicator
406 4399 468 4439 essa
485 4387 569 4438 Saris.
603 4386 624 4419 ’t
648 4387 742 4438 Monet
766 4387 937 4438 dicensitnd.
952 4388 974 4438 t.
996 4386 1275 4453 Admonetdenique
1293 4389 1436 4452 apostolus
1464 4389 1565 4440 Paulus
1579 4391 1635 4440 Ver.
1668 4389 1756 4443 ”Die

85 4454 267 4520 redemptionis
282 4459 364 4508 Seria.
384 4457 449 4508 lind.
467 4459 490 4518 l,
504 4458 529 4509 Ξ.
548 4457 613 4506 Vici.
646 4456 668 4491 ⁸¹
682 4456 811 4521 Corporis
826 4458 926 4508 luctnrl
947 4469 1057 4521 semper
1067 4458 1127 4506 dod.
1145 4459 1169 4516 3,
1182 4459 1206 4508 t.
1239 4457 1262 4494 ⁸¹
1274 4458 1425 4508 probandis
1443 4459 1545 4510 diversi
1565 4461 1754 4524 importantur

86 4525 251 4580 iaborest'er.
284 4529 506 4594 ”MagisJ'ustos
523 4528 754 4580 discernitscris.
778 4530 982 4592 noc.t,s,s‚t.
1019 4529 1039 4564 θ*
1062 4529 1134 4583 Just]
1161 4531 1225 4579 t'oss.
1242 4529 1264 4578 l.
1298 4527 1318 4562 ⁸³
1336 4529 1470 4578 Homines
1489 4543 1554 4580 vero
1577 4531 1753 4594 receptibiles

86 4601 108 4648 in
121 4606 225 4656 camino
242 4605 447 4656 humiliationis
460 4604 522 4656 Bcd.
538 4606 548 4654 t
582 4604 604 4639 ⁸⁶
616 4604 842 4655 benedictionem
856 4603 971 4654 victrice
983 4604 1115 4666 patientta
1131 4599 1293 4664 praedicaret
1306 4599 1373 4648 Voss.
1393 4602 1414 4649 t.
1435 4601 1501 4648 Pem.
1517 4598 1577 4648 oid.
1598 4601 1620 4649 i.
1645 4599 1700 4651 tte.
1723 4600 1748 4649 2.

86 4669 142 4722 tiitt
151 4675 216 4739 quid
228 4675 296 4726 malt
312 4675 395 4727 Scris.
429 4675 450 4708 ¹⁸
468 4675 570 4726 bialum
586 4678 629 4726 est
641 4674 704 4726 iisd.
718 4676 740 4738 l,
754 4674 779 4724 i.
811 4673 833 4708 ⁸³
846 4675 937 4725 Deum
949 4675 1120 4738 superiorem
1139 4685 1169 4722 se
1179 4675 1206 4721 et
1218 4670 1360 4721 hominem
1373 4670 1407 4720 ad
1424 4669 1486 4720 Vict.

716 4803 829 4888 Steph.
860 4804 983 4870 Beluzii
1011 4810 1110 4870 notae.

85 4929 156 4980 etiam
171 4931 340 4995 blorclliuna,
356 4936 384 4984 et
403 4931 460 4982 duo
473 4931 535 4982 libri
555 4935 670 4982 vetares.
692 4931 774 4994 Quod
788 4944 885 4996 sump-
896 4951 926 5023 D
937 4933 1003 4980 runt
1019 4944 1024 4978 :
1041 4947 1055 4976 e
1068 4929 1118 4980 Dei
1142 4926 1365 4978 benedictionem
1387 4925 1501 4976 victrice
1518 4923 1649 5007 petieratis
1667 4924 1754 4976 comi-

87 5002 887 5068 tunestexcapitexxvnrtlcttbaei.1taquebiclocus
938 5005 1019 5052 tetur.
1044 5019 1057 5047 s
1081 4999 1279 5064 Seguierianua
1306 5013 1312 5047 :
1342 5015 1356 5042 «
1377 4997 1429 5047 Dei
1459 4995 1618 5048 benedictio
1642 4997 1756 5048 victrice

86 5069 180 5122 ridetur
194 5087 255 5126 esse
272 5076 388 5126 mutilus
411 5077 439 5125 in
460 5075 583 5138 antiquis
597 5073 752 5137 codicibus,
766 5077 815 5139 qui
831 5087 886 5124 non
936 5073 1069 5136 patientia
1086 5071 1261 5137 praedicetur.
1277 5087 1291 5116 n
1314 5069 1361 5121 Sic
1375 5069 1458 5122 etiam
1481 5067 1568 5120 codex
1591 5070 1681 5123 sancit
1702 5071 1755 5120 Ar·

86 5137 177 5194 babent
200 5143 274 5196 bane
300 5143 473 5209 particulam.
501 5145 569 5194 Earn
598 5144 738 5194 Manutius
765 5145 886 5206 sustulit,
936 5143 1044 5207 nulphi.

87 5209 212 5266 lloreltius
235 5217 366 5281 reposuit,
387 5215 526 5266 Pamellus
545 5229 654 5266 rursum
683 5217 804 5268 sustulit.
829 5215 887 5268 Co·
969 5213 1196 5278 (tdtmputientia
1222 5211 1322 5264 dioboli
1342 5210 1451 5262 molum.
1479 5209 1549 5260 Vide
1568 5209 1670 5262 tibrum
1687 5211 1755 5264 Ter-

87 5279 130 5332 dex
143 5287 228 5337 sancti
248 5287 395 5352 Arnulpbi,
411 5299 466 5338 coc
489 5290 589 5338 tontum
608 5289 774 5350 septuapintc
796 5293 887 5351 etrep-
938 5283 1047 5336 tulliani
1061 5285 1093 5335 de
1117 5284 1280 5348 Paenitentia,
1302 5284 1351 5350 qui
1371 5287 1445 5334 totus
1466 5283 1494 5334 in
1515 5281 1568 5333 hoc
1593 5286 1756 5348 argumento

87 5357 135 5403 un.
168 5355 205 5408 Ra
232 5360 471 5424 argumentatione
499 5361 526 5409 et
554 5358 717 5410 auctoritate
744 5373 811 5410 usus
844 5363 888 5411 est
937 5360 1070 5407 versatur.

88 5419 235 5480 Catholieus
252 5431 435 5481 Armenorum
458 5443 531 5480 anno
553 5429 614 5481 retr
636 5429 670 5481 ad
692 5430 886 5482 Innocentium
969 5427 1115 5492 litlisriit
1135 5427 1246 5492 primus.
1274 5426 1364 5478 Siricii
1388 5439 1468 5491 papea
1492 5425 1614 5492 Epistola
1631 5425 1668 5476 od
1692 5425 1757 5476 uni-

89 5491 176 5558 Pepens
191 5501 227 5550 tv
246 5502 379 5560 scribens,
393 5505 423 5552 ut
444 5501 470 5552 ei
492 5500 620 5553 suaderet
642 5501 814 5565 percendum
826 5515 887 5554 esse
936 5512 1024 5551 versos
1049 5501 1180 5565 episcopos
1204 5515 1212 5549 :
1241 5517 1255 5546 s
1279 5499 1340 5550 Non
1373 5500 1475 5564 patitur
1506 5499 1616 5564 quietos
1643 5511 1695 5549 nos
1721 5497 1757 5548 ab

90 5563 213 5622 Fridcrico
237 5573 405 5638 imperatori,
429 5572 562 5624 adversus
596 5586 680 5637 quem
709 5573 887 5627 vehementer
936 5569 1123 5622 incursatione
1144 5584 1194 5622 sua
1217 5583 1315 5622 vacare
1338 5570 1426 5622 hostis
1445 5571 1588 5636 antiquus,
1615 5569 1650 5620 ab
1674 5570 1756 5620 initio

89 5645 211 5692 exemerat
225 5643 367 5695 iracundia
391 5645 482 5709 Papae.
497 5643 569 5695 Vide
591 5641 742 5696 Odoricum
763 5643 887 5708 Raynal-
936 5641 1066 5702 mendax,
1083 5641 1214 5692 inimicus
1235 5641 1369 5703 raritatis,
1387 5641 1506 5693 aemulus
1526 5640 1657 5704 hominis,
1670 5653 1756 5705 quem

91 5703 155 5769 dum,
169 5723 240 5763 anno
252 5713 321 5774 test,
336 5713 353 5780 g
366 5713 405 5765 ei.
936 5718 967 5766 ut
980 5713 1130 5779 deciperet,
1143 5726 1173 5764 se
1185 5717 1249 5768 note
1262 5713 1383 5782 decepit.
1398 5730 1413 5762 »

117 5777 220 5844 littori
249 5783 397 5838 benedictio.
422 5784 543 5852 Quidam
564 5785 628 5840 libri
653 5789 761 5841 veteres
784 5789 888 5860 praeie-
