4012 6192
109 227 162 292 985
682 239 841 304 curetum
860 243 1065 306 naulochum
1084 246 1217 306 ausula.
1739 239 1790 304 dii

107 355 431 420 ilaminibeuediclum.
448 362 707 423 ιὸυιιιειιιιοιιιί
726 369 775 441 qni
796 385 854 426 aaa
871 370 924 427 mi·
936 372 1226 459 Aargumeatisnou
1243 371 1405 430 desinemus
1425 389 1476 430 aas
1495 367 1616 429 inuicem
1635 367 1789 438 exhortari,

107 470 163 510 nus
188 461 297 512 atmees
325 457 432 513 babent
456 458 610 529 crucians,
636 477 722 533 qsram
750 463 807 520 ulla
833 470 926 536 polest
975 466 1010 521 ad
1029 465 1226 522 illustrandam
1248 466 1360 522 Domini
1380 467 1511 538 gloriam,
1535 467 1614 538 cujas
1603 464 1790 521 stitutumet

107 547 216 606 inferre
250 554 390 606 torturam
428 553 544 624 saeuitia,
567 555 654 612 vetuti
685 557 816 628 pleuritis
849 559 924 631 (36),
976 559 1247 631 iusigniagerimas
1263 561 1483 616 Praestemasilli
1502 561 1670 632 martyrium
1689 559 1719 613 ia
1737 573 1788 613 suo

107 641 248 712 ischiasis,
277 644 412 716 podagra,
440 647 587 720 paralysis,
612 648 747 721 ealcrdas,
773 667 873 708 renam
898 657 926 709 et
976 651 1096 725 quisque
1119 656 1195 709 stata
1219 657 1247 709 et
1273 653 1383 722 ordine,
1408 669 1465 710 noa
1489 654 1624 709 solamia
1649 651 1786 720 adversis,

107 737 211 792 vesicae
226 737 411 794 exulceratio.
428 741 526 796 Tale'
505 758 527 797 ιι
541 742 608 814 quid
628 743 773 815 acciderit,
790 763 827 802 ne
845 763 925 802 meus
974 762 1075 802 veram
1089 747 1176 802 etiam
1192 747 1221 802 in
1235 747 1390 820 prosperis.
1403 748 1432 802 lu
1446 745 1541 820 905
1555 745 1679 801 adversis
1693 760 1786 816 agno·

107 835 294 903 exasperetur
306 831 343 888 ad
358 833 579 906 impatientiam,
590 853 627 892 ae
639 837 738 911 lingua
750 842 883 912 erumpat
895 841 924 896 in
975 857 1085 896 scamas
1098 857 1225 896 amorem
1239 841 1327 914 patris
1340 840 1509 912 flagellantis
1523 856 1575 895 nas
1588 840 1623 895 ad
1638 839 1789 894 eorrectio-

106 941 192 981 raees
205 925 397 997 blasphemas,
412 927 460 984 sed
475 945 541 986 eam
560 931 646 987 beato
660 932 746 988 liavid
761 935 790 988 at
804 935 863 990 lleli
879 951 923 990 sa·
974 951 1052 1003 nem,
1068 939 1096 990 at
1117 935 1222 1008 gratias
1243 951 1361 1007 agamus
1382 933 1515 990 charitati
1537 949 1593 1005 qua
1613 932 1706 1004 diligit
1725 946 1786 998 nas,

107 1018 225 1074 cerdote
241 1019 473 1078 dicat:llomiaas
485 1027 535 1094 est,
548 1025 635 1092 fumat
647 1026 720 1096 qaod
733 1027 829 1083 bouum
842 1035 880 1084 est
894 1029 925 1084 iu
974 1031 1006 1084 at
1031 1029 1113 1100 filios,
1135 1046 1206 1101 quas
1225 1029 1355 1085 abdicare
1377 1045 1435 1085 noa
1456 1027 1525 1096 verit,
1549 1026 1596 1083 sed
1621 1025 1787 1082 emendatos

105 1114 288 1188 aeratis-ipsius
300 1113 321 1186 (l
342 1118 418 1186 ilep„
432 1132 471 1184 ιιι,
489 1117 543 1186 le).
558 1119 597 1174 lta
612 1120 685 1176 mala
701 1135 767 1192 quiae
781 1139 837 1177 non
854 1121 924 1178 infe·
973 1122 1156 1195 reciperata
1177 1123 1322 1196 prosperis
1343 1139 1425 1196 neque
1447 1122 1553 1196 gratias
1574 1136 1693 1193 agamus
1713 1118 1788 1173 illius

105 1212 213 1296 rantur
230 1208 266 1262 oh
280 1208 383 1264 Christi
399 1211 618 1282 professionem,
633 1217 776 1270 vertemus
793 1217 874 1272 nubis
893 1215 922 1272 in
972 1217 1103 1286 bonitati,
1120 1234 1176 1289 qua
1198 1218 1361 1274 consulatur
1380 1233 1433 1272 nos
1453 1220 1484 1270 ut
1506 1214 1698 1270 tentationum
1717 1227 1788 1284 pon-

106 1317 257 1369 eoronam,
275 1303 304 1356 et
320 1303 430 1360 Christo
445 1305 474 1359 in
494 1305 625 1377 gloriam.
638 1310 678 1362 Ae
692 1308 740 1363 liet
759 1309 878 1366 tortasse
893 1316 924 1366 ut
973 1310 1026 1366 das
1041 1310 1137 1384 906
1154 1312 1296 1383 possimus
1311 1311 1451 1367 sustinere
1460 1327 1469 1379 3
1482 1310 1523 1364 ita
1540 1309 1589 1365 liet
1604 1313 1636 1364 at
1652 1309 1714 1362 tata
1730 1305 1788 1362 vita

108 1394 257 1458 [lominus.
273 1401 369 1451 nostra
386 1398 538 1454 tolerantia
552 1400 732 1472 propitiatus,
747 1409 796 1458 aut
813 1404 924 1460 auferat
971 1408 1065 1460 nostra
1081 1405 1153 1460 nihil
1167 1405 1244 1459 aliud
1263 1405 1299 1460 sit
1311 1421 1398 1476 qaam
1419 1402 1621 1471 testimonium,
1638 1401 1787 1456 declarans

107 1487 277 1544 afflictiones
289 1495 338 1544 aut
352 1491 483 1563 mitiget3
497 1493 573 1564 quod
589 1493 613 1548 si
629 1511 686 1550 noa
700 1496 740 1564 lit,
756 1499 853 1552 tamen
869 1497 924 1554 hae
972 1498 1047 1570 apud
1056 1499 1240 1554 eredenteset
1249 1497 1411 1554 incredulos
1424 1495 1605 1568 sapientiam,
1617 1493 1785 1560 bonitatem,

106 1581 219 1638 ratione
229 1582 366 1638 iaciemus
377 1590 407 1638 ut
417 1585 491 1656 qaod
503 1587 923 1660 animoimputientilaissetin·
971 1591 1196 1648 misericordiam
1209 1609 1242 1647 ae
1256 1591 1404 1647 veritatem
1417 1590 1467 1646 llei
1480 1589 1579 1659 Patris,
1593 1593 1622 1644 et
1635 1586 1697 1642 Filii
1709 1585 1786 1642 illias

106 1675 265 1746 tolerabile,
278 1676 328 1732 flat
338 1677 473 1750 patientia
487 1679 595 1738 mitius.
607 1683 654 1738 llis
664 1684 922 1756 atqaehujusmodi
971 1686 1047 1756 lesu,
1060 1689 1089 1742 et
1101 1684 1222 1757 Spiritus
1234 1685 1331 1741 sancti.
1348 1687 1450 1741 Amen.

108 1865 1785 1902 m

284 2019 577 2168 ORATIO
613 2023 985 2168 CYPRIANI
1027 2023 1522 2171 auttuuuuut
1563 2003 1608 2094 (¹)

765 2256 844 2325 Pau
865 2256 1135 2326 MARTYRIBUS.

141 2626 256 2699 ilergius,
273 2627 386 2700 hagios,
405 2629 515 2702 hagios,
535 2637 820 2704 sanctesanetorum,
838 2637 1106 2722 PaterBsauctsm,
1127 2650 1239 2706 pamm,
1264 2631 1398 2701 sobriam,
1422 2635 1538 2701 castam,
1560 2629 1662 2685 eontra
1684 2641 1785 2682 omnes

102 2725 221 2790 patrum
246 2725 420 2791 nostrorum,
447 2725 522 2780 Deus
550 2727 702 2795 Abraham,
729 2729 802 2784 Dens
830 2731 918 2799 isaac,
970 2727 1193 2785 insidiassrecuti
1207 2727 1328 2800 gloriosa
1348 2726 1405 2782 tide
1424 2726 1586 2797 degentem,
1607 2728 1706 2778 contra
1722 2719 1783 2774 dia·

103 2815 288 2886 Deaslacob,
308 2817 380 2872 deas
397 2819 600 2891 apostolouam,
614 2823 686 2876 Deris
704 2823 919 2894 prophetarum,
970 2821 1028 2878 boii
1047 2822 1139 2878 minas
1162 2827 1191 2877 et
1209 2821 1335 2876 carnales
1354 2819 1500 2876 illecebras
1521 2817 1665 2872 munitam
1686 2815 1785 2886 pectus

102 2909 178 2964 Deus
203 2909 360 2980 virginum,
383 2912 458 2967 Deus
478 2911 552 2968 bene
572 2915 743 2984 visentium,
764 2917 839 2971 [leurs
858 2932 919 2972 cre·
970 2915 1175 2984 concedesne
1197 2913 1314 2970 violenti
1336 2919 1364 2968 et
1386 2911 1500 2968 cruenti
1522 2909 1611 2966 hostis
1631 2906 1785 2964 lethalibus

102 3001 246 3070 dantium,
266 3003 340 3059 Deris
355 3009 383 3060 et
397 3007 480 3060 Pater
494 3007 605 3064 [lamini
622 3008 711 3064 nostri
729 3011 796 3065 lesrr
817 3011 919 3066 Christi
969 3010 1079 3082 laqueis
1098 3009 1287 3080 implicemur,
1304 3013 1334 3061 ul
1350 3006 1465 3079 signum
1486 3003 1583 3060 salutis
1607 3006 1722 3058 ceterum
1741 2999 1785 3054 in·

102 3095 165 3151 Filii
180 3095 221 3150 toi
237 3101 287 3152 :te
307 3097 472 3154 invocamus
487 3101 636 3173 supplices,
652 3099 760 3174 pariter
774 3105 804 3158 et
816 3103 919 3176 depre·
970 3103 1083 3158 colatae
1103 3103 1280 3174 perferamus
1300 3101 1349 3174 (4).
1371 3101 1446 3156 Pelle
1459 3115 1475 3154 a
1489 3097 1572 3154 nobis
1595 3110 1712 3152 ornnem
1729 3110 1781 3148 sm·

102 3205 213 3256 camur,
239 3190 290 3245 Fili
316 3191 470 3264 unigenite,
492 3193 541 3266 qai
566 3211 599 3250 ex
626 3211 675 3250 ore
697 3196 833 3253 Altissimi
857 3214 921 3269 pro-
970 3197 1026 3252 culi
1056 3197 1182 3253 illuviem
1215 3211 1389 3267 omnemque
1419 3193 1523 3249 diaboli
1556 3189 1784 3264 persuasionem.

101 3286 217 3338 creatus
235 3300 264 3338 es
283 3290 348 3341 aute
366 3285 466 3341 mundi
484 3286 709 3360 dispositionem,
725 3294 754 3346 et
772 3305 806 3346 ex
826 3291 919 3348 diarias
971 3291 1144 3364 Laqueetur,
1158 3289 1298 3359 concidat,
1312 3295 1341 3352 et
1357 3291 1508 3362 superetur
1521 3302 1539 3341 a
1553 3284 1645 3348 nobis,
1660 3287 1689 3340 et
1705 3297 1784 3337 ama·

102 3381 208 3432 sunctae
223 3377 343 3450 Virginis
361 3385 444 3436 atero
460 3397 512 3452 per
530 3382 696 3454 mysterium
712 3383 815 3454 editus,
832 3401 919 3441 uran-
970 3387 1081 3453 reatur,
1096 3385 1168 3440 sient
1182 3401 1198 3440 a
1211 3385 1292 3440 Sarra
1309 3383 1414 3438 lamala
1428 3386 1477 3437 tua
1491 3379 1655 3446 asmodeus,
1671 3377 1785 3432 damon

102 3469 179 3525 tibus
194 3471 286 3540 nobis,
301 3472 392 3527 sancti
410 3471 546 3529 desiderii
564 3474 687 3546 spiritale
708 3477 920 3534 incrementum
970 3478 1171 3550 aequissimas,
1184 3477 1341 3533 exstinctus
1354 3491 1405 3548 per
1414 3475 1550 3546 angelum
1564 3476 1645 3527 tuum
1657 3474 1785 3525 sanetum

103 3569 131 3619 ct
146 3565 343 3636 iutegritatem
357 3565 450 3622 cordis
463 3573 598 3639 praestare
614 3568 743 3641 dignare,
760 3575 791 3626 at
809 3571 919 3628 lavacro
972 3573 1107 3644 Raphael.
1128 3573 1163 3627 lit
1180 3571 1252 3627 sicut
1273 3569 1369 3626 Tobiae
1392 3568 1521 3635 adfuisti,
1539 3568 1579 3623 ita
1600 3563 1671 3622 mihi
1689 3562 1787 3618 adesse

102 3657 221 3713 salutari
253 3663 414 3714 recreatum
448 3665 586 3732 pertusa
619 3662 729 3719 delictis
761 3665 920 3720 carnalibus
971 3666 1107 3737 digneris.
1121 3665 1156 3720 Et
1169 3669 1200 3720 ut
1218 3663 1309 3720 tribas
1328 3662 1424 3736 pueris
1440 3663 1469 3717 iu
1486 3660 1610 3731 camino,
1630 3665 1659 3713 et
1679 3655 1787 3712 Danieli

102 3753 248 3807 incolume
275 3753 415 3824 persistat.
439 3753 563 3810 Petimus
589 3755 645 3812 tide
672 3756 793 3826 illibata,
822 3765 920 3814 mente
972 3759 1195 3814 misericordiam
1216 3756 1392 3831 praestitisti,
1416 3755 1457 3811 sic
1485 3755 1560 3810 eima
1585 3769 1638 3808 nas
1664 3751 1787 3806 tumulos

102 3845 285 3916 incorrupta,
315 3847 464 3903 devotione
495 3848 632 3917 robusta,
666 3851 831 3922 operatione
869 3869 920 3907 sea
971 3857 1035 3908 tuos
1049 3852 1142 3908 iacere
1156 3851 1293 3924 digneris.
1309 3851 1364 3915 Qui
1382 3855 1510 3905 mortuos
1529 3845 1679 3913 suscitasti,
1697 3859 1786 3899 caeos

102 3939 255 3995 dilectione
276 3941 517 4012 continuantia
540 3943 665 3999 Ecclesia
683 3949 780 4000 sancta
804 3947 850 4001 tae
869 3963 920 4001 nos
970 3945 1146 4014 illuminasti,
1160 3945 1255 4001 surdis
1276 3943 1417 4012 auditum,
1439 3942 1527 3997 mutis
1540 3938 1665 4012 eloquia,
1679 3935 1787 3992 claudis

102 4032 209 4089 llorere
233 4033 379 4105 permittas
401 4051 407 4090 :
428 4035 565 4108 quoniam
592 4038 643 4092 tibi
665 4037 804 4094 flectimus
828 4019 959 4110 genaaC
972 4055 1110 4112 gressum,
1124 4037 1245 4110 leprosis
1258 4037 1412 4094 sanitatem
1428 4034 1539 4103 dedisti,
1551 4033 1590 4089 ita
1602 4038 1631 4089 et
1642 4031 1678 4088 da
1692 4031 1785 4087 iamn-

103 4131 132 4182 et
154 4143 306 4182 curramus
328 4129 466 4200 cervices,
493 4131 538 4185 cai
564 4131 660 4203 angeli
688 4135 717 4186 el
746 4133 919 4205 archangeli,
970 4133 1003 4189 lis
1019 4131 1266 4205 tais,quitetala
1284 4130 1388 4186 virtute
1403 4127 1784 4195 mentiseredimaeaatam,

103 4220 196 4275 millia
216 4221 337 4277 millium
363 4229 532 4296 martyrum,
553 4225 656 4280 chorus
677 4225 874 4298 apostoloram
893 4231 922 4282 et
970 4242 1097 4300 passum,
1130 4228 1283 4281 venturum
1312 4224 1443 4297 judicare
1474 4223 1552 4278 vivos
1582 4224 1611 4277 et
1644 4225 1782 4276 mortuos.

102 4314 312 4386 prophetaram
344 4317 434 4388 gloria
460 4319 618 4386 exsultant,
650 4318 695 4374 eui
725 4333 826 4374 amnes
856 4335 920 4373 ares
969 4319 1413 4390 Assisteaobis‚sieutapostolis
1432 4317 1461 4372 iu
1483 4315 1610 4376 vinculis,
1627 4314 1736 4370 Theclae
1754 4313 1785 4367 in

102 4414 212 4463 canunt
231 4409 338 4478 laudes,
360 4409 468 4482 linguae
489 4411 660 4467 cantitentur
677 4412 843 4481 eoelestium,
865 4418 921 4468 ter·
971 4413 1093 4486 ignibus,
1116 4413 1200 4468 Paulo
1217 4413 1246 4467 iu
1267 4411 1520 4484 persecutionibus,
1541 4411 1624 4464 Petro
1646 4409 1677 4462 in
1696 4406 1786 4462 tincti-

102 4502 237 4557 r··strium
253 4503 469 4559 etialernorum
485 4522 492 4561 ε
507 4505 558 4560 tibi
578 4521 679 4560 omues
696 4521 778 4577 aquae
800 4506 830 4560 in
850 4505 920 4561 eoelo
970 4506 1101 4571 basoni
1121 4506 1202 4560 sedes
1217 4521 1302 4577 snper
1316 4510 1426 4576 septem
1447 4505 1567 4559 thronos
1584 4502 1619 4556 ad
1637 4502 1784 4556 dexteram

103 4600 131 4650 et
150 4595 205 4650 sab
225 4595 296 4652 emto
320 4597 507 4668 confitentum
527 4604 555 4654 te
579 4598 755 4654 insensibilia
770 4599 918 4654 sentiunt:
970 4600 1068 4668 Patris,
1084 4598 1190 4670 respice
1207 4602 1299 4652 auset
1321 4597 1408 4652 libera
1427 4613 1479 4652 aas
1497 4595 1533 4650 de
1552 4599 1667 4650 eternae
1686 4591 1786 4648 mortis

102 4695 132 4744 tu
155 4707 186 4744 es
209 4691 296 4760 solus,
324 4695 352 4746 et
378 4695 481 4761 praeter
505 4697 532 4748 te
560 4697 590 4747 et
610 4697 687 4746 extra
708 4695 737 4747 te
766 4707 859 4747 usuro.
884 4694 920 4749 Te
969 4692 1086 4747 interita
1111 4709 1117 4747 :
1146 4708 1218 4748 onus
1238 4691 1268 4746 ia
1293 4707 1363 4759 aaa,
1390 4692 1472 4748 Pater
1492 4689 1521 4743 iu
1543 4687 1630 4755 Filia,
1650 4685 1735 4741 Filias
1756 4684 1785 4739 in

101 4799 287 4854 quesumus,
314 4784 443 4854 Domine,
470 4787 551 4840 Pater
574 4785 766 4857 omnipotens,
792 4785 841 4857 qrri
867 4785 918 4841 soli
970 4787 1064 4854 Patre,
1078 4785 1200 4857 Spiritus
1220 4789 1344 4854 sauctus,
1362 4799 1413 4855 per
1433 4797 1519 4855 quern
1538 4784 1567 4836 el
1584 4795 1649 4835 cum
1669 4794 1724 4851 quo
1744 4780 1787 4832 est

102 4877 173 4932 Filio
193 4877 392 4950 conspicabilis
411 4895 441 4933 es
461 4879 511 4948 (2),
531 4879 611 4950 enjus
630 4879 727 4951 angeli
747 4885 776 4935 et
796 4879 918 4934 archan·
971 4879 1021 4935 tihi
1036 4879 1065 4934 in
1084 4885 1183 4934 sancta
1205 4878 1326 4933 Ecclesia
1346 4877 1446 4946 honor,
1469 4876 1568 4942 virtus,
1588 4873 1707 4942 claritas,
1727 4889 1786 4926 ma·

103 4970 162 5041 geli
183 4971 384 5043 obtemperant
408 4971 469 5036 tibi,
494 4971 615 5028 Domine
636 4974 734 5042 Pater;
756 4975 784 5027 te
806 4989 920 5027 oramus
965 4972 1064 5045 jesias,
1084 4975 1219 5044 potestas,
1237 4971 1410 5038 benedictio,
1431 4968 1639 5036 immortalitas,
1660 4971 1690 5022 et
1710 4983 1786 5022 arrae

103 5069 136 5120 nt
159 5065 267 5120 tribuas
290 5067 371 5122 uobis
393 5069 519 5121 meatem
544 5067 702 5138 integram,
723 5066 918 5121 innocentiam
970 5070 1000 5122 et
1014 5067 1043 5120 iu
1059 5072 1210 5132 aeternam,
1226 5081 1339 5136 semper
1353 5069 1381 5120 et
1397 5065 1425 5120 ia
1440 5063 1538 5119 omnia
1551 5061 1655 5117 saecula
1668 5061 1786 5116 saeculo·

101 5175 207 5230 param
236 5160 287 5232 (3),
321 5159 513 5216 sinceritatem
536 5160 688 5228 devotam,
716 5159 918 5215 conscientiam
969 5163 1163 5216 ramlmen.

791 5285 966 5349 variorum
988 5288 1086 5348 notae.

134 5393 167 5456 {ll
188 5393 323 5456 capriani
337 5391 500 5444 Antiocheae.
512 5393 678 5455 Quietaerat
689 5393 741 5444 iste
754 5391 919 5458 Cyprianus,
1002 5393 1035 5455 (3)
1065 5393 1250 5443 Innocentiam
1276 5405 1383 5457 parum.
1413 5389 1538 5442 Moretllo
1568 5399 1664 5440 rursus
1692 5399 1788 5451 accep·

99 5462 294 5515 Antiochenus
305 5477 403 5528 magus
413 5467 439 5514 et
453 5463 570 5514 lastiaae
579 5465 709 5527 amasias,
720 5463 791 5513 intra
801 5463 918 5516 dicetur.
969 5467 1025 5514 tam
1050 5461 1185 5515 debemus
1209 5475 1306 5514 rocem
1331 5466 1484 5527 peramat
1505 5460 1590 5526 paulo
1613 5461 1675 5524 post
1689 5471 1785 5509 vocem

101 5535 198 5585 Oxou.
625 5557 628 5566 2
968 5535 1058 5596 hostie,
1075 5533 1124 5584 nbi
1148 5534 1249 5597 legitur
1272 5533 1375 5584 cruenti
1403 5533 1494 5591 tostis,
1517 5531 1583 5583 alibi
1609 5528 1777 5602 desideratus

133 5605 166 5668 (Ξ)
191 5603 250 5655 Soli
264 5603 319 5668 filio
340 5605 528 5670 conspicabilis
548 5620 583 5656 es.
608 5605 670 5656 blas.
693 5617 790 5656 omnes
811 5609 839 5655 et
860 5608 915 5655 vet
968 5572 1079 5656 Pausi.

100 5691 162 5727 exc.
178 5675 383 5739 conspectabitia.
396 5674 581 5729 Verumillud
593 5677 693 5742 placet,
705 5677 780 5742 quod
791 5675 917 5727 similiter
998 5679 1029 5737 tl)
1051 5677 1081 5726 m
1099 5677 1200 5741 signam
1218 5675 1314 5726 salectis
1334 5680 1437 5726 aterna
1458 5674 1595 5725 incolume
1611 5667 1784 5746 perferamus.

100 5747 203 5797 dixerit
222 5747 410 5800 Prsrdentlus·
426 5761 516 5800 aeram
533 5747 637 5812 roleteit
656 5761 702 5800 ure
718 5746 913 5813 conspicabilia.
965 5746 1067 5798 lisdem
1082 5759 1153 5812 pene
1169 5745 1258 5796 verbis
1273 5747 1361 5798 utitur
1375 5748 1529 5798 etiamnum
1543 5741 1673 5800 Ecclesia
1688 5735 1716 5786 in
1733 5745 1786 5783 σω·

101 5819 213 5870 eausa.
963 5817 1095 5872 mmonils
1108 5817 1249 5886 Baptisml.
1265 5817 1376 5872 Pausa
