4080 6200
123 259 178 320 111
862 253 1023 324 aristosi
1043 252 1065 318 i.
1757 269 1812 328 ise·

118 391 156 460 (51
175 406 208 446 ec
221 394 308 446 states
322 390 413 446 innui
427 389 583 446 fatiscentis
592 389 630 462 (11
645 389 778 446 inducias
792 389 940 445 sortituri.
953 403 981 476 Α
992 387 1114 460 pectoris
1140 386 1255 444 erudire
1276 387 1322 461 (9).
1347 393 1384 446 iic
1405 407 1441 448 ne
1464 389 1637 466 colloquium
1652 395 1663 430 ⁸
1677 399 1805 451 nostrum

118 483 216 538 locus
240 481 326 539 eiiam
348 483 385 556 (i)
414 499 479 540 com
508 484 554 540 die
579 484 710 538 convenit
731 487 759 538 ei
782 483 943 538 mulcendis
993 483 1099 538 arbiter
1113 482 1248 553 protenus
1261 481 1408 554 impediat,
1424 492 1473 541 aut
1487 488 1594 543 clamor
1609 488 1806 560 intemperans

118 576 258 631 sensibus
280 593 313 632 ac
338 576 468 632 fovendis
489 576 527 631 ad
553 575 632 632 lenes
659 593 743 632 auras
769 575 943 632 blandientis
991 575 1107 632 iamiliae
1127 575 1277 648 strepentis
1306 578 1361 650 (iu)
1393 578 1553 648 obtundat,
1579 585 1709 652 petamus
1733 582 1805 638 banc

119 667 371 744 195autumni
389 669 643 726 hortorumiacies
664 669 941 726 amoenaconsentit.
992 670 1089 725 sedem
1116 668 1182 740 iii).
1209 667 1283 725 Dedi
1317 686 1459 726 secessum
1489 673 1580 728 ricius
1611 679 1734 744 secreta;
1756 674 1805 730 ubi

118 763 173 818 iiie
192 763 357 836 jucundum
375 763 558 820 sermonibus
574 763 651 820 diem
666 764 769 820 ducere
784 767 812 820 et
823 763 941 818 studen-
992 762 1061 817 dum
1075 761 1187 818 erratici
1200 761 1351 834 palmitum
1362 763 1457 834 lapsus
1472 763 1527 837 (iu)
1538 767 1658 822 nexibus
1672 767 1805 840 pendulis

117 857 225 912 111111Β
245 857 399 930 1111111181
418 857 447 913 in
467 855 563 913 divina
576 858 719 929 precepti
738 855 941 913 conscientium
992 853 1155 930 per196
1171 854 1325 912 arundines
1339 856 1449 928 bajulas
1462 861 1578 930 repunt,
1594 859 1699 916 viteam
1718 863 1804 932 porti·

812 1061 917 1126 11111
945 1060 1111 1126 lectiones.

158 1263 282 1316 ’Status
303 1264 373 1314 hm.
396 1265 453 1314 des.
479 1263 555 1314 sior.
580 1265 634 1315 diu.
662 1264 715 1315 NG.
745 1265 769 1314 1.
797 1263 857 1328 lisy.
883 1265 908 1315 1.
936 1262 987 1314 Sed
1009 1263 1086 1312 mole.
1117 1261 1200 1314 llatae
1225 1263 1294 1314 Fosi.
1320 1263 1385 1314 i'ioi.
1418 1263 1582 1316 ⁴Sortiatur
1608 1264 1676 1314 tem.
1698 1263 1805 1315 1111.

121 1333 220 1456 1ῑὸἶὲ
225 1335 283 1385 Lis.
307 1333 361 1384 NC.
386 1335 410 1384 i.
435 1334 494 1384 Bm.
520 1332 587 1384 Voss.
608 1335 633 1385 t.
651 1333 776 1386 Feriatur
800 1334 861 1386 1111.
917 1331 1128 1398 ⁵Stupentibus
1154 1334 1217 1384 Vici.
1262 1334 1439 1400 ‘Eloquium
1468 1335 1537 1386 Lam.
1565 1334 1642 1385 libor.
1671 1335 1727 1386 tia.
1750 1335 1805 1385 ΝΟ.

773 1531 888 1615 Steph.
912 1529 1034 1597 Baluuii
1056 1535 1154 1596 notae.

121 1762 201 1810 iesse
218 1759 308 1810 tuisse
328 1757 469 1812 divorsum
483 1759 519 1812 ab
530 1773 564 1812 eo
576 1761 659 1826 cujus
672 1773 774 1813 nomen
798 1765 888 1813 exstat
912 1761 940 1812 lu
951 1779 979 1852 B
990 1761 1171 1812 coustitutum
1184 1764 1212 1812 et
1228 1759 1263 1812 ab
1284 1761 1345 1811 aliis
1362 1759 1445 1812 rebus
1465 1758 1540 1811 leriae
1563 1757 1710 1809 nobiscum
1733 1754 1804 1806 tute⁴

121 1831 206 1880 initio
218 1829 282 1880 iibri
297 1845 312 1881 a
326 1844 371 1883 me
384 1831 461 1882 editi.
476 1832 608 1883 Diversus
619 1835 711 1883 auiam
732 1832 818 1884 tuisse
830 1833 897 1884 bino
911 1845 941 1884 ee
993 1833 1045 1882 rim
1057 1834 1225 1882 concurrunt
1238 1832 1330 1883 simui.
1345 1847 1360 1880 1

121 1897 246 1962 prebere
259 1902 424 1966 putaritrir
437 1901 558 1965 optimus
571 1902 647 1968 quod
661 1916 696 1954 ex
709 1903 881 1954 librodeira
897 1902 944 1954 Dei
1025 1903 1056 1967 181
1085 1903 1254 1954 Sindensium
1286 1902 1395 1966 [obuiis.
1423 1901 1482 1967 Ego
1513 1913 1622 1964 semper
1649 1897 1806 1948 existimari

121 1970 308 2022 menifestum
319 1973 356 2022 sit
366 1972 508 2024 Donatum
520 1975 566 2025 cui
579 1971 686 2025 dicatus
695 1978 738 2025 est
751 1973 835 2026 tuisse
851 1987 945 2026 recen·
993 1973 1086 2024 iocum
1108 1973 1185 2026 huuc
1208 1985 1269 2024 esse
1292 1971 1457 2024 mendosum
1483 1975 1511 2023 et
1533 1971 1607 2021 viros
1632 1967 1806 2022 doctissimos

121 2044 165 2091 ier
189 2053 361 2094 conversum
383 2043 417 2094 ad
433 2043 595 2110 religionem
617 2044 731 2105 Christi,
744 2046 818 2110 quod
836 2046 870 2097 de
889 2047 944 2096 alio
993 2044 1094 2096 trustra
1118 2044 1257 2098 hacteuus
1282 2045 1422 2096 laborasse
1448 2043 1476 2093 iu
1503 2055 1536 2093 eo
1563 2037 1737 2093 emendando
1760 2036 1806 2088 rel

119 2111 181 2162 diei
196 2125 257 2163 non
271 2127 354 2178 posse
365 2115 412 2165 aii.
422 2113 532 2166 Erravit
545 2117 573 2166 in
585 2117 698 2167 nomine
709 2118 752 2167 vir
762 2117 942 2168 clarissimus.
993 2115 1168 2180 explicando.
1197 2115 1267 2168 Cum
1295 2129 1361 2167 vero
1387 2117 1412 2166 ei
1438 2125 1592 2180 quaererem
1621 2110 1804 2168 medicinam,

120 2183 281 2234 Transtulit
298 2183 333 2234 ad
347 2185 530 2238 Donatumea
543 2187 833 2252 queapertinebantad
846 2188 945 2240 Deme·
993 2189 1112 2238 occurrii
1132 2186 1200 2237 mihi
1228 2185 1455 2238 commutandam
1475 2186 1546 2236 iorie
1569 2197 1605 2236 an
1626 2193 1686 2233 esse
1707 2191 1805 2232 vocem

119 2255 442 2314 irianum,cuidicatue
460 2259 501 2307 est
513 2256 583 2308 liber
599 2259 637 2308 De
649 2257 758 2322 opificio
771 2259 827 2320 Dei,
840 2271 874 2310 ex
887 2271 944 2322 quo
992 2257 1157 2308 studentibus
1180 2271 1246 2308 cum
1275 2271 1343 2310 voce
1370 2255 1533 2318 ludentibus,
1558 2258 1590 2306 ut
1614 2255 1676 2304 istic
1699 2251 1806 2316 legatur

119 2328 235 2376 constat
250 2325 463 2380 Demetrianum
478 2329 574 2380 rudem
587 2329 777 2382 adbuciuisse
787 2332 944 2380 nostrorum
994 2327 1141 2379 tudeniiins
1151 2327 1259 2392 tatutis,
1272 2333 1300 2378 ui
1324 2327 1396 2393 apud
1419 2326 1574 2379 Minucium
1593 2323 1692 2389 {obuiis
1711 2321 1806 2385 [atien-

120 2397 333 2459 mysteriornm.
347 2425 377 2436 -
393 2399 503 2451 Douma
520 2401 551 2450 ln
575 2401 672 2453 codice
693 2402 783 2453 sancti
807 2398 944 2464 Arnulpbi
993 2399 1071 2451 tibus.
1092 2401 1159 2452 Num
1173 2401 1276 2452 tabulis
1290 2401 1386 2452 ludere
1401 2401 1473 2452 dixit
1485 2399 1625 2450 Ausonius
1639 2397 1668 2445 in
1690 2393 1805 2458 epistola

119 2467 263 2518 lietensis
278 2471 411 2534 scriptum
424 2475 467 2523 esi
483 2486 489 2520 :
508 2487 523 2521 e
539 2472 615 2524 Beue
629 2471 771 2536 admones,
783 2472 868 2523 irater
879 2469 944 2522 oha-
993 2473 1073 2524 tertia
1088 2471 1122 2522 ad
1135 2472 1247 2532 librum,
1262 2475 1293 2522 ut
1305 2476 1350 2524 eat
1371 2470 1406 2522 ad
1427 2470 1548 2522 Probum
1564 2483 1569 2518 :
1591 2487 1605 2516 a
1618 2467 1734 2518 suescat
1753 2475 1805 2528 pe-

119 2539 236 2590 riesime
249 2539 395 2594 Donate.»
993 2545 1053 2594 ritis
1076 2544 1179 2595 tabuiis
1204 2544 1287 2595 simui
1311 2543 1398 2608 jocari
1422 2545 1452 2594 at
1475 2541 1580 2592 ludere.
1595 2557 1609 2584 1
1636 2535 1807 2588 Ludentibus

154 2611 192 2673 (5)
220 2611 355 2663 Selemnos
376 2627 409 2664 ue
435 2619 526 2666 111111.
556 2616 676 2668 idulium
701 2615 808 2668 variant
832 2614 861 2664 in
890 2611 944 2674 hoo
993 2614 1077 2679 igitur
1090 2615 1203 2676 tabulis,
1218 2615 1267 2666 sed
1282 2616 1376 2680 peritis
1395 2617 1423 2665 et
1441 2613 1529 2674 seriis,
1547 2609 1719 2674 colloquium
1741 2619 1804 2671 age·

119 2681 189 2732 loeo
202 2681 270 2734 libri
284 2687 400 2736 veteres.
417 2685 537 2750 Quidam
550 2689 625 2740 euim
643 2687 750 2740 babent
763 2689 879 2738 statutae
895 2696 945 2748 pro
993 2685 1061 2738 bant
1076 2686 1232 2752 Cyprianus
1246 2690 1274 2738 et
1293 2687 1427 2738 Donatus.
1446 2683 1630 2748 nequeenim
1650 2678 1805 2744 putandum

121 2753 214 2816 reios,
235 2753 284 2804 alii
308 2761 384 2806 ratos
403 2762 533 2824 tutusque,
555 2759 600 2812 vei
623 2765 697 2811 roias
723 2762 841 2810 tantum.
865 2756 945 2808 Unus
993 2759 1037 2808 est
1051 2771 1147 2808 eorum
1171 2771 1314 2810 sermones
1329 2758 1414 2808 luisse
1428 2755 1551 2807 ludicros
1568 2755 1616 2804 aut
1636 2763 1728 2802 rerum
1748 2749 1806 2800 col-

120 2837 194 2874 raro
216 2823 304 2875 babet
326 2825 453 2880 solemnes
473 2843 505 2880 nc
525 2835 611 2895 ratus,
625 2835 653 2883 et
674 2844 758 2896 supra
778 2830 881 2881 lineam
904 2827 945 2880 oet
993 2827 1087 2893 loquis
1112 2829 1259 2890 leviorum,
1278 2842 1342 2880 cum
1369 2827 1403 2878 de
1427 2826 1510 2877 rebus
1535 2823 1649 2876 maximi
1673 2821 1806 2873 momenti

120 2899 247 2946 amiatae.
276 2895 337 2960 ispo
363 2898 479 2962 preleio
509 2901 659 2952 lectionem
695 2902 849 2966 vulgatam,
880 2911 944 2964 quaa
993 2899 1028 2950 ad
1046 2900 1162 2965 gloriam
1183 2905 1210 2950 et
1232 2901 1394 2966 religionem
1418 2897 1520 2950 summi
1539 2897 1591 2948 Dei
1604 2891 1806 2959 pertinentibus

122 2969 196 3018 mibi
229 2968 343 3022 videtur
374 2975 477 3038 optima
508 2979 537 3027 et
563 2975 727 3027 certissima.
752 2975 821 3026 Nam
846 2974 944 3026 Cinam
993 2973 1246 3022 tractareturinter
1266 2971 1474 3036 virosgrares:
1496 2967 1601 3026 nisisi,
1621 2965 1745 3030 quimus
1764 2966 1806 3014 est

124 3038 198 3090 dixit
220 3041 326 3092 alicubi
347 3042 462 3095 salmoe
475 3051 499 3096 et
520 3050 618 3098 statum
640 3046 810 3112 sucrificium.
832 3045 865 3095 In
883 3045 944 3110 lege
993 3040 1176 3106 dialogorum,
1191 3043 1329 3093 Donatum
1342 3045 1370 3092 et
1383 3053 1413 3091 se
1426 3041 1518 3104 ipsum
1537 3039 1646 3090 locutos
1664 3047 1725 3086 esse
1741 3047 1805 3098 sup

122 3123 153 3161 m
178 3109 249 3162 Cod.
274 3111 307 3162 ds
328 3105 495 3176 Diioiioaii,
517 3117 641 3182 iegitur:
665 3133 679 3163 a
700 3117 787 3169 Feriae
808 3119 876 3167 sunt
898 3114 943 3166 vel
952 3115 1087 3226 Cposuit
1109 3111 1265 3178 Cyprianus
1287 3125 1351 3177 quae
1372 3124 1526 3176 numquam
1546 3107 1633 3160 iocuti
1656 3109 1749 3166 erant,
1774 3107 1806 3155 nt

123 3183 283 3246 repentinus
305 3185 351 3235 rel
370 3186 517 3239 solemnes.
539 3207 553 3236 s
577 3187 722 3239 solemnes
744 3191 837 3238 eutem
859 3187 943 3250 juris·
994 3183 1028 3234 de
1049 3197 1079 3236 se
1097 3185 1157 3249 ipso
1178 3189 1206 3235 et
1220 3184 1343 3235 Varrone
1357 3185 1395 3235 ait
1410 3181 1519 3238 Cicero,
1533 3181 1562 3230 in
1577 3179 1656 3230 initio
1671 3176 1805 3228 Academi-

124 3253 251 3305 oonsulti
273 3269 321 3306 ees
341 3269 404 3308 esse
426 3260 504 3309 aiunt
525 3271 589 3324 quae
607 3263 672 3310 suut
696 3259 893 3311 anniversarie
910 3269 943 3309 ac
992 3268 1085 3306 eorum
1107 3256 1294 3318 Qieeeiionum.
1318 3254 1412 3306 Julius
1432 3253 1569 3304 Firminus
1594 3252 1623 3300 in
1645 3247 1805 3314 praelatione

123 3323 271 3388 legitimae.
286 3325 372 3378 Recte
385 3329 469 3393 igitur
483 3329 638 3396 Cyprianus
651 3330 722 3382 dixit
733 3329 862 3380 inducias
883 3331 942 3381 sire
992 3325 1127 3378 librorum
1139 3328 1171 3378 de
1182 3327 1347 3378 imtetutione
1359 3325 1503 3377 1111111111
1514 3339 1523 3373 .·
1536 3339 1552 3372 s
1563 3323 1702 3374 Honestas
1714 3323 1741 3370 ei
1752 3331 1804 3368 va-

123 3395 209 3446 lerias
228 3397 369 3450 solemnes
389 3413 422 3451 ac
436 3405 529 3462 status,
544 3415 614 3467 quae
628 3401 690 3453 ideo
707 3404 792 3452 statas
810 3400 943 3465 appellari
993 3400 1047 3450 rias
1058 3411 1218 3450 sermonum
1232 3398 1341 3450 iabuias
1352 3397 1522 3448 serebamus.
1536 3411 1551 3442 1

124 3467 164 3516 111
186 3467 296 3528 Festus,
316 3470 382 3534 quia
403 3475 479 3524 certo
501 3475 660 3538 statutoque
683 3472 728 3524 die
750 3471 941 3524 observantur.
1024 3471 1058 3534 (e)
1072 3470 1193 3521 urudire.
1213 3471 1299 3522 Deest
1322 3469 1369 3520 bic
1390 3465 1515 3532 eliquid;
1537 3477 1637 3516 sensus
1658 3463 1732 3513 enim
1748 3473 1804 3512 non

123 3536 198 3588 Vide
213 3539 387 3591 Macrobium
404 3541 452 3592 iib.
469 3543 613 3603 isaiam„
625 3545 757 3608 caputio,
773 3548 801 3595 et
814 3544 943 3594 iuratum
993 3545 1036 3594 est
1053 3542 1167 3605 integer.
1192 3539 1247 3593 Sed
1268 3544 1333 3591 suni
1358 3539 1490 3605 pleraque
1514 3534 1668 3590 istiusmodi
1692 3535 1720 3585 in
1749 3531 1806 3597 cy..

123 3607 163 3657 od
176 3607 372 3672 summarium,
385 3611 433 3663 lib.
449 3626 487 3673 iu,
501 3615 580 3679 episi.
595 3615 636 3678 11,
649 3615 682 3666 ad
702 3614 781 3666 iilum
802 3614 943 3675 insumet
992 3612 1185 3678 pirenaeum
1205 3611 1311 3664 rideret
1330 3614 1424 3662 autem
1443 3609 1607 3661 Lomberius
1620 3618 1734 3657 sensum
1750 3615 1806 3653 uon

122 3679 258 3742 l‘fl'ffl'iim
273 3680 402 3745 1’11111111
992 3696 1054 3736 esse
1070 3683 1218 3749 integrum,
1231 3683 1271 3734 sic
1287 3682 1369 3735 vertit
1390 3680 1467 3732 hunc
1481 3681 1575 3732 iocum
1596 3691 1628 3729 ao
1647 3675 1671 3728 si
1689 3674 1804 3739 Cypria-

155 3750 194 3812 itt)
208 3751 420 3805 fatiscentium
435 3755 593 3808 estlesaiat
609 3756 738 3816 labentis,
750 3758 781 3807 ut
792 3755 867 3821 apud
879 3753 942 3805 Vir·
992 3767 1047 3806 uus
1068 3755 1224 3820 scripsisset
1245 3771 1252 3805 :
1285 3774 1299 3802 a
1323 3753 1529 3807 Conscientiam
1552 3750 1671 3817 pectoris
1696 3745 1805 3800 erudire

123 3821 227 3885 gilium
242 3824 270 3874 et
286 3822 427 3877 Ovidium.
440 3827 521 3879 Hanc
535 3827 692 3889 lectionem,
707 3841 771 3894 quoe
790 3829 893 3893 optima
915 3829 943 3878 et
990 3826 1075 3889 juvat.
1093 3843 1107 3871 »

123 3897 273 3946 serissime
291 3900 342 3960 est,
357 3909 415 3948 nou
435 3900 530 3950 inveni
546 3900 599 3950 uiai
619 3901 648 3951 in
662 3913 720 3951 uuo
738 3899 809 3950 libro
821 3911 884 3950 mco
895 3911 943 3949 re·
1023 3899 1072 3960 iiiii
1093 3897 1211 3949 ramiiis
1231 3896 1379 3962 strepentis.
1407 3894 1528 3946 Saucius
1546 3893 1750 3956 Hieronymus,
1775 3889 1803 3939 iu

124 3967 178 4016 teri
191 3967 307 4030 optimo.
321 3967 432 4034 Reliqui
444 3983 542 4021 omues
550 3975 578 4022 et
586 3983 684 4022 omnes
694 3969 829 4021 editiones
838 3969 943 4020 babent
992 3971 1072 4033 epist.
1100 3969 1136 4018 ud
1167 3966 1375 4028 Demetriadem,
1401 3965 1433 4017 de
1468 3965 1627 4030 Virqiuitote
1654 3959 1804 4020 servanda,

123 4035 274 4102 {eiipuniis
301 4037 456 4102 Lucretius,
478 4041 550 4092 libro
573 4055 613 4104 m,
636 4042 754 4108 loquens
778 4041 813 4092 de
838 4041 940 4100 anima,
991 4052 1053 4091 eam
1068 4038 1162 4089 laudat
1184 4037 1259 4104 quod
1274 4055 1289 4086 1
1307 4038 1379 4088 inter
1399 4049 1523 4101 gemmas
1541 4039 1567 4086 et
1591 4034 1720 4092 sericum,
1733 4032 1806 4082 iuter

123 4121 191 4160 cum
210 4109 327 4162 dixisset
345 4123 408 4162 eam
421 4125 475 4164 ceu
488 4113 597 4165 tamum
611 4113 725 4166 dissolri
741 4115 769 4165 iu
784 4113 854 4164 11111
870 4113 941 4164 aeris
991 4109 1184 4161 eunuchorum
1200 4113 1228 4160 ei
1244 4107 1398 4173 puellarum
1419 4111 1552 4169 catervas,
1566 4109 1595 4158 et
1616 4105 1805 4156 adulationem

123 4179 315 4243 11111111111·
991 4186 1019 4232 et
1046 4180 1197 4232 ministeria
1223 4179 1335 4231 iamilioe
1363 4178 1575 4243 perstrepentis,
1599 4180 1628 4229 et
1651 4175 1804 4240 exquisitas

330 4265 417 4320 simul
432 4281 488 4320 mo
502 4269 568 4320 iem
579 4269 684 4322 fatiscit,
991 4253 1098 4317 epulas,
1122 4265 1192 4318 quas
1224 4253 1323 4316 emptae
1356 4250 1457 4302 domus
1487 4247 1630 4314 praebebat
1661 4245 1805 4297 abuudan-

992 4324 1046 4386 tia,
1074 4324 1225 4389 appetisset
1254 4323 1423 4389 jejuniorum
1457 4321 1597 4382 laborem,
1628 4319 1803 4384 asperitatem

990 4397 1124 4458 vestium,
1149 4395 1238 4448 rictus
1269 4395 1478 4447 contineniiam.
1498 4412 1512 4440 n
1539 4392 1606 4443 item
1630 4392 1661 4441 in
1688 4388 1804 4455 epistola

990 4467 1027 4518 od
1043 4467 1154 4529 Laium,
1178 4467 1209 4516 de
1232 4467 1396 4518 institutione
1419 4465 1492 4528 fitia,
1517 4467 1612 4516 monet
1635 4476 1672 4514 ne
1697 4462 1804 4512 intersit

219 4527 252 4578 ²²
262 4527 373 4580 ‘iilum
384 4529 462 4581 deum
477 4531 846 4597 1111111111111111111111111·
949 4527 1096 4604 Dnupiiis
1109 4539 1284 4600 servitorum,
1297 4549 1388 4602 neque
1400 4536 1513 4587 iamiliae
1524 4533 1720 4600 perstrepentis
1733 4532 1803 4582 insi-

122 4621 252 4676 Similem
283 4636 404 4676 amoram
443 4626 472 4676 in
498 4627 573 4678 Acii,
602 4631 757 4678 sanctarum
789 4630 939 4690 martyrum
989 4611 1043 4663 bus
1060 4611 1219 4662 misceatur.
1236 4609 1272 4660 111
1286 4610 1314 4660 in
1327 4609 1406 4660 calce
1424 4607 1488 4658 libri
1504 4607 1633 4657 aduersus
1645 4603 1802 4664 Heluidium,

122 4695 260 4759 rnen
273 4699 297 4745 u
322 4695 468 4748 reticueris
488 4697 632 4749 annotavit
654 4699 744 4750 uaeas
766 4696 938 4758 iioiauuius,
989 4681 1251 4734 inurincommooe
1268 4679 1437 4732 matrimonii
1452 4691 1562 4729 rursum
1578 4671 1802 4727 numeratam-

121 4765 188 4827 nbi,
212 4778 265 4829 pro
292 4777 326 4816 eo
348 4766 425 4832 quod
450 4768 552 4832 legitur
575 4767 820 4836 desutiqatiouitue,
844 4769 941 4819 censet
989 4753 1055 4805 iiam
1070 4755 1298 4818 10181101111811-

120 4835 276 4902 legendum
290 4847 351 4889 esse
366 4837 398 4887 de
417 4838 587 4900 sectionibus.
602 4840 681 4901 maie
704 4839 833 4892 codicum
855 4849 940 4903 prope
1023 4825 1072 4890 iii)
1086 4829 1205 4878 Petamus
1218 4827 1287 4877 tanc
1300 4825 1395 4876 sedan.
1417 4821 1491 4874 Citai
1512 4821 1589 4873 bunc
1606 4821 1700 4872 iocum
1722 4817 1803 4870 Abas·

121 4911 252 4959 omnium
272 4911 301 4959 et
320 4907 475 4961 editionum
491 4909 607 4963 lectioni
625 4911 756 4964 Belusius
774 4923 809 4962 ex
827 4922 884 4961 uno
906 4909 940 4960 ii·
990 4901 1084 4954 lardus
1097 4903 1124 4952 in
1137 4905 1266 4952 extremo
1280 4901 1350 4951 iibro
1367 4914 1385 4950 11
1400 4897 1541 4962 amotoque
1553 4895 1719 4947 0111111111·

119 4979 175 5030 bro
196 4979 343 5031 substituit
364 4978 517 5042 fatiscentis.
539 4983 690 5048 insipentia
706 4983 780 5035 enim
801 4981 875 5033 idem
898 4985 941 5034 est
1021 4973 1071 5036 (iii
1085 4971 1202 5023 Erreli'ci'
1221 4971 1360 5037 patmiium
1385 4969 1481 5034 111111.
1507 4966 1604 5020 Cloero
1628 4967 1657 5016 in
1678 4963 1749 5015 libr0
1772 4964 1803 5014 de

119 5063 153 5102 ec
164 5051 293 5114 iurantis,
308 5049 429 5102 ludentis.
453 5051 495 5105 Ci.
517 5051 583 5106 Chr.
606 5053 665 5107 Gir.
687 5053 796 5105 iiniieri
815 5053 888 5103 obss.
905 5052 940 5104 ad
990 5045 1144 5095 Senectute.-
1162 5060 1177 5090 a
1192 5041 1262 5094 Vitis
1276 5042 1400 5107 quidem,
1416 5053 1480 5106 quae
1501 5043 1599 5090 natura
1622 5037 1729 5089 caduca
1750 5039 1801 5096 esi,

117 5123 135 5172 5
160 5123 224 5173 locu
243 5123 325 5188 epist.
347 5119 442 5188 Cypr..
464 5123 545 5178 Geras
569 5125 639 5190 1119,
666 5138 693 5190 p.
717 5124 733 5176 1
756 5137 814 5190 seq.
843 5123 939 5176 Gonu·
990 5123 1018 5170 et
1043 5119 1097 5169 nisi
1123 5117 1194 5168 iulia
1216 5119 1261 5180 sit,
1281 5116 1317 5168 ad
1344 5119 1444 5168 terram
1468 5115 1562 5177 ierim,
1586 5113 1694 5175 eadem,
1715 5113 1748 5161 ui
1772 5124 1803 5164 se

120 5195 223 5258 noun.)
472 5241 478 5256 ,
989 5190 1085 5254 erigat,
1105 5189 1250 5242 claviculis
1273 5188 1332 5240 suis
1353 5188 1432 5252 quusi
1452 5185 1582 5238 manibus
1600 5182 1737 5250 quidquid
1760 5188 1804 5234 esi

151 5275 186 5336 (11
209 5275 294 5326 Maus
314 5275 402 5326 eiiam.
427 5275 535 5338 Cicero,
556 5278 587 5328 in
607 5274 679 5328 libro
703 5275 735 5328 ds
759 5275 841 5328 cteris
867 5276 940 5328 Dru·
990 5270 1071 5316 uecta
1103 5265 1314 5330 complectitur,
1347 5277 1432 5329 quam
1466 5264 1622 5326 serpentem
1655 5258 1803 5324 multipiici

118 5345 246 5397 mribus:
268 5363 285 5394 e
299 5345 363 5407 Sed,
382 5346 458 5412 quod
472 5348 583 5400 iaciiius
601 5361 693 5400 sermo
713 5349 876 5413 explicetur,
892 5361 939 5398 sa·
989 5338 1068 5402 lapsu
1092 5340 1120 5389 et
1143 5338 1260 5388 erratico
1274 5337 1346 5388 terro
1359 5337 1506 5400 amputans
1520 5337 1630 5386 mereat
1642 5345 1686 5382 ars
1698 5331 1804 5396 agrico-

118 5415 230 5482 deuiee,
252 5418 277 5468 si
304 5417 426 5480 videtur,
449 5433 572 5486 agamus.
597 5419 669 5473 Cum
692 5419 766 5472 idem
790 5420 941 5486 placuisset
989 5412 1089 5474 larum,
1110 5426 1145 5464 ue
1168 5413 1298 5464 silvescat
1313 5412 1460 5463 sarmentis
1486 5413 1514 5462 et
1538 5409 1567 5458 in
1590 5418 1688 5458 omues
1711 5408 1802 5469 paries

117 5487 270 5552 liliatum
304 5489 332 5540 iu
364 5491 512 5554 propatulo
543 5495 654 5556 propter
677 5492 797 5543 Platonis
821 5495 939 5542 statuam
989 5483 1129 5536 moderor.
1146 5502 1160 5531 e
1182 5483 1315 5536 Sidonius
1336 5481 1385 5532 lib.
1412 5495 1442 5543 v,
1457 5481 1536 5545 epist.
1557 5480 1609 5530 ii:
1633 5496 1648 5524 a
1662 5477 1715 5528 iiic
1740 5488 1803 5540 pare

118 5561 349 5613 messuimus.»
377 5561 580 5628 Hieronymus,
603 5563 731 5615 aduersus
753 5563 939 5620 Jaoinianum,
989 5557 1042 5608 sub
1065 5557 1164 5608 umbra
1188 5556 1310 5622 palmitis
1333 5553 1421 5606 adulti
1443 5565 1527 5618 quum
1548 5548 1688 5614 stipitibus
1711 5547 1804 5599 altatis

118 5629 169 5682 lib.
185 5645 228 5684 n:
254 5631 421 5685 «Platonici
440 5645 555 5699 quoque
578 5638 606 5687 et
628 5633 713 5686 Stoici
730 5637 758 5686 in
773 5633 939 5698 templorum
990 5627 1221 5693 cancellatimque
1252 5625 1439 5692 pendentibus
1467 5623 1606 5688 pampinis
1636 5617 1803 5684 superducta

118 5703 233 5757 1011111
250 5703 404 5770 porticibus
416 5705 605 5756 versabantur.
621 5722 637 5755 s
650 5706 784 5759 Rusticus
804 5707 940 5756 diaconus
989 5707 1152 5756 texuerat.»
1173 5703 1245 5754 Vide
1266 5704 1337 5754 inira
1354 5703 1382 5754 iu
1404 5702 1477 5752 notis
1499 5698 1533 5750 ud
1558 5697 1662 5750 librum
1683 5695 1802 5760 primum

119 5775 151 5824 in
170 5775 338 5828 Proeintlooe
351 5776 461 5842 Dialogi
476 5777 610 5828 adversus
626 5778 782 5844 iicepbaios
798 5791 804 5827 :
821 5797 835 5824 e
848 5776 939 5828 Silen·
992 5775 1210 5828 Testimoniorum
1233 5774 1361 5826 odorrem
1385 5771 1505 5831 tridens,
1527 5783 1586 5837 cap.
1612 5769 1707 5834 11,11
1737 5779 1804 5818 voce

120 5847 194 5902 tium
226 5849 291 5901 toci·
314 5851 343 5902 et
374 5849 506 5918 temporis
537 5849 720 5904 commoditas
741 5857 769 5903 et
792 5861 940 5904 commuue
993 5850 1123 5904 Cilicium.

123 4360 159 4412 Bt
172 4361 220 4414 lib.
243 4375 261 4416 v
278 4361 348 4416 dicii
367 4365 461 4415 omnia
482 4365 557 4417 riuci
578 4365 614 4416 ab
630 4378 699 4428 sero,
721 4365 803 4416 etiam
826 4377 893 4414 saxa
915 4365 942 4414 ei

122 4435 195 4484 sites
208 4439 308 4498 turres,
