4012 6192
232 287 284 356 ars
600 289 646 349 ιι
664 289 779 349 orent
794 293 821 347 s.
842 287 1004 349 crearem
1023 288 1170 350 canorus
1191 287 1339 352 urrann.
1353 287 1530 354 r-uurm.
1831 305 1871 362 ιιι

234 423 303 477 dum
329 423 528 494 peccatorum,
558 417 593 473 de
622 417 724 491 quibus
750 417 897 484 dolemus,
925 417 1043 472 omnino
1054 418 1204 502 Adonatis
1226 437 1304 489 enm,
1329 422 1377 494 qui
1398 421 1542 494 allegatur
1561 421 1619 491 liic,
1633 421 1723 478 locum
1731 441 1739 494 ;
1755 427 1780 480 at
1792 426 1875 486 trustra

233 514 648 579 obliviscitnrdlonettamen,
665 516 696 566 nt
713 528 764 566 nos
786 527 886 566 eorum
902 511 1043 566 memine-
1096 514 1260 586 perquisivi.
1287 517 1466 588 Quamquam
1492 515 1569 571 euim
1598 516 1703 588 aliquid
1727 517 1786 574 huic
1809 522 1878 578 atine

232 610 335 676 rimus,
350 606 480 662 dailendo
499 607 613 662 scilicet.
633 607 726 661 Monet
745 606 863 678 pariter,
886 611 915 659 ut
932 607 1046 678 peccata
1096 609 1196 676 exstat,
1221 608 1311 680 capite
1332 624 1385 678 xm,
1408 611 1425 665 8
1448 614 1477 666 et
1497 612 1524 678 a,
1548 614 1576 664 et
1597 625 1658 682 cap.
1677 625 1738 680 xarr,
1759 616 1782 679 t;
1801 630 1880 670 rursm

232 705 329 757 nostra
356 700 435 772 prius
460 700 616 755 defleamus
638 715 725 771 quam
750 715 851 754 eonem
875 699 985 754 veniam
1011 697 1046 752 ab
1097 717 1159 772 cap.
1183 717 1259 770 aran,
1284 707 1295 757 l
1322 709 1351 758 et
1373 706 1400 774 ιι,
1423 705 1453 758 et
1473 703 1541 758 alibi
1563 703 1665 773 etiam3
1687 703 1738 759 alie
1757 711 1841 762 tamen
1858 710 1881 764 tn

234 795 357 851 Ecclesia
380 811 573 866 exposcamus.
590 796 639 848 llic
659 799 688 848 tra
710 793 860 862 injustitias
879 798 939 846 taas
957 793 1044 862 prius,
1097 794 1141 849 bis
1157 795 1224 850 locis
1243 795 1381 867 invenies,
1402 812 1467 870 qua
1486 797 1522 853 ab
1538 797 1631 853 allatis
1645 797 1736 854 verbis
1751 799 1880 870 plurimun

233 891 287 946 etc.
313 891 529 960 Praeproperam
555 888 650 959 itaque
677 886 878 942 nonnullorum
904 885 1045 957 poeniten·
1098 888 1215 944 distant.
1243 891 1378 962 Suspicor
1409 891 1504 963 itaque
1533 891 1579 946 bic
1610 889 1714 946 adduci
1738 908 1771 946 ex
1795 897 1885 950 vetusta

233 983 303 1037 tiam
318 984 347 1037 et
359 981 478 1037 nimiam
499 980 688 1052 quorumdam
704 979 937 1050 presbyterorum
954 976 1045 1031 iacili-
1098 982 1194 1054 aliqua
1215 983 1452 1055 interpretatione
1472 983 1644 1040 versiculum
1665 985 1791 1055 primum,
1803 1003 1883 1042 secun.

235 1078 324 1132 tatem
342 1075 372 1131 iu
391 1074 579 1146 impertienda
593 1072 678 1144 lapsis
694 1071 788 1139 rania,
803 1070 887 1125 verba
906 1071 960 1124 isla
982 1087 1048 1125 con·
1099 1074 1168 1131 dum
1189 1079 1217 1132 et
1236 1077 1352 1132 tertium
1371 1077 1470 1149 capitia
1490 1094 1556 1133 xnrrr
1577 1077 1667 1147 isaia,
1681 1077 1730 1149 qai
1744 1095 1774 1133 er
1786 1079 1886 1138 lectione

235 1171 384 1224 demnani·
399 1170 503 1224 Locum
516 1167 593 1222 hunc
608 1166 644 1220 tid
662 1164 836 1236 poeniieniiffl
850 1164 1047 1220 necessilatem
1098 1168 1289 1241 Septuaginta
1309 1170 1348 1224 sic
1369 1171 1470 1226 Latine
1485 1171 1606 1227 vertitur
1621 1187 1629 1224 ι
1645 1191 1660 1224 ιι
1679 1173 1712 1228 Et
1726 1187 1794 1227 nunc
1811 1171 1843 1228 sic
1856 1175 1888 1229 di·

234 1261 432 1319 inculcandam
445 1260 560 1317 adducit
572 1259 658 1314 etiam
674 1259 866 1313 Damascenus
881 1259 950 1328 (ιι).
1098 1262 1135 1318 cit
1149 1263 1285 1318 Dominus
1308 1265 1389 1331 Dens,
1411 1265 1462 1336 qui
1481 1265 1547 1320 iecit
1565 1269 1602 1334 te,
1624 1266 1721 1334 iacob,
1737 1270 1765 1323 et
1783 1267 1825 1339 qut
1842 1267 1888 1323 tor.

271 1371 326 1426 Vll.
342 1371 411 1424 item
428 1367 483 1422 illic
499 1367 575 1438 (isa,
587 1382 631 1434 av,
646 1365 672 1434 6)
688 1383 695 1420 :
710 1365 826 1431 Quaerite
840 1367 935 1428 Deum,
950 1371 1048 1422 etcum
1098 1355 1186 1411 mevit
1200 1359 1239 1426 te,
1256 1357 1360 1414 lsrael:
1377 1358 1437 1413 Noli
1456 1357 1568 1430 timere,
1588 1359 1723 1432 quoniam
1743 1360 1841 1416 redemi
1853 1367 1889 1426 ιι,

153 1467 155 1474 ⁴
234 1466 389 1520 mmmm
405 1479 474 1524 eum,
495 1463 627 1517 invocare,
642 1461 680 1516 At
694 1461 741 1516 uni
759 1463 990 1532 approprnquwg
1004 1476 1048 1515 po.
1097 1450 1194 1506 vocari
1212 1456 1240 1506 te
1257 1450 1373 1506 nomine
1391 1457 1454 1508 trro.
1473 1453 1551 1508 ιιιιιι
1570 1467 1599 1508 es
1620 1456 1652 1508 tu
1668 1469 1676 1508 ι
1693 1459 1721 1509 et
1734 1454 1756 1508 si
1770 1453 1891 1509 transieris

236 1559 284 1620 bis,
308 1556 479 1626 derelinquat
505 1557 604 1626 impias
630 1557 690 1609 otae
717 1569 791 1620 saus,
816 1558 842 1609 et
870 1556 914 1608 air
940 1556 1048 1624 iniquus
1098 1559 1277 1616 peraquam,
1294 1548 1388 1600 lecum
1404 1561 1479 1614 sum,
1496 1545 1657 1602 etilumina
1676 1563 1734 1602 non
1752 1547 1893 1619 cooperient

234 1653 409 1719 capitatioaes
434 1663 509 1711 suas,
533 1653 559 1703 et
582 1651 756 1703 convetetur
781 1647 819 1702 ad
845 1649 998 1710 Dominum,
1023 1653 1049 1702 et
1098 1641 1137 1693 ιθ·
1162 1638 1196 1692 Ei
1221 1637 1245 1693 si
1271 1639 1416 1694 transieris
1438 1639 1618 1712 perignem,
1645 1655 1705 1696 non
1728 1641 1890 1710 combureris,

233 1743 419 1798 misericordia
440 1745 465 1796 ei
481 1743 694 1813 preparabitur,
713 1743 779 1811 qaia
798 1757 852 1797 nou
873 1742 991 1796 muttum
1005 1757 1047 1796 rc·
1098 1729 1217 1787 flammi
1240 1749 1298 1788 1¹⁰n
1326 1736 1427 1788 θῑῦιθῑ
1448 1738 1487 1801 ἴθι
1512 1735 1581 1806 ‘1⁰5³
1605 1749 1661 1805 08⁰
1685 1733 1814 1790 ⁰⁰ffli¹¹¹¹⁵
1834 1732 1892 1788 ⁰²⁰³

234 1839 318 1892 mittit
329 1842 442 1908 peccota
456 1841 556 1892 oestro.

270 1961 361 2032 Atque
375 1961 449 2016 banc
464 1961 553 2033 ipsam
570 1976 784 2034 praepropemm
799 1957 1008 2032 paenitentiam,
1022 1963 1049 2014 et

235 2054 352 2110 nimiam
365 2054 530 2109 facilitatem
545 2071 578 2108 ea
589 2055 623 2108 de
635 2055 737 2126 quibus
749 2069 825 2108 nunc
836 2053 958 2122 agimus,
971 2049 1050 2106 lsaiae

236 2147 321 2202 verba
341 2148 546 2203 condemnant.
566 2149 700 2212 Quarere
722 2147 828 2202 scilicet
850 2146 934 2202 debet
956 2160 1050 2216 pecca·

235 2249 282 2298 tor
295 2243 393 2308 ileum,
409 2257 501 2312 eaque
518 2257 568 2297 cor
580 2240 709 2311 ejusdem
726 2240 882 2311 peccatoris
897 2238 986 2310 gratia
1000 2255 1050 2292 sua

237 2335 418 2402 illustrante,
444 2351 476 2388 ac
507 2339 711 2405 permovente,
739 2333 937 2404 derelinquere
966 2332 1051 2387 debet

237 2430 313 2483 viam
333 2445 432 2496 suam,
452 2432 512 2482 tum
535 2444 602 2484 vero
623 2427 814 2484 misericordia
829 2427 854 2482 ei
874 2425 1049 2498 praeparabi-

237 2525 294 2590 tur,
316 2539 401 2594 qaam
426 2523 543 2593 quidem
568 2539 625 2577 nou
647 2522 707 2578 sina
736 2522 875 2593 precibus,
897 2525 925 2574 et
949 2519 1048 2591 poenis,

237 2617 340 2688 quibus
367 2620 500 2688 peccator
527 2615 633 2683 subsit,
663 2615 793 2687 indulget
821 2615 906 2681 Deus,
933 2613 982 2684 qui
1008 2615 1050 2685 (ut

237 2711 381 2780 scriptoris
402 2710 491 2766 nostri
507 2709 601 2764 verbis
620 2710 746 2780 utamur)
762 2725 816 2764 ooo
831 2709 947 2763 mattam
961 2709 1051 2762 remit-

237 2807 286 2870 tit,·
301 2803 330 2859 id
345 2807 387 2859 est
406 2820 466 2860 non
486 2804 547 2859 sine
569 2804 663 2874 aliquo
682 2807 777 2858 nostro
798 2801 935 2873 supplicio
957 2805 987 2855 et
1005 2801 1049 2854 at·

236 2897 373 2954 tlictione.
387 2898 464 2953 Alios
479 2898 565 2952 etiam
582 2912 681 2951 sensus
695 2895 777 2950 verba
791 2911 846 2950 aon
867 2895 980 2950 multam
998 2893 1050 2948 ha·

235 2991 305 3047 bere
323 2992 440 3047 fortasse
460 2994 588 3063 possunt,
608 2990 657 3045 sed
673 2991 749 3044 certe
768 2989 853 3044 hosce
870 2988 951 3045 duos.
974 2988 1051 3043 Prior

235 3086 283 3140 hic
297 3089 340 3142 est
356 3103 363 3140 ι
378 3085 473 3142 statim
489 3101 521 3140 ac
539 3090 670 3157 peccator
683 3099 717 3140 ex
732 3083 816 3139 corde
831 3083 935 3138 deileat
949 3099 1049 3153 pecca·

235 3186 295 3236 tum
311 3196 404 3247 suum,
422 3179 549 3234 remittet
566 3179 639 3234 Deus
660 3193 836 3250 quaecunque
856 3174 953 3249 847
973 3193 1050 3231 erra·

236 3274 286 3341 sit,
301 3273 373 3329 adeo
393 3276 426 3327 ut
446 3288 500 3327 nou
519 3273 637 3327 multam
651 3269 725 3326 orari
746 3287 776 3326 se
794 3271 878 3338 sinat,
894 3274 926 3325 ut
938 3270 1049 3326 veniam

236 3366 394 3438 indulgeat.
411 3364 489 3422 Alter
505 3383 511 3421 ι
526 3366 595 3421 dum
614 3365 785 3435 [teneatque
806 3363 930 3420 Ecclesia
947 3379 994 3418 ros
1013 3363 1048 3419 ad

237 3463 372 3528 sevocat,
392 3458 581 3526 cancellani,
600 3459 712 3513 vocanti
731 3460 841 3530 parete,
859 3473 951 3529 neque
972 3457 1050 3512 enim

235 3557 285 3612 dia
304 3555 370 3626 (non
384 3551 510 3622 muttum)
526 3552 715 3625 pertinaciam
733 3556 855 3607 vestram
870 3556 953 3623 atque
972 3551 1048 3607 inso-

235 3648 355 3704 lentiam
373 3646 514 3702 tolerabit.
535 3648 647 3702 Calmet
671 3649 821 3719 postrema
845 3645 911 3700 huic
934 3645 1051 3716 explica·

237 3743 308 3798 doni
323 3742 407 3810 lavat,
428 3741 497 3796 dum
521 3740 658 3796 lectorem
681 3747 789 3808 monet,
810 3742 841 3793 ut
861 3738 988 3794 conferat
1008 3740 1048 3794 lo-

237 3852 302 3892 cum
329 3835 405 3890 hunc
428 3849 494 3890 curn
517 3833 605 3890 altero
624 3835 742 3890 loannis
763 3851 811 3903 xri,
835 3836 867 3890 35
889 3850 896 3888 :
915 3851 929 3885 ιι
951 3832 1050 3888 annue

237 3929 383 3987 modicum
406 3929 507 3984 lumen
529 3929 557 3984 in
579 3928 659 3985 vobis
678 3934 730 3996 cst,
752 3928 896 3984 ambulate
918 3926 987 3983 dum
1011 3928 1051 3982 lu-

236 4023 465 4082 machabetis.»
488 4023 648 4095 Utcumque
664 4022 708 4090 sit,
725 4021 800 4090 audi,
819 4021 965 4094 quomodo
984 4021 1049 4077 Val-

237 4122 320 4192 gatus
333 4116 475 4188 interpres
490 4117 560 4188 haec,
576 4116 611 4174 de
630 4116 733 4186 quibus
751 4115 872 4188 agimus,
887 4115 969 4171 verba
983 4115 1049 4171 leti-

237 4213 326 4268 nitate
341 4209 477 4266 donarit:
493 4233 508 4262 ιι
522 4209 647 4275 Ouarite
667 4209 828 4278 dominum,
843 4208 913 4264 dum
930 4207 1051 4265 inveniri
1103 4263 1108 4274 ,

237 4308 348 4378 potest;
376 4305 505 4360 invocate
531 4320 608 4371 cum,
631 4302 700 4358 dum
727 4319 815 4374 prope
842 4309 901 4370 est;
930 4303 1052 4358 derelin-

237 4405 304 4472 quet
319 4397 427 4470 impius
440 4398 514 4454 viam
528 4413 621 4468 suam,
635 4400 664 4452 et
677 4397 719 4451 sir
732 4396 846 4469 iniquus
861 4397 1050 4468 cogitationes

237 4509 319 4560 suas,
342 4495 371 4548 ct
392 4494 552 4548 revertatur
571 4490 606 4546 ad
629 4491 797 4561 Dominum,
818 4493 847 4545 et
869 4491 1051 4546 miserebitur

238 4587 309 4660 ejus,
324 4592 353 4643 et
368 4587 403 4640 ad
419 4587 508 4642 Deum
525 4588 667 4653 nostrum,
683 4583 819 4655 quoniam
838 4585 944 4640 multus
956 4589 998 4640 est
1016 4586 1051 4642 ad

236 4679 486 4752 ignoscendum.»
506 4679 565 4734 Νοιι
586 4678 712 4750 praeterit
727 4679 819 4735 locum
840 4679 917 4733 bunc
937 4685 1051 4734 sanctus

236 4773 374 4832 Pacianus
392 4774 524 4829 adversus
545 4773 711 4830 Novationos
732 4773 879 4844 disputans
899 4773 991 4845 (epist.
1011 4772 1050 4844 3),

237 4885 332 4942 neque
351 4868 437 4924 etiam
456 4869 583 4939 preterit
602 4868 788 4924 [tamassanus
801 4869 928 4940 (Paruit,
944 4868 999 4924 litt.
1024 4893 1050 4940 μ,

237 4961 282 5018 tit.
298 4964 347 5032 ιιι).

271 5083 341 5138 vill.
366 5084 437 5138 ltem
459 5083 516 5138 illic
539 5085 616 5154 (isa,
640 5099 713 5151 xnrv,
740 5085 763 5154 ιι
790 5101 796 5139 :
820 5085 969 5142 Recordare
986 5085 1049 5150 bac,

236 5177 318 5232 Jacob
329 5181 355 5231 et
368 5177 463 5245 lsrael,
481 5179 547 5246 qaia
561 5193 630 5248 puer
642 5193 717 5232 meas
731 5193 773 5246 aar
788 5181 883 5234 oocrroi
900 5185 924 5234 te
935 5195 1051 5250 puerum

237 5285 333 5337 meam,
356 5275 382 5324 et
404 5276 444 5338 tu,
467 5272 560 5333 lsrrrei,
582 5271 641 5325 noti
660 5270 783 5326 obliuisci
804 5275 880 5328 mei:
901 5289 957 5329 ecce
979 5276 1051 5330 enim

237 5363 351 5418 abstersi
372 5366 442 5420 sicut
445 5401 500 5419 .....
529 5365 681 5434 injustitias
701 5369 771 5429 tuae,
798 5372 822 5421 et
848 5371 918 5424 sicat
938 5371 1050 5425 imbrem

232 5463 346 5531 peccata
359 5463 418 5514 aaa.
436 5460 593 5518 Convertere
608 5459 646 5514 oct
658 5475 707 5527 me,
728 5465 753 5514 et
765 5461 897 5518 redimam
912 5467 946 5520 te.

272 5565 324 5624 iliu
344 5563 499 5639 perquisivi
520 5571 580 5621 tum
600 5566 630 5620 in
645 5567 764 5639 Vulgata
778 5569 916 5638 versione,
938 5573 1000 5627 tum
1019 5571 1049 5626 iu

237 5659 332 5718 Bibliis
364 5677 398 5718 ex
431 5660 665 5733 interpretatione
696 5661 883 5736 Septuaginta
909 5664 1048 5722 latinitate

1100 1828 1165 1880 tuus
1176 1828 1300 1894 sanctus,
1311 1826 1407 1894 lsrael,
1418 1827 1545 1883 Salvator
1556 1834 1630 1884 tuus.
1640 1848 1654 1877 ιι
1664 1829 1701 1883 nt
1710 1827 1741 1883 in
1749 1828 1855 1898 Vulgata
1863 1827 1893 1880 le

1102 1917 1179 1990 gitur·
1189 1918 1224 1974 ad
1238 1919 1313 1974 bunc
1324 1920 1461 1975 modurn:
1476 1941 1490 1971 ιι
1500 1921 1534 1975 ιιι
1544 1937 1621 1976 nunc
1631 1919 1693 1976 brec
1703 1919 1894 1976 dicitllomiuus

1100 2027 1201 2066 creans
1214 2014 1254 2079 te,
1267 2013 1363 2080 iacob,
1377 2015 1406 2068 et
1418 2012 1546 2069 formans
1558 2018 1596 2083 te,
1610 2014 1716 2070 lsrael:
1730 2013 1790 2069 Noli
1802 2015 1893 2078 timere,

1100 2105 1168 2177 quia
1182 2105 1292 2160 redemi
1308 2111 1345 2173 te,
1365 2111 1394 2162 et
1407 2107 1503 2163 vocavi
1523 2113 1551 2162 te
1570 2107 1692 2163 nomine
1711 2112 1770 2164 ιιιο.
1789 2110 1857 2164 llam
1872 2122 1895 2160 es

1100 2200 1141 2253 tu.
1154 2197 1225 2253 Cum
1240 2198 1385 2254 transieris
1398 2215 1450 2271 per
1463 2215 1562 2272 aquas,
1575 2205 1670 2256 tecum
1682 2216 1744 2267 ero,
1758 2203 1786 2254 ct
1796 2199 1896 2254 flumina

1099 2307 1157 2346 uon
1172 2291 1300 2364 operient
1315 2297 1351 2348 ta.
1374 2314 1388 2344 ιι
1407 2297 1464 2348 Ant
1485 2295 1580 2366 potius
1600 2294 1706 2350 adduci
1724 2293 1769 2349 hic
1788 2293 1897 2364 suspicor

1100 2384 1226 2457 quinque
1246 2386 1354 2458 priores
1376 2387 1531 2443 versiculos
1552 2387 1650 2459 capitis
1674 2403 1735 2443 xnrv
1756 2387 1837 2452 isaie,
1858 2385 1896 2455 qui

1100 2481 1195 2533 tamen
1217 2479 1384 2552 invulgata
1407 2481 1497 2536 multo
1519 2482 1602 2536 aliter
1619 2481 1766 2553 leguntur,
1787 2479 1897 2534 adhunc

1101 2571 1206 2628 scilicet
1220 2572 1339 2629 modum
1353 2595 1358 2627 :
1374 2595 1389 2624 ιι
1403 2575 1436 2630 m
1447 2591 1524 2630 nuno
1538 2574 1615 2644 audi,
1625 2575 1722 2644 iacob,
1732 2587 1896 2638 sarvemcus,

1100 2671 1128 2720 et
1145 2666 1226 2721 lsrael
1243 2683 1327 2738 quem
1342 2668 1428 2740 elegi.
1445 2669 1508 2724 llaec
1527 2668 1595 2724 dicit
1612 2668 1754 2724 Dominus
1767 2667 1864 2723 taciens
1876 2668 1899 2718 et

1101 2759 1228 2814 formans
1245 2764 1283 2830 te,
1302 2761 1336 2816 ab
1357 2765 1436 2818 utero
1454 2762 1606 2818 auxiliator
1619 2767 1688 2818 tuas
1702 2780 1710 2817 ι
1725 2762 1786 2819 Noli
1803 2760 1897 2823 timere,

1100 2869 1180 2908 serve
1208 2870 1288 2910 meus
1310 2855 1410 2926 iacob,
1442 2860 1471 2910 et
1503 2855 1670 2927 rectissime,
1705 2871 1790 2928 quenr
1818 2853 1899 2924 elegi;

1100 2945 1246 3002 effundam
1269 2947 1347 3003 enim
1370 2966 1457 3021 aquas
1477 2965 1564 3022 super
1583 2950 1740 3016 sitientem,
1762 2953 1789 3004 et
1808 2947 1898 3002 fluenta

1101 3055 1187 3112 super
1207 3041 1316 3097 aridam
1341 3057 1348 3096 ι
1374 3041 1519 3098 effundam
1542 3043 1686 3115 Spiritum
1710 3058 1807 3098 meum
1830 3055 1901 3111 super

1060 3158 1088 3234 C
1100 3149 1196 3190 semen
1209 3137 1301 3202 tuum,
1314 3140 1342 3191 et
1353 3135 1581 3192 benedictionem
1591 3151 1690 3192 meam
1702 3152 1788 3208 super
1800 3135 1900 3206 stirpem

1099 3233 1188 3284 tuam.
1212 3229 1246 3284 lit
1271 3229 1477 3302 germinabunt
1499 3231 1574 3286 inter
1596 3229 1702 3286 herbas
1723 3231 1803 3303 quasi
1825 3229 1902 3283 silices

1096 3323 1177 3393 juxta
1205 3323 1432 3395 praeterfluentes
1454 3339 1551 3396 aquas.
1579 3327 1632 3381 lste
1665 3325 1744 3380 dicet
1772 3341 1779 3379 ι
1806 3319 1900 3378 ilonrini

1100 3432 1154 3488 ego
1168 3432 1231 3472 sum
1250 3433 1257 3471 ι
1276 3420 1305 3472 et
1322 3417 1368 3472 ille
1389 3417 1500 3474 vocabit
1518 3417 1547 3472 in
1569 3417 1689 3474 nomine
1708 3417 1804 3486 iacob,
1823 3419 1850 3470 et
1867 3414 1902 3468 hic

1100 3509 1203 3566 scribet
1223 3527 1310 3566 manu
1331 3528 1382 3566 sua
1403 3529 1410 3568 :
1432 3511 1555 3568 Domino
1559 3553 1612 3568 .....
1634 3514 1695 3569 Rex
1717 3512 1803 3567 lsrael
1822 3515 1848 3564 et
1866 3523 1901 3562 re·

1100 3603 1232 3676 demptos
1249 3604 1320 3676 ejus.
1343 3626 1358 3656 ιι
1374 3606 1575 3678 interpretatio
1595 3621 1685 3677 porro
1710 3605 1809 3672 letina,
1829 3603 1903 3658 inler-

1100 3698 1251 3770 pretationi
1282 3699 1468 3772 Septuaginta
1494 3697 1591 3773 848
1623 3714 1730 3756 senum
1756 3699 1903 3762 adherens,

1100 3793 1140 3848 sic
1153 3792 1248 3848 reddit
1262 3809 1268 3849 ι
1284 3813 1298 3844 ιι
1318 3795 1398 3850 Nunc
1418 3797 1512 3849 eutem
1528 3793 1605 3862 audi,
1620 3794 1720 3862 iacob,
1739 3809 1809 3865 puer
1828 3805 1903 3854 meus,

1100 3891 1129 3942 et
1143 3888 1240 3956 lsrael,
1256 3903 1342 3961 quem
1362 3887 1457 3960 elegi:
1472 3887 1512 3944 sic
1531 3887 1599 3944 dicit
1616 3888 1760 3945 Dominus
1780 3889 1849 3943 Deus
1865 3883 1905 3954 qui

1100 3979 1227 4050 fecitte,
1251 3985 1281 4036 et
1304 3981 1353 4054 qui
1377 3981 1518 4038 adamavit
1542 3987 1572 4038 te
1598 3981 1633 4038 de
1660 3986 1764 4038 ventre
1791 3999 1798 4036 :
1821 3978 1906 4036 Adbuc

1100 4073 1220 4130 babebis
1240 4075 1389 4131 auxilium.
1412 4075 1474 4131 Noli
1496 4075 1607 4145 timere,
1626 4092 1704 4148 puer
1726 4092 1806 4132 meus
1824 4071 1904 4138 iacob,

1100 4171 1129 4224 et
1141 4168 1243 4224 dilecte
1258 4170 1354 4240 lsrael,
1370 4185 1456 4241 quem
1471 4169 1554 4241 elegi.
1569 4169 1641 4235 Quia
1654 4185 1712 4244 ego
1726 4169 1803 4226 dabo
1817 4180 1906 4238 aquam

1100 4279 1130 4317 m
1146 4262 1203 4330 siti,
1216 4263 1250 4318 iis
1263 4263 1313 4336 qui
1325 4263 1475 4319 ambulant
1489 4263 1518 4318 iu
1532 4279 1649 4336 aquosa,
1665 4263 1818 4336 imponam
1833 4259 1906 4331 Spiri-

1099 4361 1161 4412 tum
1185 4373 1282 4412 meum
1306 4373 1392 4430 super
1416 4373 1512 4414 semen
1537 4360 1631 4426 tuum,
1655 4361 1687 4414 et
1708 4355 1907 4414 benedictiones

1102 4467 1182 4508 meas
1206 4465 1291 4523 super
1310 4451 1383 4507 lilios
1405 4455 1479 4508 tuos.
1502 4453 1535 4507 Et
1556 4452 1689 4508 orientur
1713 4456 1745 4506 ut
1771 4451 1800 4506 in
1825 4446 1906 4504 medio

1060 4529 1184 4618 Daque
1203 4545 1323 4616 irenem,
1342 4549 1372 4602 et
1385 4546 1457 4602 sicut
1475 4545 1546 4602 salix
1565 4561 1651 4618 super
1672 4543 1907 4618 praeterfluentem

1101 4655 1213 4712 aquam.
1235 4642 1289 4695 lete
1311 4639 1387 4694 dicet
1405 4657 1412 4696 ι
1430 4641 1480 4696 liei
1500 4657 1563 4696 sum
1584 4657 1590 4695 :
1608 4645 1637 4697 et
1656 4640 1714 4696 iste
1738 4637 1867 4694 clamabit
1884 4635 1907 4687 in

1101 4734 1218 4790 nomina
1240 4733 1336 4802 iacob,
1358 4735 1476 4790 elalius
1496 4734 1597 4790 scribet
1620 4734 1649 4790 in
1674 4751 1766 4790 mauu
1789 4750 1847 4800 saa,
1868 4725 1908 4785 liei

1101 4845 1175 4897 sum,
1199 4833 1229 4884 at
1253 4829 1284 4884 in
1307 4828 1421 4884 nomine
1447 4829 1533 4884 lsrael
1553 4828 1699 4886 clamabit.
1725 4851 1740 4879 ιι
1766 4825 1907 4884 ιιιιιιίωθι

1101 4927 1197 4978 autem
1222 4923 1296 4996 quod
1320 4923 1371 4977 bas
1393 4923 1470 4978 inter
1497 4923 1753 4996 interpretationes
1779 4938 1835 4978 non
1857 4917 1909 4974 lere

1100 5017 1229 5086 interest,
1244 5016 1329 5074 retuli
1342 5017 1373 5072 iu
1387 5017 1570 5090 exemplaria,
1582 5033 1646 5089 quae
1660 5017 1767 5074 hebuit
1780 5017 1909 5085 interpres

1099 5111 1158 5183 ille,
1181 5127 1267 5184 quem
1290 5111 1431 5168 consuluit
1452 5115 1550 5169 noster
1569 5112 1706 5183 scriptor,
1731 5111 1781 5184 qui
1802 5110 1909 5166 fortasse

1100 5205 1186 5262 etiam
1203 5223 1255 5278 per
1269 5222 1299 5261 se
1319 5206 1380 5278 ipse
1397 5206 1543 5278 superiora
1562 5205 1650 5262 verba
1667 5205 1700 5260 iu
1723 5205 1840 5262 llebraeo
1857 5205 1907 5264 aot,

1100 5301 1123 5355 si
1139 5300 1188 5369 ιιι,
1204 5301 1234 5356 in
1247 5303 1342 5358 Graeco
1357 5299 1488 5356 nonnihil
1508 5299 1642 5373 ambigua
1659 5299 1699 5356 ad
1715 5315 1784 5356 earm
1800 5295 1909 5354 modum

1101 5395 1263 5465 transtulit,
1288 5411 1374 5468 quem
1400 5395 1472 5451 vidit
1493 5401 1593 5468 aptum
1618 5393 1655 5450 ad
1680 5392 1854 5450 revocandos
1877 5385 1908 5442 ad

1100 5487 1253 5544 Ecclesiam
1278 5492 1415 5546 errantes.
1439 5491 1589 5558 Gaeterum,
1611 5487 1634 5544 si
1657 5487 1710 5556 vis,
1735 5486 1821 5544 sarira
1841 5483 1906 5539 illa:

1100 5603 1115 5634 ιι
1128 5582 1300 5639 Convertere
1315 5581 1351 5638 ad
1364 5600 1409 5639 mc
1420 5588 1449 5639 et
1461 5583 1600 5640 redimam
1612 5586 1650 5652 te,
1664 5603 1678 5631 ιι
1692 5581 1846 5652 desumpta
1856 5591 1908 5632 esse

1100 5693 1133 5734 er
1148 5678 1204 5734 alio
1216 5678 1369 5752 Scriptura
1382 5679 1452 5750 loca,
1467 5694 1554 5751 quem
1569 5675 1722 5754 negligens
1734 5669 1907 5734 amanuensis

268 5847 317 5920 (il)
334 5849 463 5906 Parolloi.
486 5851 537 5904 litt.
554 5869 580 5920 μ,
604 5854 644 5906 ιιι.
660 5865 698 5921 ιιι,
721 5869 748 5924 p.
771 5857 828 5922 578,
843 5865 863 5914 t.
888 5862 912 5916 ll
937 5861 1003 5918 edit.
1027 5865 1053 5920 le
1069 5863 1170 5936 Quian.
