3986 6208
266 277 314 342 m
711 270 738 336 s.
758 267 916 338 oronim
936 269 1075 338 crunon
1094 267 1179 336 orus
1198 277 1233 336 o.
1253 307 1287 320 -
1306 267 1487 338 ornacum.
1629 307 1634 314 ·
1855 283 1895 346 oo

291 406 457 462 idololotria
477 403 622 459 interdicto
645 402 707 458 hinc
729 403 844 473 probat,
864 403 938 474 quod
958 404 1067 460 nullum
1086 403 1235 473 spectaculi
1253 419 1336 473 penus
1356 419 1412 459 nou
1432 403 1513 458 idolis
1534 409 1717 462 consecratum
1738 409 1779 464 sit.
1802 412 1893 478 buum,

284 509 333 562 per
352 489 443 565 781
468 491 578 561 stapulo
599 493 726 548 ludorum
745 508 853 561 persero,
869 507 930 562 qua
950 495 1006 546 sint
1027 494 1056 546 in
1078 493 1224 562 spectando
1238 491 1368 563 pericula,
1384 493 1468 562 poulo
1482 493 1565 548 latins
1579 509 1662 563 quarn
1681 497 1792 565 Epistola
1805 503 1897 557 sunnio

283 582 321 635 od
336 584 668 651 Donatumproscqcotor,
685 584 711 635 et
724 583 873 650 prasertim
888 596 977 635 eorum
991 573 1089 650 quibus
1104 601 1117 630 a
1132 582 1310 644 obscenitatis,
1325 583 1424 651 inquit,
1439 584 1625 650 nequientem
1645 585 1761 640 traditur
1775 589 1896 646 simulacris

289 673 423 726 libidinis.
438 672 599 725 »Postremo
610 670 766 740 spectaculo
780 671 933 728 Christiano
946 668 1051 724 bomine
1064 669 1160 741 dipoo,
1173 671 1273 740 quibus
1284 672 1379 726 merito
1392 671 1523 726 ablactare
1536 686 1564 728 se
1574 671 1679 736 dotem,
1692 676 1781 742 paucis
1792 685 1895 742 recenset,

285 763 410 816 imitatus
423 759 498 814 bauti
514 759 595 814 dubie
613 760 712 814 tibrum
735 759 900 814 Tertulliani
919 758 952 812 cte
973 758 1150 828 Spectaculis,
1164 774 1243 829 quem
1256 759 1359 815 alicubi
1377 764 1402 815 et
1421 758 1511 816 draco
1527 765 1553 815 et
1570 761 1668 816 Latine
1689 767 1846 834 rescripsisse
1862 768 1897 821 tlte

284 851 404 919 indicat,
419 855 475 904 tam
487 849 620 915 solutum
633 850 668 903 its
681 849 804 904 omnum
817 863 877 920 qnae
891 847 928 904 od
942 847 991 904 boc
1003 849 1161 904 institutam
1173 850 1293 916 fodant,
1312 854 1343 904 ut
1361 851 1546 906 commentarit
1566 849 1621 906 loco
1637 865 1690 906 esse
1709 855 1786 921 possit
1803 853 1856 909 dnn
1870 856 1895 911 de

290 938 506 1009 spectaculorum
517 936 673 993 dicusitate
686 937 820 1006 coendum
833 942 884 993 est.
1331 925 1334 932 ’

285 1079 307 1133 i.
330 1077 482 1134 crumas·
502 1075 578 1148 plebi
599 1075 628 1130 iu
647 1075 799 1146 Evangelio
817 1075 903 1132 stanti
928 1077 952 1131 lt
984 1077 1060 1132 salu·
1072 1087 1100 1160 Α
1111 1077 1259 1132 tumeliam
1271 1077 1320 1132 Dei
1336 1076 1436 1150 religio
1448 1093 1515 1132 vera
1528 1080 1557 1132 et
1571 1076 1666 1132 divina
1679 1075 1813 1132 calcaturi
1823 1077 1897 1132 Pnbor

248 1174 318 1246 tem.
332 1171 367 1228 Ut
380 1186 425 1226 me
439 1170 507 1225 satis
524 1168 672 1224 contristat
684 1172 713 1224 et
723 1169 854 1225 animum
875 1185 972 1225 meum
993 1185 1060 1242 gra·
1113 1186 1159 1226 me
1174 1173 1254 1226 tenet
1266 1170 1493 1243 prascriptiones
1508 1167 1605 1244 782
1620 1186 1723 1226 eorum
1735 1169 1763 1226 in
1775 1170 1821 1226 hac
1832 1187 1897 1225 musa

247 1265 319 1322 riter
336 1263 441 1336 aflligit
458 1279 525 1318 cnm
547 1261 625 1317 ncilla
645 1261 716 1317 mihi
730 1262 875 1318 scribendi
887 1263 924 1318 ud
936 1278 985 1319 ros
998 1280 1061 1336 por·
1111 1265 1142 1318 et
1162 1263 1319 1334 patrocinia
1342 1265 1457 1320 referre.
1482 1262 1545 1331 Ubi,
1567 1263 1714 1336 inquiunt,
1738 1262 1829 1334 scripta
1847 1267 1899 1318 snut

247 1358 352 1430 rigitur
370 1356 476 1412 occasio
498 1355 546 1427 (3),
568 1355 772 1412 detrimentum
796 1360 839 1411 est
859 1355 938 1412 enim
962 1371 1061 1411 meum
1110 1355 1186 1411 ista?
1204 1355 1256 1411 Ubi
1276 1356 1441 1428 prohibita?
1454 1355 1588 1428 Alioquin
1609 1362 1638 1412 et
1661 1355 1760 1428 auriga
1779 1360 1816 1410 est
1832 1357 1897 1410 lanei

247 1449 392 1507 vobiscum
406 1465 464 1506 non
478 1448 611 1522 colloqui,
625 1449 663 1503 ita
677 1447 748 1503 nihil
768 1449 839 1505 mihi
859 1451 970 1504 tantam
986 1448 1060 1505 lasti-
1111 1448 1213 1516 Helias,
1234 1451 1262 1503 et
1278 1451 1343 1504 anta
1357 1465 1453 1504 arcam
1467 1448 1557 1504 David
1572 1449 1633 1521 ipse
1648 1449 1768 1504 saltavit.
1781 1447 1898 1520 ltablattl,

248 1544 316 1600 liam
331 1543 563 1613 hilaritatemque
578 1541 700 1597 restituit
714 1559 800 1616 quum
819 1559 884 1598 cum
898 1543 978 1598 adest
996 1559 1059 1597 rnr-
1111 1555 1240 1613 cynares,
1271 1558 1339 1610 aera,
1363 1546 1511 1615 tympana,
1533 1542 1629 1606 tihias,
1659 1542 1798 1614 cytharas,
1818 1541 1899 1596 choros

246 1655 293 1694 sus
305 1636 426 1695 occasio.
439 1635 588 1692 Vobiscum
608 1651 655 1691 me
673 1651 735 1691 esse
756 1636 880 1692 arbitror
898 1653 963 1692 cnm
981 1635 1061 1692 vobis
1110 1633 1240 1705 legimus.
1256 1635 1404 1706 Apostolus
1413 1651 1528 1708 quoqne
1541 1633 1678 1690 dimicans
1689 1639 1777 1690 cestus
1787 1635 1900 1689 etcalluc-

246 1748 298 1804 per
321 1731 428 1787 litteras
448 1729 561 1802 loquor.
587 1728 754 1801 Quanquam
778 1727 868 1800 igitar
890 1731 928 1784 ita
950 1746 980 1786 se
999 1730 1061 1786 haec
1109 1726 1224 1782 tationis
1234 1731 1339 1784 nostrae
1351 1728 1486 1785 adsersus
1496 1728 1632 1800 spiritalia
1642 1728 1776 1800 nequitia
1788 1728 1901 1799 proponit
1951 1725 1952 1734 ’

246 1825 355 1881 hahere
373 1839 438 1895 qaae
457 1823 520 1878 dico
544 1824 638 1878 certos
657 1838 706 1876 ros
720 1839 781 1876 esse
803 1821 888 1877 sciam
908 1839 961 1878 uec
979 1821 1060 1893 qaid·
1110 1823 1267 1876 certamen.
1287 1821 1405 1889 Rursus,
1427 1837 1494 1878 cuns
1511 1821 1547 1877 de
1566 1821 1658 1877 stadio
1683 1821 1769 1876 sumit
1784 1820 1901 1890 exemplo,

246 1934 332 1990 qnam
347 1916 382 1971 de
397 1916 550 1972 verborum
571 1931 701 1970 meomm
721 1915 840 1970 veritate
861 1915 1001 1984 dubitare,
1017 1917 1060 1970 tu-
1110 1928 1222 1970 corooa
1236 1929 1349 1986 quoque
1367 1915 1488 1972 collocat
1506 1914 1636 1988 praemia.
1650 1915 1710 1969 Gar
1730 1930 1795 1985 ergo
1811 1913 1903 1968 homiui

246 2027 313 2067 meo
335 2009 422 2066 etiam
443 2011 647 2082 argumentum
671 2008 861 2064 sinceritatem
885 2008 927 2064 rei
949 2009 1058 2065 usserit.
1109 2005 1270 2062 Christiano
1296 2007 1373 2063 fideli
1397 2023 1456 2065 non
1483 2009 1566 2064 liceat
1589 2011 1719 2080 spectare
1745 2005 1816 2080 quod
1840 2005 1902 2059 licuit

245 2104 326 2174 Nam,
336 2119 403 2159 cnm
414 2101 493 2158 nulla
502 2117 619 2175 prorsus
629 2101 790 2175 praeteritur
799 2101 917 2172 occasio,
927 2101 1060 2174 probatur
1110 2098 1213 2154 diviua
1230 2099 1344 2156 Litteris
1361 2099 1506 2158 scriberet
1520 2102 1577 2156 iloc
1589 2101 1618 2158 in
1631 2101 1693 2156 loco
1707 2117 1764 2156 uon
1778 2099 1903 2154 immerito

245 2197 367 2254 allectio.
388 2197 524 2262 Quamvis
546 2212 615 2267 ergo
635 2197 729 2251 certus
753 2195 806 2250 sim
821 2211 869 2250 ros
889 2211 945 2250 non
965 2195 1060 2250 minus
1110 2191 1234 2248 dixerim
1260 2193 1345 2266 longe
1369 2193 1473 2250 melius
1496 2195 1582 2250 laissa
1608 2193 1668 2250 istis
1696 2194 1784 2250 nullus
1805 2192 1902 2247 Litteras

246 2309 306 2349 esse
327 2292 357 2346 iu
376 2291 441 2346 aitte
460 2294 525 2345 actu
544 2288 582 2362 (l)
605 2305 703 2361 graves
726 2305 811 2361 qnam
832 2287 860 2344 in
884 2291 1060 2344 sacramento
1109 2301 1192 2341 nosse
1216 2303 1302 2358 qnam
1331 2285 1371 2342 sic
1395 2287 1516 2344 Litteras
1541 2287 1646 2358 legere.
1676 2287 1766 2344 Verba
1791 2285 1859 2341 enim
1882 2287 1904 2338 et

244 2386 351 2454 fideles,
365 2387 472 2451 nmen,
486 2382 623 2455 qnoniam
636 2398 692 2436 non
706 2380 811 2436 desunt
823 2380 954 2436 vitiorum
970 2397 1060 2436 asser·
1109 2381 1242 2452 exempla
1253 2397 1317 2453 qaae
1329 2381 1366 2437 ad
1378 2380 1605 2437 exhortationem
1624 2381 1794 2454 evangelica
1812 2377 1904 2433 virtutis

243 2483 320 2536 tores
340 2477 435 2532 blandi
457 2481 484 2532 et
504 2475 686 2548 indulgentes
713 2473 826 2545 patroni
851 2473 901 2546 qni
922 2447 1200 2546 praeqtanthosita
1219 2477 1295 2542 suut,
1316 2474 1350 2528 ad
1370 2473 1504 2530 vitiorum
1525 2474 1681 2546 patrocinia
1701 2473 1904 2536 transferentem

244 2573 317 2628 vitiis
336 2569 372 2642 (5)
391 2569 588 2624 auctoritatem
607 2574 649 2636 et,
674 2567 750 2640 qnod
768 2569 810 2622 est
832 2567 975 2635 deterius,
995 2583 1059 2622 een·
1108 2566 1243 2637 quoniam
1264 2583 1321 2623 non
1342 2572 1372 2622 ut
1384 2572 1582 2638 spectarentur
1595 2567 1650 2624 ista
1663 2568 1765 2639 scripta
1784 2570 1853 2632 sunt,
1865 2562 1904 2617 sed

244 2680 339 2721 suram
365 2663 577 2734 Scripturarum
603 2661 759 2717 coelestium
787 2661 816 2715 in
844 2660 1057 2716 advocationem
1108 2662 1140 2713 nt
1166 2659 1269 2715 animis
1293 2659 1397 2716 nostris
1421 2660 1557 2717 instantia
1584 2661 1678 2732 major
1701 2661 1862 2716 excitaretur
1881 2657 1905 2710 io

244 2758 396 2813 eriminum
430 2756 610 2822 convertunt,
642 2753 725 2826 qnasi
756 2753 828 2809 sicut
858 2755 994 2809 innocens
1022 2753 1057 2827 (a)
1107 2752 1192 2808 rebus
1212 2753 1379 2825 profuturis,
1401 2754 1471 2810 dnm
1490 2759 1567 2811 tants
1588 2758 1631 2810 est
1650 2755 1727 2826 apud
1749 2749 1905 2809 ethnicosia

244 2851 468 2924 spectaculorum
496 2847 532 2903 ad
559 2847 758 2903 remissionem
787 2846 877 2903 animi
907 2850 1058 2919 appetatur
1107 2844 1194 2900 rebus
1205 2861 1262 2901 uon
1275 2847 1443 2918 profuturis.

242 2943 373 3016 voluptas
389 2957 396 2998 ι
412 2956 481 2997 uam
496 2943 524 2995 et
536 2957 570 2996 eo
583 2955 673 3012 nsque
688 2942 838 2996 enervatus
856 2943 898 2994 est
917 2939 1058 2994 ecclesias-
1144 2939 1188 2995 iii.
1213 2942 1421 3011 Argumentum
1448 2943 1492 2994 est
1518 2956 1587 3013 erga
1613 2940 1773 2998 excitandae
1797 2936 1904 3002 vidulis,

243 3037 306 3093 tica
321 3033 477 3106 disciplinae
489 3033 572 3105 rigor
583 3036 612 3088 et
623 3033 664 3088 ita
677 3031 756 3088 omni
769 3032 909 3105 languore
923 3031 1056 3088 citiorum
1107 3047 1165 3088 ocu
1184 3031 1333 3103 permissio
1352 3031 1410 3088 sire
1431 3033 1547 3088 libertas
1570 3034 1720 3106 spectandi
1741 3031 1850 3104 gentilis
1868 3047 1904 3085 er·

243 3126 479 3203 precipitaturin
498 3126 589 3198 pejus,
610 3131 641 3181 nt
656 3127 717 3196 J'am
741 3143 798 3181 non
819 3125 894 3181 vitiis
913 3125 1056 3181 exscreatio
1106 3124 1354 3198 rorisutperhoc
1372 3125 1485 3182 animus
1507 3127 1572 3198 plns
1589 3127 1765 3182 accendetur
1782 3125 1816 3182 ad
1833 3139 1904 3179 evan·
1951 3141 1952 3144 ¹

243 3223 293 3279 sod
306 3219 461 3277 auctoritas
475 3219 559 3274 detur
575 3235 582 3273 ε
599 3218 706 3290 placuit
720 3217 816 3290 paucis
836 3234 886 3273 vos
903 3235 980 3274 nunc
999 3235 1056 3274 nou
1107 3217 1225 3290 gelicam
1248 3219 1383 3274 virtutem
1403 3223 1520 3292 propter
1535 3219 1631 3276 divina
1650 3219 1771 3292 praemia
1792 3235 1852 3274 cum
1865 3231 1906 3288 por

243 3315 396 3383 iustruere,
416 3313 466 3368 sed
486 3312 635 3368 instructos
657 3311 824 3381 admonere,
847 3329 882 3367 ne
898 3311 963 3384 qnia
982 3311 1056 3368 mala
1106 3311 1235 3367 omnium
1248 3311 1379 3368 laborum
1393 3317 1422 3368 et
1435 3313 1567 3370 dolorum
1581 3313 1773 3370 calamitatem
1788 3307 1905 3366 concedo·

243 3407 415 3466 suntrincta
431 3407 558 3474 uolnera,
578 3405 706 3462 sanitatis
725 3405 855 3462 obductae
869 3411 1056 3478 perrumpant
1105 3409 1153 3460 tar
1177 3406 1329 3478 pervenire
1351 3407 1385 3462 ad
1412 3411 1521 3463 salerna
1544 3407 1727 3478 compendia.
1753 3407 1822 3462 Num
1844 3399 1906 3476 qnod

244 3501 413 3559 cicatricem.
435 3498 548 3555 Nullum
568 3498 646 3554 enim
669 3498 773 3554 malum
793 3498 934 3554 difficilius
953 3497 1057 3554 enslin·
1107 3498 1198 3553 Helius
1218 3499 1319 3571 auriga
1345 3505 1388 3556 est
1408 3500 1518 3556 israelis
1540 3517 1596 3556 non
1622 3499 1818 3573 patrocinatur
1838 3511 1904 3567 spec·

244 3594 341 3669 guitur
360 3609 448 3667 qnam
471 3592 548 3665 qaod
567 3590 665 3647 faciles
686 3590 793 3647 reditus
816 3591 912 3659 habel,
936 3590 1005 3646 dum
1027 3593 1057 3646 et
1105 3591 1198 3647 tundis
1213 3591 1384 3648 circensibus
1399 3609 1406 3650 τ
1422 3594 1451 3648 iu
1472 3593 1550 3650 nullo
1565 3593 1643 3650 enim
1659 3593 1684 3648 is
1698 3593 1773 3650 circa
1788 3587 1905 3648 cucurrit.

244 3686 436 3746 multitudinis
464 3701 603 3742 consensu
637 3684 781 3753 asseritur,
814 3687 844 3740 et
874 3683 1055 3740 excusatione
1105 3685 1139 3741 Et
1162 3685 1239 3758 quod
1258 3685 1345 3741 llarid
1370 3687 1401 3742 in
1420 3689 1575 3759 conspectu
1595 3687 1646 3743 liei
1665 3679 1906 3757 chorosegituihil

241 3781 395 3839 blanditur.
1106 3777 1221 3850 adjurat
1241 3779 1272 3834 iu
1297 3779 1410 3836 theatra
1435 3780 1567 3836 sedentes
1589 3780 1768 3837 Christianos
1792 3777 1904 3835 lldelas:

277 3875 312 3933 ll.
330 3875 391 3932 Non
406 3874 506 3948 pudet,
520 3889 580 3930 non
593 3870 691 3946 pudet,
705 3871 833 3945 inquam,
850 3871 947 3928 lideles
961 3871 1054 3927 homi·
1105 3872 1182 3927 nulla
1203 3872 1281 3928 enim
1301 3873 1430 3930 obscenis
1449 3873 1573 3929 motibus
1590 3873 1723 3930 mamhra
1742 3853 1905 3944 distorquens

243 3985 294 4028 nos
313 3973 341 4026 et
358 3967 511 4026 Christiani
526 3967 579 4023 sihi
601 3965 725 4022 nominis
743 3965 939 4023 anctoritatem
961 3965 1055 4020 vindi·
1105 3965 1252 4021 desaltavit
1275 3965 1379 4023 Graecae
1403 3967 1528 4023 lihidinis
1552 3967 1691 4025 tabulam.
1717 3967 1847 4033 Nabide,
1868 3977 1905 4034 cp·
1951 3997 1952 4002 κ

243 4066 348 4134 cantes,
362 4061 577 4135 superstitiones
594 4075 680 4116 ranas
695 4059 844 4131 gentilium
859 4075 923 4115 cum
944 4063 1055 4132 specta·
1105 4075 1192 4130 narce,
1206 4059 1293 4128 tihim,
1310 4063 1457 4132 tympana,
1473 4061 1592 4117 citharse
1611 4061 1737 4118 Domino
1752 4061 1904 4118 servierunt,
1951 4093 1952 4142 3

157 4143 159 4150 ⁴
244 4157 314 4213 calis
338 4155 436 4212 mistas
456 4153 661 4227 descriptoris
682 4151 842 4210 caelestibus
859 4153 894 4225 (7)
914 4151 1056 4208 vindicare
1105 4169 1162 4208 non
1187 4153 1279 4210 idolis.
1298 4153 1361 4210 lion
1379 4153 1468 4227 igitar
1485 4155 1685 4227 prascrihatur
1704 4159 1738 4210 nt
1758 4153 1906 4227 spectentur

244 4249 413 4306 etdirinam
428 4243 806 4304 arroteritatemidololatriae
820 4245 1054 4315 contemeliam,
1103 4245 1219 4315 illicita3
1246 4263 1262 4302 a
1291 4247 1405 4304 diaholo
1430 4247 1537 4303 arhhce
1565 4264 1600 4306 ex
1630 4249 1736 4305 sanctis
1763 4247 1794 4303 iu
1823 4243 1905 4302 illicita

244 4343 387 4418 quomodo
402 4339 431 4397 id
446 4339 522 4413 quod
541 4338 571 4395 io
589 4337 699 4394 honore
717 4338 837 4410 alicujus
854 4337 921 4394 idoli
941 4337 1054 4394 ab'eth-
1105 4341 1216 4395 mutate
1228 4345 1303 4396 sunt.
1319 4341 1485 4397 Praescrihat
1502 4341 1591 4413 igitur
1609 4341 1671 4397 istis
1688 4340 1794 4415 pudor,
1808 4332 1905 4396 etiamsi

243 4436 314 4494 uicis
336 4435 431 4508 agitur
446 4449 463 4488 a
479 4431 611 4488 fidelihus
630 4430 798 4490 Christianis
818 4433 978 4504 spectaculo
998 4431 1053 4487 irc·
1104 4448 1162 4488 non
1177 4437 1293 4505 possunt
1310 4437 1415 4490 sanctas
1429 4434 1551 4490 Litterae.
1571 4433 1709 4499 Quadam
1730 4433 1808 4490 enim
1830 4429 1906 4500 scrip
1951 4495 1952 4498 Ἴ

245 4533 408 4606 quantutur,
419 4525 620 4584 etidololabria
630 4525 744 4598 gentilis
754 4523 899 4596 asseritur,
909 4529 937 4580 et
947 4525 977 4581 in
990 4541 1055 4581 con·
1105 4528 1169 4582 tura
1184 4527 1277 4599 magis
1298 4527 1427 4600 presidet
1438 4527 1468 4583 in
1487 4526 1690 4601 precipiendo.
1715 4522 1905 4584 Verecundiam

888 4675 1000 4759 Steph.
1023 4675 1146 4742 Baluzii
1167 4682 1268 4742 nom.

243 4806 392 4873 rosensis,
406 4821 439 4860 cx
455 4804 623 4861 colbertina.
642 4803 750 4857 Horam
770 4802 904 4855 librorum
925 4805 1091 4887 auctori-D
1101 4818 1118 4856 a
1129 4805 1201 4871 stylo
1215 4809 1284 4872 ejus,
1298 4809 1328 4858 nt
1340 4804 1454 4874 quidem
1465 4807 1667 4860 existimamut.
1861 4873 1866 4884 ι

243 4880 455 4936 tateemendari
480 4879 556 4929 hune
582 4877 694 4939 librum,
714 4875 784 4927 nihil
805 4873 909 4926 addans
932 4874 966 4926 de
989 4888 1051 4928 meo
1134 4876 1248 4939 (ttPlsbs
1268 4877 1454 4944 io,iloaopeito
1472 4879 1565 4930 stuon.
1583 4877 1630 4930 Sic
1643 4877 1716 4929 iiher
1731 4865 1905 4928 Narelianrda

242 4966 334 5018 aeque
346 4955 467 5003 mutans.
482 4949 573 5000 varlas
591 4952 683 4999 autam
704 4950 769 4998 sunt
789 4947 911 4998 viromm
932 4946 1054 4998 erudito·
1104 4947 1469 5013 cibistadoicis,sireracst
1481 4950 1641 5015 inscriptio:
1654 4943 1904 5010 Plebttadounpclio
1951 5005 1952 5014 ἶ

243 5039 306 5076 ram
325 5023 470 5088 opiniones
490 5020 525 5071 de
546 5020 606 5083 ejus
627 5016 884 5080 anctoreooaidam
905 5017 984 5069 illum
1006 5019 1054 5069 de·
1100 5020 1238 5083 maeoti.

244 5093 361 5148 craterio
399 5091 504 5155 judicio
542 5088 705 5153 abjudicant
744 5087 903 5154 Cypriauo;
945 5093 1053 5153 contra,
1135 5090 1167 5152 (3)
1191 5089 1328 5142 scrutandi
1348 5091 1573 5144 cacodemones
1592 5095 1659 5144 sunt
1679 5093 1770 5146 saneti
1790 5087 1904 5155 itartyrii
1951 5157 1952 5162 ἵ

242 5163 337 5229 plures
355 5163 406 5214 riri
428 5161 500 5212 docti
522 5163 550 5210 et
568 5157 676 5220 eruditi,
695 5159 826 5210 nimirum
851 5159 1055 5212 illustrissimus
1102 5159 1233 5225 Epistola
1246 5161 1343 5214 emam
1358 5175 1442 5214 sensu
1453 5164 1574 5228 scriptae.

244 5233 392 5288 cardinalis
424 5229 578 5292 auronius,
612 5230 736 5282 lacobus
771 5230 928 5293 Pamelius,
956 5229 1054 5282 Petrus
1134 5232 1166 5293 (ti
1185 5231 1329 5284 Vitaaetu.
1343 5232 1437 5285 Codex
1446 5233 1805 5300 Fuxeusls,tnsticacttbue.

244 5303 335 5359 Faber
354 5301 543 5367 sentennaco,
561 5299 682 5352 lacobus
706 5299 879 5363 sirmondus,
893 5300 1055 5354 Desiderlus
1135 5301 1166 5365 lb)
1188 5301 1271 5354 titiis.
1287 5302 1364 5356 idem
1379 5301 1467 5356 codex
1478 5303 1595 5370 tlapittis.

244 5371 391 5434 lieraldus,
419 5384 453 5423 ac
478 5371 594 5422 tortasse
619 5369 676 5434 alii,
702 5369 781 5420 ilium
809 5372 896 5422 citam
921 5375 1053 5437 tauquam
1133 5372 1170 5437 (b)
1192 5373 1265 5425 Sicut
1285 5377 1414 5427 innocens.
1431 5375 1547 5429 Veteres
1569 5376 1642 5444 iibri,
1661 5378 1721 5430 sins
1741 5376 1819 5442 culpa
1835 5375 1902 5426 isoe-

242 5443 396 5512 genuinum
430 5440 560 5505 Cypriani
594 5439 703 5499 lmtum,
731 5441 812 5491 etiam
849 5439 1053 5494 illustrissimus
1101 5455 1169 5494 cens.

243 5514 428 5570 Bellarmluas
464 5509 574 5564 videtur
609 5511 782 5564 existimasse
815 5523 877 5563 esse
909 5511 1051 5578 Cypriani.
1132 5515 1166 5577 (7)
1185 5515 1384 5582 Descripturus
1404 5517 1686 5572 moritonensem
1709 5520 1793 5574 molo
1814 5517 1900 5570 tractui

242 5587 312 5652 Ego,
339 5585 368 5636 iu
392 5597 426 5635 ea
452 5581 615 5646 opinionum
637 5580 796 5633 diversitate
823 5581 929 5632 nemini
952 5584 1052 5647 prteln-
1100 5582 1156 5636 hac
1174 5592 1369 5650 argumentum
1386 5590 1516 5654 magister
1534 5587 1664 5658 Cypriam
1678 5592 1859 5644 Tertullianus
1876 5589 1899 5636 iu
1951 5597 1952 5668 j

243 5659 349 5716 dlcaus,
364 5653 512 5707 arbitratae
531 5664 595 5703 auur
616 5663 674 5702 uon
697 5663 758 5704 ease
781 5655 886 5704 amera
905 5654 1052 5719 sejunges·
1100 5653 1455 5722 lihrosaodsSpactocutis.

242 5729 310 5782 dnm
327 5725 486 5796 aleglttmls
499 5723 589 5776 sancti
607 5721 734 5790 Monyris
746 5721 885 5788 operibus,
898 5725 1051 5788 praesertim
1131 5725 1167 5790 (itt
1188 5727 1284 5780 Notio.
1307 5727 1377 5783 Vide
1395 5729 1611 5799 Hospluianam,
1632 5733 1681 5786 tlh.
1706 5747 1727 5788 n
1750 5733 1781 5788 ds
1802 5728 1898 5798 ampla
1951 5721 1952 5728 ’

243 5813 308 5860 cam
321 5797 527 5854 observatama
546 5792 691 5846 nonnullis
708 5791 745 5844 stt
761 5805 819 5846 nau
837 5793 875 5846 lta
894 5793 1051 5864 dlsorepsre
1100 5809 1160 5866 cap.
1172 5795 1212 5864 23,
1226 5810 1288 5868 pag.
1301 5799 1357 5856 bot.
