3986 6208
96 285 139 338 iti
665 285 764 344 LfflER
782 285 828 342 DE
847 285 933 344 zato
952 283 995 354 ΕΤ
1015 285 1152 346 utvoue.
1708 287 1760 344 670

123 408 184 463 1111.
201 407 276 462 ilinc
298 407 392 464 vultus
415 407 514 464 minax
542 410 608 482 (10),
633 413 729 466 torvos
752 419 1003 499 aspectusAtare
1016 416 1044 468 te
1063 411 1185 483 poterit;
1201 415 1230 467 tu
1250 415 1277 468 te
1305 427 1361 468 non
1376 417 1457 483 potes
1474 412 1575 485 lugere
1587 413 1625 482 ⁸⁰3
1645 411 1762 470 ubicun-

93 503 173 574 pallor
194 501 224 555 ia
249 501 331 570 lucie,
353 501 381 558 in
404 501 487 558 labiis
509 507 618 560 memor
646 505 713 577 (11),
735 505 842 562 stridor
862 506 892 562 in
942 523 998 580 que
1019 506 1116 575 lucris,
1133 505 1310 562 adversarius
1323 509 1388 560 tuus
1414 509 1507 561 tecum
1527 512 1570 562 est
1585 507 1651 578 (23),
1674 506 1763 563 hostis

94 595 220 665 dentibus,
245 595 332 651 rerba
351 596 460 666 rabida,
479 596 615 654 eilrenata
633 599 769 669 convicia,
790 615 891 656 manus
941 617 1055 673 semper
1069 601 1098 654 in
1113 603 1228 672 pectore
1238 601 1287 654 tuo
1302 602 1345 654 est
1355 599 1390 666 ⁴¹,
1406 599 1547 671 pernicies
1561 601 1638 656 intus
1650 601 1760 656 inclusa

91 687 206 744 adcadis
219 687 384 745 violentiam
401 693 546 762 prompta,
564 691 676 748 etiamsi
695 709 712 748 a
732 693 828 766 gladio
844 693 889 750 in·
941 699 993 764 est,
1005 692 1183 748 ineluctabili
1196 695 1361 748 camporum
1384 708 1458 748 nexu
1479 693 1586 764 ligatus
1601 697 1630 748 et
1649 694 1760 750 vincins

90 783 162 838 terim
173 797 269 850 rocoa,
287 783 353 838 odio
365 789 465 840 tamen
478 785 589 842 furiata
603 787 708 844 mentis
726 787 751 822 ¹⁰
766 791 887 844 armata.
941 785 981 856 e's,
997 788 1059 844 zelo
1073 787 1240 844 dominante
1256 785 1384 858 captivus
1395 803 1437 854 es,
1448 801 1502 842 nec
1520 787 1621 842 solatia
1637 787 1687 844 tibi
1704 788 1760 844 ulla

89 876 225 934 Dtidcirco
249 877 371 950 Spiritus
389 884 506 934 sanctus
524 879 593 936 dicit
614 881 643 936 in
664 881 807 938 Psalmis:
827 884 892 942 Noli
940 881 1122 938 subveniunt.
1139 883 1327 938 Perseverans
1347 879 1455 935 malum
1475 882 1520 934 est
1536 880 1685 937 hominem
1697 897 1760 953 per·

90 971 164 1026 utare
177 971 199 1006 ³¹
218 972 282 1027 bene
301 971 485 1030 ambulantem
498 975 528 1028 ia
549 978 596 1030 uia
616 990 677 1031 suu.
702 976 736 1032 lit
759 975 888 1033 iterum:
940 976 1019 1049 sequi
1034 977 1069 1032 ad
1086 975 1140 1032 Dei
1159 975 1283 1048 gratiam
1302 973 1508 1046 pertinentem.
1528 974 1680 1032 Calamitas
1697 975 1760 1032 eine

88 1065 231 1122 observabit
248 1069 371 1135 peccator
384 1067 503 1135 justum,
530 1072 557 1124 et
572 1070 698 1126 studebit
722 1069 746 1104 ³⁸
768 1070 806 1126 ad
829 1085 890 1126 eum
938 1071 1067 1126 remedio
1080 1076 1123 1126 est
1137 1069 1236 1125 odisse
1246 1067 1368 1124 felicem.

88 1159 199 1213 dentibus
212 1161 271 1215 suis
282 1159 317 1224 ¹¹,
332 1162 401 1217 Deus
420 1166 509 1217 autem
528 1163 655 1218 irridebit
674 1179 744 1227 eum,
759 1167 889 1234 quoniam
971 1165 1002 1221 ll.
1017 1167 1052 1222 Ei
1073 1163 1191 1234 idcirco,
1207 1163 1311 1218 iratres
1338 1161 1524 1232 dilectissimi,
1548 1163 1614 1218 hnic
1630 1161 1758 1234 periculo

85 1254 194 1323 procidet
208 1256 276 1324 quia
287 1255 378 1312 veniet
398 1256 455 1312 dies
469 1256 525 1327 ejus
548 1257 572 1293 ³⁴
583 1258 668 1329 (Psoi.
687 1273 778 1327 ιιιιι,
794 1263 820 1324 7,
844 1261 886 1327 ta,
938 1259 1087 1315 consulens
1099 1258 1236 1316 Dominus
1252 1273 1287 1312 ne
1300 1257 1365 1329 quis
1384 1257 1444 1312 zelo
1460 1257 1561 1313 fratris
1576 1257 1606 1312 in
1623 1258 1759 1329 laqueum

88 1347 131 1416 til.
154 1347 208 1402 Hos
229 1346 329 1404 beatus
349 1351 492 1421 apostolus
516 1352 621 1406 Paulus
640 1351 772 1424 designat
793 1355 821 1408 et
841 1352 887 1409 de·
938 1353 1039 1409 mortis
1064 1353 1236 1420 incurreret,
1255 1366 1321 1406 cum
1347 1367 1414 1406 erim
1441 1349 1573 1422 discipuli
1600 1349 1759 1422 interroga-

86 1444 151 1495 notat
173 1441 445 1500 dicenstVeaeuum
464 1445 593 1516 aspidum
611 1447 661 1501 sub
684 1445 765 1501 tabiis
783 1461 885 1514 corum,
936 1451 1003 1502 rent
1023 1445 1087 1518 quis
1107 1445 1184 1500 inter
1205 1445 1270 1500 illos
1298 1445 1321 1480 θ’
1349 1445 1440 1515 major
1472 1449 1566 1499 esset:
1588 1445 1641 1512 Qui
1658 1446 1755 1512 luerit,

19 1587 20 1590 ,
84 1541 141 1590 etos
162 1551 254 1592 eorum
272 1539 461 1595 mutatione
489 1539 511 1578 ³⁸
535 1545 560 1595 et
572 1540 760 1596 amaritudine
774 1541 886 1611 plenum
935 1540 1040 1612 inquit,
1063 1541 1191 1596 minimus
1212 1541 1242 1595 ia
1264 1539 1390 1600 omnibus
1406 1539 1490 1606 eoba,
1510 1539 1553 1594 bic
1572 1540 1623 1594 erit
1639 1553 1757 1608 magam

83 1634 114 1683 eet
152 1629 258 1687 Veteres
287 1631 312 1666 ⁸⁶
338 1633 377 1687 ad
403 1633 599 1703 epicuraeum
626 1635 785 1701 soapue'aem
806 1635 886 1705 pedes
937 1634 1022 1705 (buc,
1037 1650 1074 1704 ιι,
1085 1634 1141 1705 te).
1162 1633 1378 1706 imputavitom
1390 1649 1455 1688 nem
1469 1631 1681 1688 emulationem
1697 1647 1756 1687 res·

18 1736 19 1786 t
82 1739 166 1790 arum,
179 1727 307 1781 contritio
321 1726 344 1762 ³⁷
359 1731 385 1782 et
398 1727 577 1783 catamitueiu
591 1729 799 1798 oiiseorumqui
809 1731 883 1784 aiom
935 1744 1030 1800 ponec
1051 1743 1112 1798 suo,
1133 1743 1248 1783 omnem
1265 1743 1380 1782 causam
1401 1732 1430 1783 ct
1449 1725 1599 1782 materiem
1614 1725 1756 1781 mordacis

18 1847 19 1872 ι
81 1819 143 1886 poris
168 1817 192 1852 ⁸¹
218 1835 276 1874 nou
300 1827 479 1891 apaoueruat,
503 1837 552 1877 aec
578 1825 616 1876 est
642 1823 722 1876 timor
748 1825 796 1878 Dei
820 1805 1049 1881 uutessinvidiae
1064 1820 1179 1877 eraitet
1193 1821 1321 1876 abscidit.
1335 1819 1480 1892 Discipulo
1498 1819 1601 1876 Christi
1625 1821 1650 1856 ⁸³
1665 1819 1755 1874 zelare

18 1971 19 1974 Ἴ
82 1913 368 1986 ιιι1ιιιοιιιηι(11ωιι.,
383 1931 424 1984 ιιι,
442 1914 540 1988 13-18).
932 1931 991 1971 ιιοιι
1003 1916 1115 1984 licetii,
1133 1931 1191 1972 non
1214 1915 1280 1970 licet
1303 1914 1439 1970 invidere.
1461 1913 1645 1971 Exultationis
1670 1911 1749 1984 apud

109 2005 145 2059 ili.
159 2006 246 2062 liulto
260 2009 369 2064 malum
384 2009 471 2066 larius
488 2013 516 2064 at
534 2007 690 2080 periculum
711 2010 807 2065 minus
828 2017 881 2080 est,
934 2026 984 2065 nos
1011 2026 1068 2066 nou
1092 2013 1188 2081 potest
1208 2025 1269 2064 esse
1288 2008 1459 2063 contentio:
1483 2007 1518 2062 de
1543 2004 1704 2062 humilitate
1722 2004 1756 2061 ad

82 2100 268 2156 commembra
280 2103 579 2174 gladiorulnerantur.
592 2110 690 2166 Facilis
704 2112 819 2165 curaest
833 2106 882 2162 ubi
933 2120 1045 2159 summa
1080 2104 1231 2160 crescimus
1248 2103 1270 2138 ¹⁵
1286 2145 1293 2170 ,
1309 2101 1460 2157 didicimus
1482 2101 1556 2158 undo
1583 2100 1756 2172 placeamus.

82 2191 148 2264 plaga
170 2195 323 2268 perspicua
339 2203 391 2268 est,
414 2205 442 2255 et
469 2201 524 2258 cito
542 2203 576 2258 od
599 2204 751 2261 sanitatem
768 2203 883 2258 medela
932 2197 1062 2269 Denique
1072 2201 1102 2252 et
1113 2198 1258 2270 apostolus
1270 2195 1373 2252 Paulus
1388 2195 1532 2250 instruens
1546 2199 1575 2250 et
1589 2209 1712 2249 monens
1725 2197 1755 2250 ut

82 2286 248 2345 subveniente
275 2291 442 2362 perducitur
461 2296 486 2332 ’⁸
506 2298 583 2369 quod
605 2299 719 2356 ridetur
740 2300 805 2372 (12).
825 2298 883 2354 Zeli
936 2288 1757 2364 qui,illumiuatiChristiluminetenebrasnocturaeecon·

81 2379 182 2438 rulnera
203 2381 337 2441 abstrusa
357 2391 423 2444 sunt
444 2395 473 2446 et
498 2393 626 2462 occaltn;
649 2409 700 2450 nec
723 2391 882 2449 remedium
933 2383 1379 2453 versationisevaeimus,infectis
1388 2381 1510 2454 atquein
1525 2383 1659 2455 operibus
1669 2383 1755 2437 lumi·

82 2483 144 2524 cura
155 2472 298 2530 medentis
314 2473 409 2550 645
430 2479 586 2536 admittunt
600 2498 664 2554 quae
680 2497 709 2537 se
726 2482 799 2537 intra
813 2497 881 2538 con·
932 2480 977 2536 nis
987 2479 1181 2546 ambulemus,
1204 2477 1302 2532 scribit
1326 2482 1354 2531 et
1372 2476 1458 2532 dicit:
1474 2477 1535 2534 Noe
1547 2479 1675 2532 haurivit
1690 2477 1755 2548 (iile

83 2563 191 2620 aienuae
206 2567 335 2624 latebras
345 2585 420 2628 ceco
445 2573 541 2630 dolore
564 2575 735 2632 clauserunt.
752 2577 886 2642 Quicum·
938 2575 994 2631 dies
1018 2579 1108 2629 autem
1132 2573 1377 2642 appropinquavit.
1400 2570 1567 2640 abjiciamus
1586 2585 1649 2640 erpo
1673 2585 1755 2640 opera

84 2673 128 2727 que
150 2675 178 2714 cs
200 2661 318 2718 invidus
342 2666 371 2720 et
390 2667 543 2740 malignus,
563 2669 668 2726 videris
689 2687 778 2743 quum
797 2671 834 2725 sis
847 2671 887 2726 eie
937 2667 1117 2729 terebrarum,
1137 2670 1164 2722 et
1178 2667 1325 2720 induamus
1341 2665 1452 2719 ‘laima
1470 2665 1546 2719 tucis.
1563 2666 1713 2734 Tamquam
1725 2665 1755 2718 in

83 2766 140 2820 quos
161 2754 245 2811 odisti
271 2757 436 2829 insidiosus,
456 2763 643 2836 perniciosus,
667 2765 797 2822 infestus.
822 2765 886 2820 Nul·
936 2763 980 2818 die
1001 2762 1123 2816 maculer
1142 2760 1165 2796 ⁸⁷
1189 2758 1366 2824 ambulemus,
1392 2773 1446 2813 aon
1469 2759 1498 2813 iu
1520 2757 1755 2813 comessationibus

82 2842 126 2900 lius
139 2851 229 2921 magis
243 2867 333 2923 quam
354 2857 410 2910 ture
430 2855 527 2913 salutis
551 2857 687 2914 inimicus
701 2873 740 2914 es.
754 2857 885 2931 Quisquis
935 2861 961 2912 et
978 2854 1163 2920 ebrietatibus,
1182 2867 1237 2907 aon
1252 2854 1282 2906 ia
1292 2853 1513 2922 concupiscentiis
1529 2852 1752 2922 etimpudioitiis,

84 2939 122 2996 ille
134 2947 173 2998 est
186 2959 277 3017 qoem
297 2947 356 3003 zelo
371 2950 560 3024 persequeris,
580 2951 777 3026 subterfugere
799 2957 828 3007 et
843 2952 884 3007 vi·
935 2965 988 3006 noa
1008 2951 1038 3003 ia
1055 2947 1247 3004 putaminibus
1266 2949 1292 3002 et
1311 2947 1368 3002 zelo
1383 2945 1481 3018 (llam,
1502 2960 1563 3008 xm,
1581 2947 1624 3013 lt,
1646 2944 1701 3014 13).
1724 2945 1754 3001 Si

756 3097 862 3162 Variae
888 3095 1058 3160 lectiones.

106 3209 257 3275 ιοΡιιιίιιιιιιι
283 3227 384 3278 mentis
406 3229 473 3280 Pem.
492 3233 559 3282 Voss.
580 3230 605 3280 1.
639 3233 660 3266 ¹¹
685 3231 746 3282 Noli
770 3235 797 3281 te
819 3229 907 3282 eslere
933 3228 996 3280 Bod.
1013 3229 1037 3278 t.
1072 3225 1219 3278 ”Stridet
1243 3226 1313 3275 tom.
1329 3221 1436 3283 Dedit,
1465 3222 1489 3282 1,
1505 3220 1530 3280 3.
1549 3222 1574 3271 4·
1594 3219 1657 3270 Thi·
1685 3219 1747 3269 Vel·

84 3287 100 3320 ³³
111 3299 208 3346 centes
219 3297 286 3348 noe.
300 3299 323 3360 ι,
337 3300 361 3356 e.
376 3304 399 3359 s,
410 3300 434 3350 e.
450 3301 510 3352 aa.
544 3300 891 3356 avenionensibus.
908 3299 991 3351 vena
1003 3297 1071 3350 noe.
1092 3297 1117 3348 a.
1151 3301 1171 3330 ³⁵
1188 3294 1335 3347 unicornu
1351 3293 1412 3342 aaa.
1427 3296 1451 3354 e.
1462 3294 1487 3343 ⁴·
1506 3292 1567 3342 Du·
1591 3292 1648 3341 Va·-
1682 3290 1702 3370 ’ξ
1719 3287 1754 3338 Ei

83 3357 300 3419 alemannus
336 3367 356 3402 ³⁷
377 3369 580 3423 Contribulatio
593 3375 638 3425 Ar.
656 3374 746 3424 Nat.
766 3376 833 3426 Voss.
858 3374 882 3424 2.
896 3373 957 3424 liod.
975 3374 997 3433 i,
1011 3372 1036 3430 1,
1049 3373 1072 3432 ³,
1091 3370 1115 3419 l.
1149 3371 1204 3420 Ver.
1219 3365 1370 3416 infelicitas
1394 3363 1455 3413 flod.
1479 3365 1503 3410 a.
1540 3360 1648 3424 ³³011&
1668 3373 1752 3410 mm·

82 3432 171 3484 irie,
217 3437 298 3490 resp
313 3440 432 3490 genam
445 3441 523 3492 auor.
542 3444 603 3495 Tau.
622 3445 691 3495 Voss.
713 3443 767 3494 dia.
786 3437 1217 3506 bod.l,2,t.t.Vuinusquod
1234 3434 1344 3487 videtur
1362 3435 1440 3484 Ocea.
1473 3431 1754 3510 ⁴⁰Potesvitarenec

82 3499 223 3564 l‘lgeredr.
242 3511 314 3560 Voss.
328 3510 352 3560 i.
369 3510 477 3574 Fugere
491 3511 663 3579 ubicumque
678 3513 788 3578 lugeres
801 3517 869 3566 Voss.
901 3515 922 3550 ⁴·
939 3513 1091 3578 inpectore
1109 3515 1151 3562 est
1187 3512 1260 3561 Lem.
1283 3507 1358 3558 litor.
1383 3507 1445 3556 Thu.
1465 3505 1528 3556 bod.
1542 3504 1596 3566 1,1
1637 3500 1661 3536 ⁴¹
1681 3499 1753 3562 0⁰¹⁸

84 3589 96 3626 a
122 3589 159 3626 rm
174 3579 229 3630 tia.
266 3578 487 3646 ⁴⁸Discipulurn
512 3583 614 3634 Christi
629 3585 699 3636 tem
720 3587 776 3637 iia.
790 3585 853 3636 Ded.
874 3587 898 3637 1.
924 3585 946 3618 ⁴⁴
961 3587 1022 3636 Non
1042 3585 1121 3638 decet
1137 3584 1200 3636 aaa.
1214 3585 1238 3636 i.
1272 3584 1293 3618 ⁴⁵
1311 3580 1470 3634 crescimus
1496 3579 1572 3632 unde
1594 3578 1753 3644 1111(ὕθᾶιηιιε

83 3647 137 3698 lea.
158 3653 210 3704 t'os.
224 3651 250 3701 Ξ.
285 3651 307 3685 ⁴⁶
318 3650 473 3704 induamur
491 3654 546 3704 Ver.
563 3657 618 3706 Vet.
632 3656 727 3707 iaaom.
760 3656 781 3691 ⁴⁷
796 3657 920 3709 Honeste
942 3657 999 3706 bia.

724 3791 838 3874 Steph.
861 3791 986 3856 Raluzii
1006 3797 1105 3856 notae.

107 3922 149 3982 (aa)
163 3925 227 3976 ltine
236 3925 328 3976 uultus
339 3925 440 3976 miuoc.
456 3925 486 3976 ln
498 3897 652 3979 uno'veteri
665 3927 737 3980 libro
749 3929 882 3994 scriptum
893 3941 921 4016 C
932 3927 1007 3980 tibus
1034 3927 1116 3980 labiis
1142 3927 1304 3990 incertoque
1329 3923 1418 3976 vultu.
1444 3941 1458 3970 ι
1484 3922 1684 3986 Fragmentum
1707 3919 1755 3969 Pe·

83 3996 256 4048 estzeHinc
268 3997 365 4048 rullus
379 4001 421 4048 est
432 4003 620 4049 contumax.»
938 4001 1020 4051 tronii
1046 3998 1118 4063 opud
1143 3997 1308 4048 Diomedem
1336 3995 1384 4046 lib.
1412 4007 1441 4044 ιιι
1465 4009 1471 4042 :
1499 4007 1514 4041 a
1542 3993 1620 4042 Anus
1645 3992 1754 4072 recocta

109 4065 152 4128 tii)
176 4070 207 4118 ln
233 4067 315 4118 lobiis
339 4074 445 4120 tremor.
473 4069 524 4120 Hie
548 4069 642 4120 verbis
669 4075 803 4134 tanquam
829 4071 890 4120 suis
937 4073 1013 4131 vino,
1037 4069 1221 4121 trementibus
1243 4066 1362 4118 labellis.
1383 4083 1397 4114 ιι
1416 4065 1523 4117 Seneca
1546 4064 1574 4114 ln
1591 4063 1669 4113 initio
1690 4060 1753 4111 libri

85 4149 142 4188 mus
164 4142 206 4190 est
227 4138 369 4192 Robertus
397 4139 523 4193 Gervasli
545 4141 693 4206 episcopus
711 4141 887 4203 Senecensis,
937 4144 969 4193 de
981 4143 1026 4192 iro
1041 4143 1113 4193 inter
1127 4142 1207 4206 signa
1220 4141 1268 4190 inm
1288 4140 1368 4204 ponit
1388 4135 1463 4203 quod
1485 4135 1558 4188 labia
1581 4133 1753 4199 quatiuntur,

85 4207 231 4262 describens
254 4211 322 4262 vitia
342 4211 538 4262 Bartholomaei
559 4211 759 4277 archiepiscopi
781 4213 889 4264 Beren—
937 4213 1012 4266 Alibi
1032 4217 1073 4264 est
1097 4211 1232 4262 indicium
1255 4211 1372 4271 timoris,
1391 4213 1423 4258 ut
1447 4207 1521 4272 apud
1542 4207 1754 4266 Hieronymum,

85 4279 181 4345 sis,qni
201 4296 233 4334 ee
258 4281 421 4334 nominabat
442 4283 585 4335 Urbanum
608 4283 646 4334 Vl
665 4285 693 4335 in
716 4284 889 4336 initiomise·
938 4286 967 4337 in
994 4283 1118 4348 Epistola
1143 4282 1177 4332 od
1199 4283 1376 4346 Nepotianum
1402 4279 1436 4330 de
1468 4279 1530 4329 Vita
1554 4276 1751 4358 Clericorum':

88 4350 169 4403 rabilis
191 4355 270 4406 illius
295 4353 454 4405 schismatis
479 4354 554 4418 guod
583 4355 737 4408 Ecclesiam
762 4355 889 4406 distraxit
939 4355 1071 4406 «Pavent
1084 4353 1119 4404 ad
1131 4353 1274 4405 introitum
1287 4351 1399 4413 medici,
1416 4349 1657 4413 trementibusque
1670 4345 1753 4428 lebas

86 4427 137 4484 post
153 4424 281 4490 Gregorii
300 4425 338 4476 iil
357 4437 436 4490 papae
458 4437 615 4490 excessum,
629 4427 670 4478 uti
685 4426 778 4480 videre
797 4431 839 4477 est
860 4426 888 4476 in
938 4441 973 4477 an
988 4424 1164 4478 commodius
1175 4423 1297 4476 habeant
1307 4421 1521 4474 sciscitantur.»
1536 4419 1620 4471 Silius
1631 4417 1754 4476 Italicus,

85 4496 170 4558 pagina
185 4497 243 4547 imi
272 4497 406 4548 Natarum
426 4501 582 4549 nostrarum
602 4497 635 4548 ad
658 4498 730 4550 Vitas
752 4499 889 4560 raparum
938 4499 987 4550 lib.
1002 4510 1073 4551 viu:

85 4568 301 4620 desciscentium.
317 4567 467 4620 Labiorum
486 4574 634 4621 tremorem
659 4570 767 4634 antiqui
785 4581 889 4633 posue·
1202 4594 1318 4645 popm,
1331 4591 1374 4642 ,ix
1387 4603 1505 4642 murmur
1518 4588 1642 4640 whepum

86 4641 140 4714 runt
151 4639 220 4691 inter
231 4639 338 4692 indicia
356 4639 436 4692 melas
456 4641 566 4692 mentis.
580 4641 741 4692 Lactantius
762 4640 837 4692 enirn
859 4640 888 4690 in
970 4670 1041 4720 mm
1056 4667 1183 4733 singultu,
1194 4664 1325 4729 tenusque
1339 4661 1513 4714 mmmmm,
1524 4663 1606 4712 pun„

86 4706 146 4760 libro
156 4709 185 4760 de
196 4711 245 4761 Iro
260 4711 318 4772 Dei,
334 4725 395 4776 cap.
409 4725 437 4772 v,
450 4725 618 4764 enumerans
638 4712 705 4763 ritis
727 4711 812 4762 enimi
829 4724 890 4776 per·

87 4778 185 4844 turbati,
206 4782 278 4833 inter
303 4793 335 4833 ea
357 4784 436 4847 ponit
457 4783 522 4846 oris,
543 4783 571 4834 id
598 4786 641 4834 est
663 4783 810 4846 labiorum,
833 4786 889 4836 tre·
939 4785 1055 4848 Seneca,
1069 4783 1149 4850 epist.
1164 4783 1195 4834 or
1211 4797 1218 4832 ι
1235 4780 1408 4846 «Proprium
1420 4781 1514 4830 autem
1531 4781 1575 4830 est
1592 4776 1752 4830 nocentium

87 4860 187 4902 morem.
206 4853 406 4918 Hieronymus,
427 4855 456 4904 in
478 4859 563 4918 capnt
580 4867 589 4903 1
611 4854 743 4920 Epistolre
758 4854 838 4905 Pauli
854 4853 889 4907 ad
939 4856 1109 4923 trepidare.»

87 4919 167 4972 Titum
188 4937 194 4974 :
222 4943 238 4970 e
262 4923 312 4976 iile
333 4939 348 4976 e
374 4924 483 4975 diverso
500 4928 577 4975 torro
597 4924 686 4986 vultu,
707 4924 890 4977 trementibus
971 4928 1018 4991 (22)
1033 4923 1275 4988 Perdueiturquod
1294 4922 1460 4972 uidetur.1ta
1474 4919 1639 4971 vetustiores
1660 4919 1754 4972 lectio·

87 4991 178 5057 labiis,
206 4999 305 5060 rugata
330 4996 439 5056 tronto,
465 4993 615 5047 effrenatis
642 4997 792 5059 conviciis,
819 4997 890 5048 iacis
939 5011 990 5050 nes
1004 5002 1033 5050 et
1044 4997 1076 5048 ii
1089 4999 1182 5048 vetera
1197 4993 1375 5058 exemplaria.
1389 4991 1521 5043 Erasmus
1535 4989 1642 5041 eddidit
1654 5003 1752 5043 vocem

87 5061 148 5114 inter
168 5067 303 5130 pallorem
330 5068 517 5132 mboremque
540 5068 654 5130 variata,
680 5067 801 5120 clamore
830 5081 891 5133 per·
939 5070 1035 5122 uulnus
1052 5068 1106 5119 hoc
1120 5065 1203 5118 modo
1219 5081 1225 5128 ;
1239 5083 1253 5111 o
1275 5064 1442 5116 Perducitur
1458 5061 1563 5112 vulnus
1584 5061 1660 5126 quod
1679 5061 1755 5114 vide-

87 5137 184 5200 strepat.
210 5157 225 5186 ιι
253 5137 321 5190 ltem
344 5139 374 5189 in
399 5139 523 5204 Epistola
550 5138 585 5191 de
612 5137 725 5188 vitando
759 5143 891 5204 suspecto
940 5145 1119 5205 tamquam
1133 5138 1282 5189 lectionem
1296 5133 1615 5200 egoquoqueinveniin
1629 5133 1755 5198 quinquo

88 5204 267 5262 Contubernio
283 5225 289 5261 :
308 5228 323 5257 <‹
345 5209 419 5274 Quid
438 5210 547 5261 vultum
571 5211 693 5261 infamiae
710 5209 810 5262 rubore
833 5211 891 5261 snt·
940 5209 1139 5273 manuscriptis
1157 5207 1310 5261 codicibus.
1326 5205 1434 5258 Sustuli
1450 5207 1541 5254 tamen
1554 5215 1626 5263 eam,
1644 5207 1755 5270 propter

88 5277 169 5330 tundis
192 5285 227 5333 et
239 5282 422 5333 trementibus
443 5281 526 5334 labiis
548 5281 750 5347 impatientiam
769 5282 929 5388 pectorisD
942 5282 1136 5334 auctoritatem
1148 5283 1189 5330 tot
1203 5281 1331 5330 aeterum
1346 5273 1558 5340 exemplarium,
1572 5278 1599 5325 et
1611 5275 1678 5339 quia
1694 5275 1754 5328 sine

87 5351 240 5403 confiteris?
267 5367 282 5401 s
307 5353 376 5404 itam
404 5353 433 5404 in
461 5353 585 5418 Epistola
609 5352 661 5402 od·
675 5353 890 5416 Pammachium,
941 5354 1088 5417 eaoptima
1101 5353 1211 5402 constat
1225 5363 1333 5402 sensus.

88 5427 170 5473 contra
197 5423 334 5476 ioannem
363 5425 649 5489 Hierosolymitanum
676 5438 682 5473 r
710 5423 889 5488 «Resupina
970 5425 1020 5484 123)
1043 5423 1220 5475 Adversarius
1243 5428 1303 5472 tuus
1326 5425 1409 5472 teeum
1435 5423 1481 5470 est.
1510 5417 1699 5482 Hieronymus
1724 5418 1753 5467 tn

87 5494 183 5548 terrica
201 5509 235 5548 ec
248 5495 431 5549 trementibus
451 5495 534 5548 labiis
548 5496 718 5548 conticuisti.
734 5513 748 5542 ιι
770 5497 838 5547 itam
860 5495 889 5544 in
938 5494 1063 5561 Epistola
1087 5495 1122 5545 od
1142 5493 1321 5549 Eustochium,
1341 5489 1375 5543 de
1401 5489 1535 5542 Custodia
1556 5488 1752 5554 virginitatis:

88 5561 198 5627 Epistola
219 5567 258 5618 od
275 5569 416 5625 Oceanum,
431 5567 465 5618 de
483 5569 568 5618 unius
587 5567 682 5618 uxoris
702 5567 762 5617 viro
779 5579 816 5614 :e
836 5563 889 5616 Su·
939 5566 1062 5618 «Facile
1085 5566 1146 5617 aliis
1170 5579 1298 5617 caremus
1316 5565 1401 5615 vitiis.
1423 5563 1478 5614 Hic
1494 5560 1584 5612 hostis
1603 5559 1685 5610 nobis
1706 5559 1754 5609 in-

88 5632 144 5687 dere
170 5643 262 5691 umen
289 5641 377 5702 irone,
406 5639 510 5706 pallere
537 5651 630 5704 genae,
659 5643 777 5691 tremere
806 5636 889 5700 labie,
940 5639 1036 5691 clusus
1049 5642 1100 5689 est.
1116 5641 1300 5702 Quocumque
1321 5636 1473 5702 pergimus,
1495 5631 1641 5684 nobiscum
1662 5635 1753 5694 porta·

88 5703 179 5773 linguae
201 5709 417 5775 salicastrum,
442 5716 469 5764 et
491 5713 555 5778 pius
578 5715 659 5764 aetate
682 5723 765 5777 quem
792 5709 891 5761 timore
940 5709 1198 5762 musinimicum.a
1637 5770 1641 5780 Ι

89 5783 211 5833 contrahi.
226 5799 243 5830 s
266 5781 401 5849 sulpitius
420 5783 541 5838 Severus
561 5783 633 5834 Diei.
657 5795 695 5844 ιιι,
713 5797 774 5848 cap.
797 5781 892 5844 m,1o-
973 5781 1022 5844 (11)
1043 5781 1102 5830 Noe
1126 5778 1261 5830 transicit.
1286 5777 1356 5829 Vide
1379 5776 1487 5828 Erasini
1510 5769 1753 5826 annotationum

89 5861 167 5914 qoem
179 5851 213 5906 de
227 5853 336 5908 Briccio
347 5855 474 5908 nondum
488 5867 564 5909 sense
581 5854 703 5909 mentis:
725 5871 739 5903 a
753 5853 891 5906 Tremen-
940 5851 1017 5914 huna
1030 5852 1125 5905 locum
1137 5849 1226 5910 Pauli.
