3986 6208
94 295 132 356 us
697 285 796 350 trena
817 283 861 350 ba
882 283 1118 376 ⁴samariensis.
1700 305 1753 362 ets

94 435 171 496 pessa,
190 415 254 490 plus
277 412 440 482 interdixit,
458 413 528 487 quia
551 413 649 470 tacuit.
671 415 790 484 Veritas,
813 415 836 470 si
855 414 892 470 ad
903 427 932 500 Α
978 416 1008 469 V.
1035 416 1116 470 Plura
1142 418 1275 490 prosequi
1301 415 1368 492 quid
1396 429 1574 492 cstnacesse,
1598 423 1642 480 rel
1669 427 1754 482 sacri-

94 517 142 570 bac
158 527 247 584 usque
266 509 461 575 descenderet,
481 506 604 580 passima
628 507 664 562 ds
684 507 814 564 fidelibus
835 507 892 563 suis
942 508 1072 564 liciorum
1086 508 1116 563 in
1129 509 1202 564 ludis
1215 526 1319 582 genera
1333 517 1510 570 monstruosa
1523 515 1693 588 describere,
1707 519 1754 574 in·

94 606 221 664 sensisset.
236 604 307 658 Nem
322 608 350 657 at
365 601 534 673 plerumque
549 599 578 654 in
595 600 744 671 preceptis
759 601 893 672 quaedam
942 607 986 658 ter
998 619 1062 674 ques
1075 618 1285 675 nonnunquam
1300 607 1329 660 et
1344 605 1430 662 homo
1443 606 1475 661 tlt
1494 608 1587 665 hestia
1606 611 1754 668 latrocinio

94 700 173 755 oblias
181 701 329 752 tacentur:
340 693 498 750 admouent
507 709 582 764 sepa
594 692 663 748 dnm
672 691 890 750 interdicuntur.
942 695 1104 761 sacerdotis,
1121 697 1189 752 dum
1207 713 1292 752 cruor
1309 699 1395 752 etiam
1416 699 1451 754 de
1469 701 1571 772 jugulo
1592 704 1697 760 calidus
1709 723 1755 762 ex·

93 795 125 850 lta
140 790 224 846 etiam
243 794 373 844 tucamur
392 787 460 842 dam
475 786 506 841 in
520 785 633 842 Litteris
651 786 755 858 scripte
772 789 847 854 snut,
863 789 894 842 et
942 792 1040 860 ceptus
1052 790 1194 860 spumanti
1208 795 1315 862 patera,
1331 789 1401 846 ditm
1417 791 1508 848 adhuc
1521 793 1621 862 ferrat,
1635 803 1662 852 et
1674 799 1754 868 quasi

94 889 287 959 preceptorum
298 881 362 938 loco
374 879 531 936 severitatis
544 879 679 952 loquitor,
689 882 718 935 et
729 879 894 936 ratiodocet
943 879 1051 936 sitienti
1066 881 1142 938 idolo
1157 882 1185 938 in
1204 883 1304 938 faeiem
1316 883 1440 954 jactatus
1454 885 1604 942 crudeliter
1619 891 1753 962 propina-

94 977 299 1052 quaSaripture
313 974 460 1032 conticuit.
474 974 576 1032 Secum
590 973 790 1030 tantummode
803 989 892 1029 unus·
943 976 999 1043 tur,
1019 978 1048 1031 et
1070 973 1145 1030 inter
1170 976 1329 1048 voluptates
1352 978 1541 1048 spectantium
1566 981 1755 1051 quorumdam

93 1071 199 1144 piisque
215 1069 361 1137 deliberet,
377 1070 407 1124 at
421 1083 486 1124 cum
501 1081 623 1142 persona
637 1065 821 1139 professionis
835 1081 894 1122 suaa
943 1083 1020 1122 mors
1039 1073 1186 1140 erogatur,
1206 1070 1237 1124 ut
1254 1086 1306 1142 per
1324 1073 1475 1127 cruentum
1495 1074 1685 1143 spectaculum
1704 1093 1755 1130 εω-

93 1166 225 1237 loquatur,
246 1167 274 1220 et
292 1161 362 1218 nihil
383 1175 509 1234 unquam
529 1159 697 1216 indecorum
719 1163 806 1232 geret.
829 1160 894 1215 Plus
943 1160 1003 1216 rire
1023 1162 1157 1232 discetur,
1174 1163 1255 1234 quasi
1274 1179 1375 1234 perum
1394 1163 1430 1219 sit
1444 1163 1554 1220 homini
1577 1165 1685 1238 privata
1706 1184 1757 1224 sua

93 1259 159 1313 enim
183 1256 321 1330 ponderis
344 1255 463 1311 habebit
484 1253 660 1310 conscientie
680 1269 745 1326 qne
770 1253 839 1310 nulli
865 1269 894 1310 sa
943 1255 1047 1322 rabies,
1069 1254 1122 1310 nisi
1138 1255 1214 1310 illam
1235 1259 1263 1310 at
1281 1254 1392 1326 publice
1408 1255 1507 1312 discet.
1524 1259 1555 1313 lu
1574 1276 1688 1330 paenam
1704 1262 1757 1317 ho·

93 1351 161 1406 altari
175 1350 292 1406 debebit
306 1349 361 1404 nisi
376 1349 439 1404 sihi.
944 1348 1103 1404 ministare
1118 1346 1217 1403 rabide
1229 1348 1355 1404 nutritur
1372 1349 1401 1403 in
1420 1349 1542 1418 deliciis,
1561 1354 1592 1406 ut
1610 1353 1661 1408 sub
1677 1371 1757 1426 spac-

20 1505 21 1516 (
122 1436 161 1498 ii.
182 1442 257 1508 Ouid
283 1442 426 1514 Scriptura
455 1440 624 1496 interdixit?
648 1439 795 1496 l’rehibuit
817 1439 894 1496 euim
944 1441 1066 1498 tertium
1091 1440 1179 1497 oculis
1204 1441 1345 1502 crudelius
1373 1441 1504 1499 insaniet.
1532 1445 1632 1501 Erudit
1658 1448 1758 1503 artilex

20 1519 21 1524 ἵ
94 1537 203 1609 spectari
221 1535 297 1608 quod
316 1526 449 1606 prohibet
469 1533 546 1605 geri3
565 1533 672 1601 omnia,
694 1532 820 1604 inquam,
841 1532 896 1588 ista
943 1535 1082 1602 belluam,
1109 1549 1172 1605 que
1198 1533 1365 1590 clementior
1388 1535 1504 1592 fortasse
1528 1537 1628 1593 fuisset
1655 1540 1678 1594 si
1701 1558 1759 1595 non

93 1630 304 1702 spectaculorum
316 1643 421 1700 genera
430 1625 699 1699 damnavitquando
707 1625 896 1681 idololatriam
945 1626 1023 1683 illam
1039 1629 1176 1699 magister
1188 1626 1332 1684 crudelior
1349 1627 1447 1684 saevire
1467 1629 1614 1688 docuisset.
1629 1633 1712 1703 Ergo,
1727 1640 1759 1688 ut

93 1723 204 1792 sustulit,
221 1720 609 1796 7831udorumomnium
622 1722 744 1776 matrem
759 1719 807 1790 (9),
820 1719 895 1774 unde
945 1725 1057 1776 taceam
1078 1720 1217 1792 quidquid
1241 1721 1324 1778 latius
1351 1721 1508 1778 idololatria
1535 1723 1645 1794 probat,
1672 1741 1759 1798 quam

94 1819 143 1872 hec
160 1816 296 1871 vanitatis
317 1820 345 1870 et
361 1813 482 1870 levitatis
501 1817 630 1870 monstra
649 1818 798 1868 venerunt.
817 1787 934 1877 Quodss
946 1831 1020 1870 rana
1036 1815 1102 1870 suut
1120 1813 1181 1886 lpse
1205 1813 1372 1884 certamina,
1394 1815 1457 1871 lites
1480 1817 1510 1871 in
1532 1817 1681 1888 coloribus,
1697 1835 1760 1874 con·

92 1910 158 1966 euim
176 1907 372 1982 spectaculum
389 1907 451 1964 sine
472 1907 570 1963 idolof
588 1906 651 1980 qais
671 1905 755 1961 ludas
773 1903 833 1961 sine
849 1921 894 1960 sa·
945 1908 1087 1963 tentiones
1106 1907 1135 1962 in
1154 1906 1296 1978 cursibus,
1315 1907 1425 1963 furores
1446 1907 1475 1962 in
1500 1907 1669 1979 honoribus,
1690 1926 1760 1982 gau·

91 2003 204 2058 cnfido?
218 2001 293 2076 quod
307 2004 456 2058 sedamen
473 2015 531 2055 non
546 2005 744 2057 consecratum
764 1997 897 2054 mortuo?
947 2000 1016 2057 dere
1040 2000 1116 2073 qued
1136 2017 1227 2072 equus
1250 1999 1372 2056 velocior
1393 2000 1496 2072 fucrit,
1517 2017 1640 2058 moerere
1663 2001 1760 2077 784

93 2095 155 2160 Ouid
170 2096 248 2152 inter
262 2097 324 2152 haec
336 2093 512 2150 Christianus
526 2093 617 2149 tidelis
629 2093 715 2150 faciti
732 2091 761 2150 si
778 2091 896 2148 idolola·
947 2094 1022 2167 quod
1044 2093 1163 2166 pigrior,
1188 2109 1278 2150 annos
1303 2093 1412 2165 pecoris
1431 2098 1609 2167 computare,
1631 2096 1761 2152 consules

94 2191 167 2245 triam
180 2189 266 2261 fugit,
282 2189 352 2261 quid
365 2188 414 2261 qni
424 2189 486 2260 jem
505 2189 617 2243 sanctus
634 2186 669 2242 sit
688 2185 725 2242 da
742 2185 828 2240 rebus
842 2185 896 2240 cri·
948 2205 1041 2255 nosse,
1065 2189 1164 2242 eletas
1187 2187 1304 2257 discere,
1330 2187 1490 2260 prosapiam
1512 2187 1673 2262 designare,
1696 2206 1762 2246 aros

93 2283 200 2340 minosis
222 2283 397 2354 voluptatem
417 2281 514 2353 capit?
531 2280 604 2346 Quid
622 2284 721 2336 contra
740 2279 831 2335 ileum
850 2296 897 2334 su·
948 2281 1023 2354 ipsos
1045 2285 1201 2352 atavosque
1226 2281 1465 2336 commemoraret
1486 2279 1576 2346 Quam
1598 2283 1652 2338 hoc
1670 2287 1762 2340 totum

92 2377 266 2448 perstitiones
285 2375 403 2449 prohat,
424 2391 495 2448 quas
512 2377 591 2430 amat
609 2375 678 2430 dum
696 2374 825 2446 spectati
842 2375 899 2431 Cre·
948 2377 1072 2430 otiosum
1092 2373 1250 2445 negotium,
1266 2375 1324 2429 imo
1341 2390 1429 2446 quam
1441 2379 1525 2446 turpe
1540 2379 1569 2430 et
1585 2376 1762 2447 ignominio-

93 2473 186 2541 tarnm,
203 2471 276 2526 sciet
288 2469 385 2526 omnis
396 2469 457 2524 hec
471 2469 586 2524 inventa
604 2465 810 2523 demoniorum
826 2482 898 2537 essa,
950 2468 1027 2524 sunrl
1042 2469 1131 2531 llunc,
1142 2467 1271 2539 inquam,
1286 2466 1455 2523 memoriter
1466 2473 1557 2524 totam
1570 2471 1668 2542 equini
1679 2488 1763 2544 gena-

93 2579 144 2618 non
164 2563 225 2620 Dei.
248 2562 435 2636 impudenter
454 2561 483 2616 in
511 2560 632 2617 Ecclesia
654 2559 795 2616 demonia
817 2573 898 2614 exar-
949 2561 988 2616 ris
1000 2561 1127 2616 sobolem
1144 2563 1360 2631 computantem
1375 2563 1403 2616 at
1417 2561 1478 2617 sine
1492 2561 1598 2618 oflensa
1612 2565 1764 2635 spectaculi

92 2657 153 2711 cisat
170 2673 295 2730 qrrorum
315 2655 476 2728 voluptates
493 2655 524 2711 iu
543 2653 711 2727 spectaculis
732 2651 845 2719 laudst;
870 2655 899 2707 at
950 2671 1015 2710 cum
1032 2670 1138 2726 magns
1156 2653 1301 2709 velocitate
1315 2653 1500 2722 referentem,
1514 2655 1649 2712 Parentes
1661 2656 1763 2716 Christi

95 2765 153 2804 cum
174 2751 264 2806 munel
285 2748 327 2805 illi
347 2747 524 2814 renuntians,
547 2745 664 2802 rescissa
686 2745 721 2800 sit
743 2761 788 2800 res
807 2761 901 2800 omnis
952 2749 1018 2820 (ta),
1033 2747 1056 2802 si
1069 2763 1212 2820 perrogas,
1228 2745 1328 2816 nescit,
1343 2751 1392 2802 ant
1404 2745 1544 2803 infelicior
1561 2749 1583 2804 si
1600 2749 1661 2804 scit.
1681 2751 1761 2814 Quod

93 2845 118 2898 in
143 2843 330 2916 baptismate,
360 2841 429 2897 dnm
460 2844 525 2912 post
555 2839 696 2896 Christum
728 2839 763 2894 ad
796 2839 900 2895 diaboli
951 2841 975 2895 si
984 2857 1095 2896 rursum
1106 2855 1256 2912 perrogam
1267 2855 1324 2910 quo
1335 2838 1649 2913 adiltudspecteculum
1659 2842 1762 2902 itinere

92 2937 278 3008 spectaculum
303 2932 396 3003 redit,
419 2934 528 2991 Christo
556 2937 693 3006 tanquam
721 2932 833 2987 diabolo
859 2949 901 2988 re·
952 2933 1123 3006 pervenerit,
1139 2933 1320 2989 confitebitur
1332 2947 1383 3003 per
1401 2932 1542 3004 luparum,
1557 2951 1608 3006 per
1627 2937 1761 3010 prostitu-

93 3031 209 3086 nuutiat.
224 3027 395 3098 idololatria,
411 3032 443 3082 ut
459 3027 522 3099 jem
537 3026 604 3096 dixi,
621 3025 755 3082 ludorum
770 3024 901 3083 omnium
951 3032 1044 3082 tarum
1062 3025 1137 3082 nuda
1156 3041 1284 3100 corpora,
1305 3042 1358 3097 per
1372 3026 1516 3098 publicam
1535 3026 1695 3100 libidinem,
1712 3047 1764 3106 per

93 3125 177 3178 mater
189 3125 250 3189 est;
270 3135 335 3193 quse
354 3123 386 3175 ut
400 3119 477 3176 adse
495 3117 648 3176 Christiani
663 3113 761 3174 tldeles
776 3119 898 3190 ueniant,
910 3150 938 3225 C
951 3120 1074 3176 dedecus
1095 3119 1256 3192 publicum,
1280 3135 1332 3192 per
1357 3119 1506 3192 vulgarem
1530 3119 1688 3191 lasciviam,
1712 3141 1764 3196 par

91 3215 232 3272 blanditur
245 3213 301 3270 iltis
315 3229 369 3286 per
381 3213 527 3268 oculorum
542 3214 571 3267 et
583 3211 694 3266 surium
715 3211 899 3283 voluptatem.
951 3229 1134 3270 communem
1147 3212 1277 3268 omnium
1292 3213 1505 3270 contumeliam.
1518 3214 1567 3270 Cui
1582 3221 1613 3271 nt
1627 3231 1682 3272 nou
1696 3217 1765 3289 obji-

93 3309 223 3364 ilemulus
246 3309 348 3372 Conso,
373 3306 454 3378 quasi
475 3305 583 3361 consilii
604 3304 666 3373 deo,
692 3305 729 3360 ab
750 3305 901 3376 rapiendas
950 3307 1023 3364 ciam
1047 3305 1123 3378 quod
1145 3307 1262 3362 fortasse
1289 3305 1448 3375 commisit,
1470 3307 1539 3364 vidit
1562 3312 1659 3364 teman
1687 3312 1764 3383 quod

91 3401 202 3457 Sabinu
231 3401 374 3457 circenses
405 3399 512 3470 primus
542 3399 726 3454 consecrarit.
758 3402 900 3454 (laetarum
951 3399 1192 3456 committendum
1213 3399 1363 3470 nonfuit,
1386 3401 1581 3457 ctoculosad
1602 3401 1765 3460 idololatria

91 3495 198 3568 reliqui,
221 3496 291 3550 dnm
311 3493 416 3550 Urbem
438 3493 527 3548 famas
546 3495 718 3565 occtrpasset,
741 3492 776 3546 ed
799 3508 900 3547 evoca·
951 3494 1140 3566 spectaculum
1154 3509 1204 3564 per
1216 3491 1363 3548 libidinem
1378 3492 1467 3560 duxit,
1482 3512 1565 3550 ausus
1577 3512 1672 3551 sacrun
1686 3513 1766 3553 sanc·

91 3589 195 3645 tionem
210 3588 312 3661 populi
325 3586 455 3658 acquisiti
471 3593 537 3642 sunt
554 3585 613 3641 ludi
633 3584 746 3652 scenici,
766 3585 859 3642 Cereri
874 3591 901 3641 et
951 3592 1012 3644 tum
1027 3587 1082 3660 (ts)
1098 3586 1126 3641 iu
1141 3587 1265 3659 lupanar
1278 3585 1392 3654 ducere,
1407 3587 1430 3642 si
1448 3589 1600 3659 potuisset;
1616 3591 1665 3662 qui
1683 3591 1763 3647 festi-

91 3681 185 3737 tibera
196 3681 283 3738 dicati
295 3681 489 3753 postmodum,
506 3678 679 3752 reliquisque
693 3678 776 3734 idolis
787 3684 816 3734 et
831 3695 903 3734 mor·
951 3697 1023 3736 naus
1045 3681 1080 3736 ad
1103 3679 1296 3752 spectaculum
1324 3679 1457 3736 dimissus
1472 3698 1487 3736 a
1507 3683 1653 3738 Domiuico
1668 3683 1721 3757 (tl)
1738 3689 1766 3740 at

90 3775 150 3832 tais.
172 3776 272 3832 Graeca
292 3774 337 3830 illa
360 3773 515 3830 cartamine
529 3772 573 3827 rel
589 3771 619 3827 in
638 3771 765 3828 cantibus
783 3773 901 3843 (lo-ll),
953 3774 1046 3830 adhuc
1059 3790 1162 3846 gerens
1178 3789 1285 3843 secum,
1300 3777 1331 3827 ut
1344 3775 1459 3841 assolet,
1477 3773 1685 3832 Eucharistiam
1700 3780 1763 3850 (te),

91 3869 130 3924 rel
141 3869 170 3924 in
184 3869 301 3936 fidibus,
315 3867 359 3923 rel
372 3867 402 3922 in
415 3866 540 3935 vocibus,
557 3866 601 3922 rel
611 3865 641 3921 in
650 3866 757 3922 viribus
768 3865 904 3938 praesides
952 3867 1029 3923 inter
1042 3882 1162 3938 corpora
1177 3865 1297 3922 obscene
1311 3867 1494 3922 meretricum
1512 3867 1614 3923 Christi
1635 3873 1763 3926 sanctum

90 3979 150 4018 suos
164 3963 273 4018 habent
287 3961 365 4016 seria
380 3960 539 4027 demerim
562 3967 589 4016 et
608 3959 748 4032 quidquid
768 3963 811 4015 est
826 3959 903 4015 aliud
953 3961 1007 4034 (ro)
1021 3977 1120 4031 corpus
1131 3959 1251 4014 infidelis
1265 3959 1319 4013 ista
1331 3959 1512 4030 circumtulit,
1525 3962 1589 4033 plus
1602 3963 1763 4020 danmatio-

89 4055 163 4128 quod
177 4055 369 4130 spectantium
382 4060 432 4110 aut
447 4054 544 4110 oculos
556 4057 660 4122 moret,
674 4057 724 4110 aut
740 4053 840 4109 delinit
852 4069 903 4109 au·
953 4054 997 4110 nis
1007 4053 1126 4110 maritus
1139 4053 1173 4108 de
1185 4051 1283 4107 itinera
1298 4052 1434 4124 quamde
1448 4053 1599 4125 spectaculi
1609 4056 1762 4127 voluptate.

90 4167 141 4218 ras,
165 4150 190 4205 si
211 4165 278 4206 cum
302 4147 413 4221 origiue
431 4163 481 4204 sua
503 4152 532 4202 et
551 4147 728 4203 institutione
750 4152 902 4219 queratur,
988 4148 1031 4203 Vl.
1054 4145 1120 4214 Sed,
1137 4153 1166 4200 ut
1187 4146 1222 4202 dc
1245 4146 1298 4202 hoe
1316 4161 1408 4202 scenae
1424 4147 1643 4219 inquinamento
1657 4149 1764 4208 inuere-

90 4239 505 4316 eausampretartsuttdotum
518 4243 568 4296 aut
582 4241 758 4297 demonium
771 4243 905 4296 aritmor·
953 4241 1045 4297 cundo
1063 4241 1123 4313 jam
1148 4239 1298 4296 transitum
1324 4241 1440 4309 faciem,
1460 4245 1546 4314 pudet
1570 4243 1677 4300 referre
1700 4260 1765 4317 quae

89 4339 179 4393 tuum.
196 4339 239 4394 lte
251 4335 384 4392 diabolus
398 4334 509 4403 artifex,
523 4335 590 4408 quie
606 4333 796 4390 idololatriam
808 4351 860 4406 per
874 4351 904 4390 sa
954 4335 1097 4404 dicuntur,
1118 4333 1206 4406 pudet
1230 4334 1315 4390 etiem
1340 4351 1469 4391 accusare
1492 4351 1555 4408 que
1579 4337 1660 4407 liunt,
1679 4355 1765 4410 argu·

91 4431 196 4486 nudem
217 4431 324 4486 sciebat
342 4427 462 4496 horreri,
483 4428 650 4502 spectaculis
670 4427 791 4499 miscuit,
809 4431 842 4484 ut
855 4443 921 4501 per·
955 4433 1118 4484 mentorum
1145 4427 1275 4499 strophas
1300 4429 1372 4501 (ll),
1400 4429 1594 4485 adulterarum
1619 4431 1764 4502 fallacias,

88 4523 261 4596 voluptatem
275 4521 486 4595 possetameri.
912 4510 1108 4585 Dmuliarum
1130 4521 1333 4593 impudicitias,
1358 4521 1488 4578 scurriles
1507 4523 1602 4594 jocos,
1625 4525 1765 4596 parasitos

744 4683 855 4771 Staph.
878 4688 1001 4754 Baluzii
1022 4693 1119 4752 notae.

118 4833 151 4893 (9)
167 4832 301 4882 ιιιάοιιιιιι
318 4833 433 4883 omnium
449 4837 567 4883 matrem.
582 4832 652 4885 Vide
667 4833 798 4885 Ovidium
819 4835 868 4886 lib.
885 4849 904 4887 v
985 4833 1178 4896 lisiniarum
1195 4845 1208 4880 e
1226 4831 1368 4880 Dominico.
1385 4827 1480 4882 Codex
1502 4843 1537 4882 ex
1551 4844 1607 4896 quo
1621 4827 1692 4884 liber
1714 4831 1766 4885 iste

89 4903 239 4962 Fastorum,
261 4907 287 4954 et
314 4904 423 4954 Petrum
445 4903 567 4954 Febrem
588 4903 784 4968 Seniortanum
807 4905 905 4956 lib.1v
955 4903 1045 4953 editus
1072 4906 1113 4952 cst
1138 4901 1304 4963 alienatio,
1325 4915 1382 4952 non
1403 4899 1524 4953 habebat
1547 4914 1560 4952 s
1582 4902 1716 4954 Dominico
1739 4907 1766 4955 et

88 4976 269 5038 agonisticon,
285 4987 346 5039 oep.
361 4974 386 5038 3,
400 4975 449 5026 ubl
460 4974 523 5026 fuse
534 4975 586 5026 iste
603 4975 729 5039 explieat.
741 4975 811 5027 Vide
823 4977 905 5028 etism
954 4977 1099 5037 propterea
1111 4973 1254 5036 appositus
1267 4975 1310 5022 est
1323 4972 1352 5022 in
1370 4970 1419 5022 tlte
1431 4971 1552 5023 editione
1561 4973 1718 5035 asteriscus,
1734 4979 1767 5026 ut

90 5043 192 5096 librum
205 5045 373 5096 Tertulliani
386 5045 419 5098 cte
433 5045 603 5110 maturetis.
957 5043 1074 5107 intelligi
1089 5041 1201 5094 daretur
1213 5041 1319 5105 aliquid
1328 5041 1395 5094 bule
1409 5043 1515 5094 deesse.
1525 5043 1664 5094 Pemellus
1673 5045 1768 5097 laudet

118 5117 220 5180 <ru-xri
245 5115 383 5168 Cautibus.
410 5115 505 5168 Codex
531 5115 677 5180 lfuxensis,
702 5117 811 5182 datibus.
836 5117 906 5181 Qum
956 5113 1178 5177 manuscriptum
1209 5113 1237 5162 ln
1266 5125 1322 5177 qno
1351 5114 1488 5177 scriptum
1512 5119 1571 5164 erat
1599 5115 1725 5169 dimissus
1753 5131 1767 5168 s

87 5191 185 5251 postea
208 5191 375 5252 sequuntur,
395 5185 493 5239 Faber.
509 5201 568 5252 cap.
588 5189 677 5240 llere
698 5191 777 5252 putet
792 5201 853 5240 csse
872 5202 907 5240 ex
957 5184 1102 5245 Demissico,
1125 5186 1156 5233 ut
1178 5183 1207 5234 in
1231 5182 1328 5234 codice
1348 5182 1497 5245 Remensi;
1520 5183 1656 5236 Fuxeusis
1682 5186 1767 5240 hebet

88 5259 268 5324 glossemate.
957 5256 1055 5306 omine
1069 5254 1215 5312 Domiaieo,
1233 5266 1283 5320 per
1298 5267 1419 5307 errorem
1434 5252 1548 5308 librarii.

118 5331 170 5394 (ιί)
196 5331 325 5381 Parentes
350 5329 456 5381 climati.
483 5331 523 5382 lte
546 5329 636 5382 codex
658 5329 804 5382 Fuxansis.
829 5329 909 5382 Alius
988 5326 1037 5387 (rs)
1061 5325 1158 5376 Geram
1177 5325 1383 5376 Eucturtsitcm.
1403 5323 1474 5377 Vide
1498 5337 1562 5392 quas
1585 5331 1678 5380 notata
1701 5334 1767 5382 sunt

89 5405 115 5452 et
133 5401 225 5452 aditio
245 5401 370 5460 Manutil,
388 5406 486 5465 portes,
500 5414 591 5452 errore
610 5402 777 5452 manifesto:
798 5413 909 5465 compe·
956 5395 1144 5448 adlibrumde
1157 5396 1231 5447 Boeo
1247 5395 1391 5447 Patientia.

88 5471 156 5524 retia
184 5473 234 5523 est
257 5471 330 5521 inter
354 5470 545 5537 genealogiam
573 5471 639 5536 equi
668 5474 696 5522 at
718 5469 908 5536 genealogiam
989 5467 1037 5530 (aar
1053 5465 1152 5518 Christi
1166 5467 1491 5519 eusiciamltmendatum
1505 5467 1765 5522 axllbroFuxansi.

88 5543 226 5604 Christlr
256 5542 309 5594 salt
335 5542 387 5594 iste
414 5542 587 5595 Christianus
611 5542 801 5608 genealogiam
833 5542 907 5606 aqut,
989 5540 1038 5600 (ll)
1065 5539 1283 5602 Arqumeuterum
1316 5539 1446 5602 strophas.
1479 5539 1520 5591 lta
1552 5545 1659 5592 veterae
1693 5539 1765 5590 libri.

88 5615 182 5667 nescit
203 5613 397 5678 genealogiam
420 5615 532 5667 Christi.
544 5615 637 5680 Turpe
649 5618 677 5666 at
689 5615 844 5666 miserabile
857 5617 906 5664 est.
958 5613 1048 5661 Antea
1075 5609 1218 5673 legebatur
1242 5611 1376 5674 agentium
1405 5610 1536 5676 atrophos,
1570 5611 1647 5662 utillo
1673 5621 1765 5662 sensu.

119 5685 283 5751 (laistrano
305 5689 433 5736 ecoctam.
452 5683 548 5737 Codex
564 5685 701 5737 fuxensis
718 5689 746 5736 at
764 5684 908 5746 editiones,
958 5679 1028 5732 Vide
1049 5679 1169 5732 Leucon
1189 5680 1309 5731 llertlnli
1322 5683 1350 5731 et
1364 5680 1576 5748 Etpmologlcon
1590 5681 1693 5748 lingue
1713 5679 1766 5732 Le·

89 5769 176 5809 usum
194 5767 294 5824 corpus
313 5755 385 5824 quod
405 5761 442 5807 sst
458 5761 585 5810 sanaem.
604 5756 700 5810 Codex
714 5755 860 5810 Remensts
882 5759 910 5810 et
957 5752 1023 5806 tlaea
1034 5749 1149 5806 Gerardt
1160 5751 1276 5804 loannis
1288 5750 1388 5804 Vossll.

90 5827 234 5886 editiones
245 5839 330 5882 serem
345 5827 477 5898 mimium
489 5833 617 5882 setectum.
