4012 6192
100 291 143 351 ιιι
486 300 488 308 ’
673 289 773 350 iinon
792 285 838 349 bn
856 287 966 350 tibba
985 289 1157 352 niniiitii.
1437 239 1441 248 Ι
1710 299 1762 364 8³0

100 412 220 474 naturalis
240 410 287 470 hic
307 429 383 480 usus,
403 411 511 470 nescire
533 411 603 488 quid
622 415 712 487 prosit
729 414 783 470 nisi
803 415 1137 501 agno-Araquioscant,
1154 422 1204 474 unt
1226 417 1328 476 iterum
1352 435 1417 477 roro
1436 435 1510 478 noro
1533 421 1615 480 tellus
1638 423 1763 482 iocunda

99 509 159 565 soris
184 506 258 580 qnod
280 507 391 563 occidit.
413 507 494 564 Unde
518 510 547 564 ct
570 505 653 564 dutnr
676 507 782 564 sanctis
809 508 898 563 cirini·
948 510 1096 582 parturiat.
1111 510 1199 566 Unius
1214 518 1396 570 cuirctasunt
1414 516 1561 589 temporis,
1578 517 1661 574 unius
1676 535 1761 592 poma

98 604 142 658 bris
162 601 322 674 praemium,
342 601 411 656 dum
433 599 604 674 infliguntur
624 601 737 674 injustis
755 606 898 658 tormenta
946 602 1078 660 teruntur
1096 604 1221 672 aestatim
1245 607 1351 678 quippe
1373 623 1438 664 cum
1458 627 1511 666 uec
1536 611 1683 668 mensibus
1704 614 1761 670 suis

97 699 234 754 hetorum.
266 695 355 767 lgiiur
385 711 449 768 quse
479 695 538 752 suis
567 695 731 769 promiserit
761 695 896 751 Dominus
947 701 1015 752 tnnc
1031 697 1098 752 irino
1112 697 1260 768 deserviat,
1272 715 1326 755 nec
1340 715 1391 770 per
1403 701 1541 759 horarum
1555 707 1598 761 soi
1613 712 1760 764 momenta

23 847 24 850 ,
98 789 374 862 nominiquinesciat
394 788 654 857 dubium,sednoc
672 788 896 862 dubiumquan·
946 789 1198 859 decurrat,auiin
1221 795 1336 848 noctem
1358 795 1404 848 lux
1427 796 1524 865 lugete
1541 799 1690 855 concedat.
1709 801 1761 855 lia·

96 891 131 941 ios
159 883 283 939 minetur
313 881 395 954 ignes
430 882 647 956 suppliciorum.
677 884 727 952 at,
761 882 898 954 qnoniam
945 881 997 940 bot
1019 884 1142 956 populos
1165 885 1246 957 quies
1270 885 1346 956 lacta,
1368 887 1450 944 sodes
1474 892 1554 948 tenet
1575 893 1694 963 placido,
1715 893 1762 949 irbi

96 980 130 1036 iio
155 994 184 1033 se
212 979 307 1034 attulit
339 993 432 1033 sermo
462 980 496 1033 ιιι
526 977 562 1032 do
593 975 723 1048 tetrisque
754 976 897 1032 habeatur
946 975 1010 1032 fons
1037 979 1194 1034 scaturiens
1220 980 1330 1036 medius
1359 980 1425 1037 sinu
1450 981 1523 1038 alvei
1549 987 1762 1057 prorumpentis

96 1073 167 1142 ratio,
186 1071 293 1144 paucis,
316 1075 347 1127 nt
369 1072 404 1128 do
421 1071 553 1144 utrisque
574 1068 643 1138 dixi,
665 1069 791 1126 breviter
812 1085 897 1142 expo-
946 1072 1078 1142 emergit,
1101 1077 1130 1126 ιιι
1152 1089 1236 1128 rauco
1257 1089 1308 1145 por
1326 1073 1477 1132 intervalla
1498 1077 1619 1132 circuitu
1640 1078 1762 1134 sinuosis

95 1183 164 1222 mm,
945 1163 1066 1220 flexibus
1082 1165 1198 1234 labitur,
1219 1168 1250 1222 ut
1272 1166 1301 1223 in
1322 1184 1371 1223 ora
1389 1171 1571 1226 nescentium
1594 1169 1647 1228 sibi
1669 1171 1762 1229 dumi·

124 1259 170 1314 ii.
188 1258 311 1315 Sericos
330 1259 419 1327 locus,
436 1259 481 1313 cui
501 1257 634 1330 gehenna
652 1273 757 1314 nomen
774 1257 828 1330 (att
843 1261 894 1325 ost,
946 1273 1015 1314 num
1035 1258 1188 1316 dividatur.
1204 1260 1275 1316 ilinc
1295 1277 1364 1333 orgo
1383 1278 1488 1336 magna
1509 1263 1571 1320 lons
1589 1269 1761 1338 martymm,

93 1368 188 1424 magno
197 1352 397 1424 plangentium
412 1367 561 1408 murmuro
574 1352 723 1425 etgemiiu
737 1352 760 1388 ιι
775 1355 804 1407 ot
817 1367 896 1406 eruc·
945 1351 1013 1408 hinc
1035 1353 1138 1408 nobilis
1160 1370 1264 1410 corone
1285 1355 1436 1426 victorum,
1458 1355 1561 1429 quibus
1583 1359 1695 1430 majora
1718 1359 1763 1414 his

95 1445 665 1518 tentibusllammisiiit)perhorrendom
687 1445 784 1518 spissas
806 1446 896 1500 nocue
944 1446 1115 1517 repromissa
1138 1453 1218 1515 surii,
1244 1448 1347 1521 quibus
1376 1449 1503 1506 auctiora
1533 1457 1600 1508 sunt
1627 1451 1760 1524 praemia.

94 1539 233 1612 caliginem
255 1555 328 1596 sceva
347 1555 460 1611 semper
481 1538 611 1594 incendio
634 1538 739 1594 camini
761 1537 895 1596 iumentis
944 1539 1025 1604 Quod
1039 1555 1105 1596 vero
1124 1540 1165 1596 vel
1182 1540 1251 1596 ieris
1265 1557 1367 1614 corpus
1388 1541 1532 1618 objicitur,
1546 1545 1589 1600 rel
1605 1543 1761 1602 imminens

94 1633 202 1704 expirat,
222 1632 323 1706 globus
347 1631 460 1704 ignium
483 1635 606 1688 aremius
631 1631 790 1688 obstruitur
814 1637 842 1688 et
865 1631 895 1687 in
945 1631 1055 1704 gladius
1077 1649 1136 1688 non
1155 1634 1283 1703 timetur,
1304 1635 1479 1707 dignationis
1501 1637 1660 1694 ostenditur
1674 1638 1758 1702 ratio,

94 1726 175 1783 serios
191 1743 282 1798 pmuae
302 1725 394 1782 exitus
412 1726 567 1782 relaxatur.
586 1726 664 1782 Tunc
682 1723 815 1781 seniendi
834 1725 894 1796 plu·
945 1723 1148 1782 manifestatur
1162 1727 1273 1783 electio.
1288 1729 1400 1784 Etenim
1414 1727 1608 1800 incongruens
1621 1729 1716 1786 iuerat
1730 1736 1762 1786 ni

94 1819 157 1875 rime
168 1836 285 1891 genera,
298 1821 368 1876 dum
386 1820 416 1876 in
434 1835 464 1876 so
481 1821 543 1892 ipse
556 1819 698 1875 convolvit
710 1819 735 1854 ⁸⁸
754 1805 1032 1891 quidquiquuam
1054 1835 1170 1890 aequum
1188 1819 1257 1876 tanti
1277 1820 1408 1876 muneris
1421 1821 1590 1894 judicasset,
1609 1823 1683 1879 inter
1704 1827 1760 1880 ier·

94 1913 190 1968 ardoris
211 1913 307 1970 emissi
328 1912 401 1971 edax
423 1911 539 1970 flamma
561 1911 702 1968 cruciarit.
722 1911 777 1968 llos
791 1911 894 1984 quihus
944 1926 1014 1966 rena
1028 1911 1096 1968 viiic
1109 1911 1266 1985 sordesque
1279 1913 1427 1970 retineret.

93 2013 206 2062 recusata
232 2024 286 2064 rox
310 2007 422 2064 Domini
443 2009 473 2064 ot
491 2007 612 2079 imperia
630 2006 709 2062 luere
730 2009 895 2076 contempta
979 2005 1056 2061 iiii.
1070 2005 1168 2062 llorito
1191 2005 1268 2062 enim
1287 2007 1358 2064 nihil
1375 2007 1463 2077 robis,
1478 2023 1496 2064 o
1512 2008 1581 2064 boni
1601 2014 1752 2082 martyres,

94 2101 239 2172 disparibus
265 2104 375 2159 coercet
399 2101 509 2170 exitiis;
533 2115 645 2174 proque
672 2099 775 2156 merito
799 2098 895 2154 salutis
944 2099 1122 2170 denegatum
1138 2099 1193 2171 (ιι)
1208 2115 1278 2172 quos
1298 2117 1362 2174 spes
1380 2101 1548 2158 aeternitatis
1566 2101 1616 2157 alit
1636 2105 1665 2158 et
1679 2103 1762 2175 lucis,

95 2201 185 2250 crocia
214 2195 289 2250 uires
310 2205 374 2250 snos
399 2195 543 2268 suggerit,
572 2194 641 2250 dum
666 2209 731 2267 pars
757 2192 893 2248 sceleri⁸⁸
944 2208 1127 2264 quorumque
1146 2193 1260 2249 dovotio
1279 2195 1413 2251 universa
1436 2200 1466 2252 et
1481 2211 1565 2252 mens
1584 2196 1690 2252 caelesti
1713 2197 1762 2254 de·

94 2289 235 2344 discrimen
263 2288 396 2360 imponit.
425 2289 460 2344 Et
485 2288 557 2345 alios
581 2287 697 2360 quidem
723 2287 777 2359 (tt)
805 2288 895 2344 moles
946 2285 1005 2342 dita
1032 2286 1159 2342 cernitur
1186 2287 1323 2344 servituti.
1352 2289 1466 2358 hierita,
1492 2289 1628 2363 inquam,
1656 2290 1762 2347 morito

95 2381 268 2437 intolerabilis
282 2367 476 2450 currat,'eiios
496 2398 549 2454 per
560 2381 715 2454 abruptum
730 2380 825 2436 clivosi
844 2383 896 2436 ira·
945 2379 1018 2436 nihil
1038 2379 1118 2436 robis
1136 2379 1207 2436 velle
1228 2397 1287 2436 non
1309 2381 1429 2450 licitum,
1452 2397 1575 2455 quorum
1594 2383 1693 2440 animo
1713 2383 1761 2440 de·

95 2475 159 2529 mitis
180 2475 280 2531 collem
302 2474 343 2530 ris
367 2491 440 2530 sessa
468 2475 646 2546 precipitat,
673 2478 701 2530 et
726 2479 896 2530 catenarum
945 2472 1116 2545 spectushic
1132 2473 1258 2529 mundns
1271 2479 1299 2530 et
1318 2474 1443 2532 alienata
1463 2476 1560 2532 secuit
1581 2475 1666 2533 facim
1685 2477 1763 2534 velut

95 2567 262 2624 stridentium
277 2584 384 2625 nexum
398 2569 423 2605 ⁸⁰
436 2585 523 2640 grave
543 2567 655 2639 pondus
675 2567 802 2623 inclinat.
823 2567 897 2623 Sunt
945 2567 1064 2622 contusa
1079 2565 1265 2624 tenebrarum
1280 2567 1424 2625 inhorruit
1438 2569 1558 2640 cacitas,
1574 2569 1620 2625 cui
1632 2573 1675 2626 est
1690 2585 1764 2626 sem·

94 2664 117 2716 ci
127 2678 193 2732 quos
210 2679 301 2735 egens
319 2661 437 2719 strictim
459 2661 555 2718 roia⁸¹
575 2666 604 2717 et
616 2661 761 2717 indelessa
773 2661 895 2734 vertigo,
945 2659 1057 2730 porhic
1074 2659 1198 2716 mundus
1208 2660 1270 2716 loco
1283 2661 1415 2730 carceris,
1430 2665 1504 2718 tecta
1519 2679 1571 2736 pro
1582 2662 1721 2732 claustris,
1732 2664 1763 2718 in

95 2759 119 2808 et
130 2772 194 2826 quos
207 2755 300 2812 ιιιιιιιοι
317 2755 394 2812 inter
409 2771 440 2811 se
458 2755 598 2812 densitate
612 2753 709 2827 799
729 2754 896 2810 constrictos
946 2751 1002 2808 vita
1015 2769 1129 2826 semper
1144 2753 1244 2810 habita
1263 2762 1450 2812 commeatus.
1467 2755 1513 2813 Sic
1532 2757 1638 2828 quippo
1659 2756 1760 2812 trium·

94 2848 232 2905 adherens
254 2848 366 2921 corpori
385 2865 489 2922 corpus
513 2848 643 2916 includit,
660 2853 691 2902 ut
714 2850 745 2902 ei
766 2848 897 2903 absumat
946 2845 1054 2920 phanio
1078 2845 1196 2902 victoria
1223 2847 1258 2903 de
1285 2846 1331 2904 his
1355 2848 1439 2905 malis
1460 2848 1571 2922 rapitur
1592 2864 1679 2921 quem
1704 2865 1762 2905 non

95 2941 261 3011 incendium,
280 2949 309 2999 et
329 2949 427 3015 gravet
447 2943 568 3010 forrum,
583 2945 613 2998 et
632 2957 663 2997 se
685 2940 792 2997 cruciet
815 2941 897 2996 turha
946 2939 1108 3012 pompatico
1123 2956 1220 3012 gressu
1238 2957 1310 2996 vana
1328 2940 1449 3014 subjecit
1462 2941 1590 3007 ambitio,
1604 2943 1654 2998 aut
1668 2959 1760 3014 popu·

94 3035 248 3092 multorum.
945 3031 1014 3087 laris
1034 3032 1135 3088 extulit
1153 3033 1334 3106 magnitudo,
1351 3035 1402 3090 sod
1418 3051 1507 3108 quem
1528 3035 1632 3092 caelesti
1652 3034 1759 3108 cupidi·

123 3129 182 3185 iiii.
201 3129 310 3195 Quibus
326 3133 426 3186 autem
444 3127 594 3200 inquisitus
611 3143 725 3199 semper
746 3127 800 3184 luit
823 3130 897 3184 Dens
946 3130 1005 3182 tata
1018 3125 1253 3197 ilagrantemsuo
1268 3128 1395 3186 Christus
1407 3127 1517 3184 addidit
1531 3145 1633 3204 regno.

95 3227 136 3276 aut
147 3227 238 3293 notus,
255 3239 402 3296 nunquam
415 3221 518 3278 excidit
532 3220 636 3279 Christi
649 3221 743 3288 locus;
760 3220 809 3276 ubi
819 3170 935 3293 J'aootc
980 3221 1069 3275 xiiii.
1091 3219 1165 3275 Nihil
1177 3221 1272 3293 itaquo
1285 3225 1344 3276 tam
1363 3237 1502 3294 magnum
1516 3227 1601 3295 atque
1621 3237 1763 3279 coccoran-

97 3317 197 3386 gratia,
229 3317 279 3373 uhi
310 3316 468 3374 virentibus
501 3314 608 3387 campis
640 3322 717 3371 terra
748 3314 898 3370 luxurians
948 3312 1018 3369 dum
1034 3313 1357 3386 quamquodlibemta
1375 3318 1469 3371 morte
1489 3316 1604 3372 etfacit
1623 3316 1763 3372 vivoreet

95 3409 200 3467 alumno
225 3427 257 3466 se
276 3410 371 3467 induit
391 3410 533 3482 gramine,
553 3411 583 3464 et
605 3407 754 3464 redolente
773 3407 899 3478 pascitur
947 3405 995 3462 dat
1013 3410 1153 3479 perpetuo
1170 3421 1303 3480 regnare.
1318 3406 1424 3464 Sanctis
1439 3408 1489 3465 Dei
1506 3408 1561 3465 hoc
1582 3414 1694 3482 apium,
1709 3409 1764 3464 mi·

95 3505 175 3572 ilore;
190 3504 237 3560 nbi
257 3504 348 3559 alium
368 3518 490 3560 nemora
508 3501 647 3558 tolluntur
664 3501 696 3556 in
713 3501 856 3568 rerbcem,
871 3507 899 3557 et
948 3499 1019 3556 seris
1038 3500 1244 3569 necessarium,
1257 3501 1392 3558 omnibus
1411 3507 1535 3573 gratnm,
1549 3519 1606 3576 quo
1628 3503 1764 3560 latentur

95 3597 135 3651 ubi
147 3597 259 3653 densior
276 3597 409 3653 arborem
430 3611 512 3652 coma
529 3595 612 3650 vestit
630 3594 770 3667 quidquid
782 3611 900 3650 curren·
948 3592 1027 3660 boni,
1043 3593 1208 3648 relevantur
1220 3593 1334 3666 abjecti,
1350 3598 1523 3651 coronantur
1536 3595 1629 3652 electi.
1648 3595 1763 3654 Etenim

95 3690 161 3746 tibus
176 3692 266 3748 remis
279 3707 364 3747 scens
378 3690 514 3762 dejiciens
527 3688 710 3744 inumbrarit.
725 3687 827 3744 Omnia
840 3687 899 3742 iilic
948 3687 1022 3742 Deus
1043 3686 1175 3742 omnium
1203 3687 1295 3742 cultor
1321 3688 1399 3742 velut
1424 3689 1568 3761 quoddam
1591 3687 1728 3762 martyrio
1737 3690 1761 3725 ⁸¹

96 3799 144 3841 non
154 3784 279 3859 trigoris,
294 3799 345 3841 nec
360 3783 482 3853 ardoris,
502 3799 553 3840 nec
571 3787 604 3838 ui
626 3781 656 3838 in
675 3785 812 3838 autumno
831 3796 899 3837 arra
949 3779 1112 3836 remedium
1122 3779 1186 3836 ritae
1199 3779 1281 3836 dedit
1296 3781 1411 3852 quando
1426 3781 1490 3839 aliis
1504 3781 1575 3837 illud
1591 3798 1644 3854 pro
1656 3783 1761 3838 merito

773 3929 879 3998 toria
909 3931 1079 3996 lectiones.

119 4073 137 4106 ⁴⁷
152 4072 567 4138 consummationnem.
585 4073 639 4128 NG.
661 4069 683 4119 l.
732 4063 1232 4119 ⁴⁸Divosomnisnam.ator.iic.i.
1280 4064 1670 4122 “secundicerio-sni
1681 4066 1760 4118 Ozoa

95 4139 190 4206 ⁵loires
205 4144 467 4209 aaepepropositnm
480 4145 551 4196 iam.
565 4140 642 4192 ator.
658 4137 712 4194 Nc.
726 4137 749 4185 i.
791 4141 810 4176 ⁵¹
830 4139 858 4189 Si
873 4134 1150 4202 adiacentibusinm.
1169 4131 1247 4184 ator.
1262 4135 1318 4187 bio.
1334 4137 1389 4190 NG.
1403 4137 1426 4187 t.
1472 4134 1494 4172 ⁸¹
1503 4136 1576 4189 Dare
1588 4139 1678 4202 potest
1689 4139 1761 4188 Dum.

97 4214 161 4266 ibor.
210 4217 355 4267 ”Patrem
369 4215 490 4278 positum
503 4210 664 4266 nemaeo.
678 4209 732 4267 pc,
747 4215 770 4265 i.
819 4214 841 4246 ⁵⁴
856 4208 981 4274 imperiis
996 4211 1070 4260 lom.
1084 4206 1223 4262 libentii).
1239 4207 1262 4258 t.
1311 4207 1333 4242 ⁵⁵
1347 4205 1450 4272 Ingrati
1465 4209 1545 4260 Orco.
1561 4206 1761 4260 cessantem·

95 4285 163 4336 lior.
179 4287 233 4344 NG,
246 4287 269 4338 i.
303 4285 325 4320 ⁸⁰
338 4283 489 4336 Revelatur
501 4285 579 4335 (laon
593 4283 768 4336 Revelabltnr
781 4285 852 4337 Lam.
870 4280 948 4333 ntor.
963 4279 1016 4332 NG.
1033 4279 1058 4329 i.

730 4423 843 4506 Steph.
867 4419 991 4486 Baluzii
1012 4424 1112 4483 notae.

120 4562 163 4620 titt
177 4561 227 4613 Cui
245 4561 367 4628 potensin
378 4572 480 4611 nomm.
494 4559 637 4613 Gobannio
649 4557 797 4625 descriptio
809 4543 936 4616 emtatI)
948 4553 1094 4619 opiniones
1116 4553 1262 4618 gentilium
1282 4554 1317 4606 do
1337 4559 1448 4607 tartaro.
1462 4555 1506 4608 Ad
1525 4555 1606 4607 istam
1627 4553 1763 4618 objectio·

95 4631 118 4682 in
131 4633 198 4686 libro
210 4637 248 4686 od
261 4632 464 4684 Demetrionum.
949 4638 1013 4676 nem
1034 4623 1104 4674 nihil
1124 4624 1220 4688 reponi
1239 4627 1339 4687 potest,
1352 4626 1407 4676 nisi
1423 4625 1499 4690 quod
1517 4625 1683 4690 Cyprianus,
1696 4637 1761 4675 cnm

121 4705 164 4770 130]
186 4703 382 4757 tractantibus
402 4703 523 4767 (lammis.
544 4701 643 4766 Supra,
662 4700 740 4766 epist.
759 4701 809 4750 ib:
831 4717 844 4744 α
869 4699 899 4748 in
949 4693 1033 4746 vellat
1054 4693 1195 4745 inculcare
1215 4693 1379 4746 Christianis
1397 4695 1550 4747 horrendas
1569 4706 1665 4760 poenes
1686 4691 1762 4741 dam-

94 4775 196 4828 Domini
214 4789 280 4828 ersa
300 4774 454 4836 constituti,
468 4773 548 4825 exuri
564 4774 659 4838 paleas
679 4769 900 4834 inexstinguibili
949 4771 1087 4826 natorum,
1108 4768 1139 4815 nt
1163 4767 1246 4816 etiam
1269 4779 1302 4816 ea
1329 4767 1536 4818 enumeratione
1563 4764 1762 4844 tormentorum

94 4850 151 4912 igno
172 4845 375 4912 conspicitis.»
397 4845 483 4909 Epist.
499 4857 536 4896 nv
552 4858 559 4893 :
575 4861 590 4892 s
611 4842 682 4895 Cum
704 4844 733 4893 in
757 4841 901 4892 temnentis
950 4839 989 4889 eis
1015 4836 1193 4902 persuaderet
1218 4837 1294 4887 omni
1320 4849 1372 4902 ope
1399 4835 1546 4888 nitendum
1569 4849 1631 4888 esse
1658 4839 1689 4887 ut
1716 4844 1762 4896 pie

95 4918 295 4972 cruciabundus
317 4915 436 4967 flammea
461 4913 610 4966 cremantis
632 4912 776 4965 ardoribus
801 4912 900 4964 edure-
949 4909 1074 4959 viverent
1087 4911 1114 4958 oi
1131 4905 1287 4959 secundum
1303 4906 1415 4971 regulos
1429 4906 1584 4973 Evangelii,
1599 4919 1635 4956 ne
1652 4906 1680 4955 in
1699 4905 1762 4954 illas

94 4989 268 5052 tunslipist
283 4987 335 5038 titt:
355 5003 370 5035 e
391 4986 584 5037 Persecutores
600 4984 686 5036 nostri
701 4983 817 5035 tiammo
838 4995 902 5048 pm-
950 4992 1047 5044 poonas
1076 4979 1240 5042 inciderent,
1267 4980 1423 5031 excurrisse
1450 4993 1527 5032 moro
1551 4979 1694 5030 rhetorum
1715 4987 1763 5039 por

93 5059 158 5110 nelis
178 5063 316 5125 perpetuo
342 5057 439 5108 ardore
465 5055 616 5107 dammare.
639 5071 654 5099 »
677 5054 721 5106 id
745 5056 900 5107 Demetria—
950 5064 983 5102 oe
1010 5062 1155 5114 pinnarum
1182 5063 1285 5115 genera
1312 5064 1377 5115 quae
1400 5050 1520 5117 gentiles
1543 5049 1678 5115 putabant
1700 5059 1763 5098 esso

94 5141 175 5182 num:
191 5147 206 5176 c
220 5128 364 5182 Cromabli
377 5126 501 5178 addictos
522 5127 623 5179 ardens
643 5138 753 5190 semper
772 5125 901 5192 gehenna
951 5121 1024 5186 apud
1050 5121 1162 5182 interos,
1193 5121 1267 5186 quie,
1296 5127 1327 5172 ui
1354 5123 1391 5173 alt
1417 5121 1515 5175 Cicero
1543 5123 1572 5172 in
1599 5119 1670 5171 libro
1692 5131 1711 5168 ιι
1731 5116 1763 5167 da

94 5201 272 5253 sivirecibus
288 5200 408 5252 flammis
423 5211 610 5263 roroxpoena.
624 5213 639 5247 s
653 5195 900 5260 VidoAmobium,
950 5190 1067 5258 tegibus,
1093 5191 1197 5242 multos
1223 5191 1311 5244 divini
1337 5192 1473 5258 Supplicii
1499 5197 1591 5246 metue
1618 5189 1764 5243 accelero
1826 5189 1830 5196 '

94 5270 136 5321 lib.
149 5277 216 5336 n,oi
229 5272 416 5334 Laclantiurn,
429 5269 477 5321 lib.
493 5281 543 5332 vn,
556 5282 616 5334 cap.
633 5267 673 5320 26.
950 5265 1072 5314 revocat.
1097 5261 1168 5314 Vide
1190 5263 1365 5328 Prosperum,
1379 5264 1428 5315 llh.
1450 5277 1489 5327 ιιι,
1509 5278 1568 5328 cap.
1586 5263 1625 5325 ιι,
1644 5263 1682 5312 De
1704 5259 1762 5310 Vtin

121 5344 166 5406 [ιιι
191 5345 226 5394 i'r
253 5341 322 5394 aiios
339 5341 453 5406 quidm.
475 5341 542 5393 latio
569 5339 689 5391 instituit
713 5338 901 5391 enumeratio·
950 5333 1164 5398 rorstemploiioo,
1179 5339 1207 5386 et
1223 5338 1351 5386 sancium
1369 5335 1542 5400 Gregoriurn,
1556 5334 1603 5385 lib.
1621 5345 1653 5384 rx
1667 5334 1763 5384 liora-

93 5425 152 5464 nem
183 5415 386 5465 tormentcrum
413 5411 519 5477 quibus
548 5411 578 5461 ln
608 5413 709 5460 tartaro
742 5410 902 5460 crucientur
951 5405 1016 5455 lium
1044 5405 1072 5454 tn
1094 5404 1153 5468 lob,
1175 5419 1234 5470 cap.
1257 5405 1298 5469 ei,
1319 5407 1379 5457 siro
1401 5407 1564 5471 penultimo.
1585 5405 1657 5455 Vide
1680 5403 1762 5454 etiam

94 5482 228 5544 damnatis
245 5485 330 5550 idque
351 5483 417 5534 iacit
440 5496 474 5535 eo
494 5483 580 5534 terme
600 5481 684 5532 modo
705 5493 760 5545 quo
784 5478 901 5544 gentilos
951 5478 1151 5526 notasnostras
1166 5475 1399 5529 adillumiocum
1413 5474 1764 5537 inconsummationem

95 5569 184 5617 poenos
211 5557 258 5606 sui
287 5557 383 5606 tartari
407 5553 609 5619 exprimebant.
634 5553 704 5604 Nam
728 5556 755 5601 ot
786 5552 814 5600 in
840 5551 903 5614 epi·
951 5546 1167 5612 ipnisiormento.
1524 5561 1532 5580 ·
1739 5613 1744 5624 Ι

95 5627 158 5676 stola
184 5629 227 5689 ai,
256 5631 388 5677 tartarum
414 5625 484 5676 dixit
507 5638 557 5689 pro
586 5623 703 5674 inferno.
732 5621 820 5673 Erunt
847 5621 902 5672 lor·
983 5615 1032 5679 (ιιι
1046 5615 1117 5666 iiiiii
1128 5617 1201 5668 cobis
1213 5617 1379 5682 daemonicam.
1395 5617 1493 5683 Supra,
1507 5617 1587 5682 epist.
1605 5617 1677 5667 iaz«
1691 5611 1765 5675 Quid

96 5697 170 5746 rossia
196 5698 245 5762 qui
273 5711 306 5747 ex
336 5710 369 5748 ea
392 5696 577 5760 descriptione
607 5693 702 5745 tartari
727 5705 811 5758 quam
838 5691 903 5744 istic
953 5687 1027 5738 anim
1046 5687 1119 5750 potis
1133 5685 1167 5737 do
1181 5685 1353 5753 indulgentia
1373 5689 1487 5742 Domini
1500 5687 1576 5754 quod
1596 5698 1652 5739 non
1675 5685 1767 5750 impe-

96 5769 212 5818 instituit
235 5775 333 5820 auctor
353 5769 434 5819 istius
454 5767 518 5819 libri
541 5765 673 5830 colligent
693 5764 746 5816 ista
764 5775 822 5814 non
842 5775 903 5814 osse
953 5762 1025 5810 trare
1041 5759 1238 5811 mereamini.»

98 5833 235 5904 Cypriani,
265 5837 339 5906 quod
362 5838 411 5892 iiia
436 5837 521 5890 nimis
547 5835 680 5892 accedero
711 5833 836 5888 videatur
867 5833 904 5886 ad
