3986 6208
84 257 124 320 ets·
650 251 748 318 tinen
769 254 814 318 nu
834 247 922 316 nouo
943 245 1140 314 tartensis.

84 386 174 441 tionc³¹
201 383 327 452 restituit,
354 385 542 440 sstrrttitrtcm
569 384 651 440 nobis
665 384 869 440 immortalila-
884 378 1100 466 AChristiauas
1126 381 1241 460 adJ'utns
1268 385 1375 453 perfert
1389 387 1413 424 ²⁸
1435 389 1555 460 gratiam
1571 391 1739 466 spiritalem,

83 487 179 551 lotaque
194 477 298 550 largiri,
313 479 349 532 ad
364 495 450 550 optram
466 495 518 534 nos
536 479 685 549 sanguinis
698 479 740 533 sui
755 479 874 533 vivitica-

83 576 144 628 ttauc
162 571 310 644 reparavit,
332 572 451 627 reduces
468 571 504 627 ad
528 571 691 644 paradisum
715 572 810 628 denno
836 571 873 626 sa·

81 681 237 738 rere,1·egun
254 666 388 720 coelorum
411 665 467 720 lide
492 670 520 721 et
540 665 660 720 scritate
682 682 739 721 sure
765 665 874 737 pollici-

17 763 18 768 ’
80 761 177 816 tationis
201 759 327 832 aperiret
351 759 416 814 llere
438 760 567 816 lnerenut
593 759 715 815 tirmiter
740 759 874 814 sensibus

80 859 176 926 nostris,
195 859 256 914 hac
280 858 479 930 intelligantur
504 858 589 929 plena
610 857 679 926 fido,
704 858 765 913 haec
788 857 872 913 corde

78 959 126 1008 toto
138 953 299 1024 diligantur,
315 953 376 1007 hac
389 951 612 1008 indesinentium
624 967 745 1024 operam
757 967 873 1022 magne·

79 1048 190 1102 almitate
214 1047 238 1081 ³³
261 1045 446 1100 redimentur.
471 1045 616 1101 Proeclare
636 1049 665 1100 et
689 1045 784 1100 divina
807 1061 871 1112 res,

78 1143 162 1196 iratres
191 1139 368 1207 charissimi,
401 1139 533 1195 salutaris
566 1139 711 1210 operatio,
740 1139 873 1194 solatium

78 1234 167 1308 grande
193 1234 383 1302 credentium,
401 1231 498 1306 622
520 1233 680 1288 securitatis
701 1236 807 1288 nostru
831 1249 873 1288 sa·

77 1329 141 1384 lubre
162 1327 335 1399 praesidium,
354 1326 569 1382 munimentum
595 1326 665 1400 spei,
682 1327 769 1382 tutela
792 1325 871 1394 lidei,

77 1421 172 1477 ncdela
184 1421 293 1492 peccati
307 1421 342 1487 ³⁸,
359 1437 402 1476 res
418 1420 510 1492 posita
524 1420 554 1474 iu
576 1423 712 1490 potestate
731 1419 871 1488 incientis,

77 1533 110 1570 res
129 1518 156 1570 et
174 1514 288 1586 grandis
306 1518 334 1568 et
356 1513 448 1568 facilis
470 1513 529 1568 sine
549 1513 675 1586 periculo
700 1513 873 1584 persecutio·

77 1609 118 1673 nis,
130 1625 228 1664 corona
241 1607 329 1678 pacis,
343 1623 441 1662 rerum
464 1605 514 1662 llei
536 1623 642 1662 munus
658 1613 687 1664 et
701 1607 871 1677 maximum,

924 476 1103 544 promeretur
1134 475 1278 531 Christum
1307 479 1447 551 judicem,
1478 483 1568 540 Deum
1595 491 1741 560 computat

924 565 1095 621 debitorem.
1115 569 1157 624 ud
1177 570 1248 624 lianc
1273 587 1393 643 operum
1418 575 1585 634 salutarium
1610 581 1740 652 palmam

923 657 1045 716 libenter
1059 676 1091 716 ac
1107 667 1241 733 prompte
1256 669 1408 732 certemus,
1424 685 1523 726 omnes
1542 673 1572 728 in
1591 689 1682 746 agone
1692 676 1738 748 jn-

924 749 1007 805 stitias
1033 750 1091 804 lleo
1110 754 1138 806 et
1157 752 1267 809 Christo
1289 759 1433 826 spectante
1454 774 1616 830 curramus;
1640 767 1669 820 ct
1691 765 1740 838 qui

923 844 1028 899 seculo
1041 846 1069 898 ct
1084 846 1192 901 mundo
1212 847 1335 919 majores
1355 865 1415 906 esse
1430 851 1492 922 jem
1513 855 1659 927 ecepimus,
1674 875 1738 914 cur-

924 953 985 990 sum
1015 939 1147 993 nostrum
1175 941 1255 996 nulla
1282 942 1375 998 saectrli
1402 923 1558 1003 et⁶mundi
1585 951 1739 1022 cupiditate

924 1030 1077 1086 tardantes.
1110 1032 1138 1087 Si
1170 1035 1328 1105 expeditos,
1361 1036 1384 1091 si
1417 1039 1537 1108 celeres,
1571 1043 1594 1096 si
1626 1043 1655 1098 in
1687 1045 1740 1100 hoc

923 1124 1016 1194 operis
1050 1141 1142 1196 ogorte
1175 1133 1324 1186 currentes
1352 1131 1410 1188 dies
1444 1149 1495 1190 nos
1527 1135 1570 1190 vel
1602 1137 1739 1194 redditio·
1765 1185 1772 1199 .

923 1217 967 1272 nis
993 1217 1017 1252 ³⁶
1045 1218 1087 1274 rol
1122 1223 1327 1291 persecutionis
1351 1225 1374 1259 ³²
1408 1225 1568 1297 invenerit,
1599 1247 1741 1304 nusquam

924 1311 1061 1367 Dominus
1084 1313 1192 1370 meritis
1219 1317 1381 1374 nostrised
1406 1321 1559 1391 premium
1581 1323 1683 1382 deerit.
1708 1326 1739 1383 ln

923 1421 992 1476 paca
1005 1405 1182 1462 uincentibus
1196 1423 1330 1466 eoronam
1346 1413 1495 1470 candidam
1519 1415 1576 1490 (ts)
1597 1434 1649 1489 pro
1669 1435 1739 1492 opo-

923 1499 1002 1554 ribus
1016 1499 1105 1568 dabit,
1130 1501 1158 1556 iu
1183 1506 1380 1574 persecutione
1402 1524 1575 1580 purpureum
1597 1527 1650 1584 pro
1674 1529 1740 1586 pas·

923 1593 1001 1648 sione
1015 1593 1179 1664 geminabit.

1688 267 1738 328 did
1817 260 1822 268 ’

77 1702 179 1758 infirmis
208 1701 422 1770 necessariam,
455 1700 576 1756 fortibus
607 1701 780 1773 gloriosum,
815 1717 872 1773 quo

741 1833 845 1900 Variae
874 1834 1044 1900 lectiones.

101 1957 115 1986 ³¹
126 1953 174 2014 Qui
189 1966 240 2004 nos
260 1953 321 2004 Boii.
337 1957 359 2002 s.
374 1953 414 2005 De
429 1951 648 2004 sanctificatione
670 1951 731 2002 Bod.
745 1957 767 2003 2.
802 1957 823 1986 ¹¹
835 1953 1061 2017 Magnanimitate
1081 1953 1232 2008 reddentur
1250 1957 1305 2008 tin.
1340 1959 1359 1992 ¹⁴
1374 1959 1479 2014 Medola
1493 1964 1599 2028 peccati
1620 1965 1740 2029 reposita

76 2027 110 2074 tr.
142 2025 292 2090 ³⁵Atljutus
316 2026 436 2088 perterre
452 2023 548 2074 bodl.
566 2023 679 2074 Praeiert
697 2026 753 2090 trip.
771 2027 811 2074 ele
822 2025 916 2086 iustus
936 2025 1011 2074 Weat.
1026 2021 1084 2074 lin.
1118 2025 1309 2080 ’illeditionis
1330 2030 1398 2080 Lam.
1428 2031 1503 2084 ibor.
1528 2035 1621 2086 rtet.
1650 2037 1740 2094 Veron,

77 2095 136 2145 iord,
154 2097 204 2146 Vct.
219 2095 275 2144 lun.
289 2097 359 2160 spir.
375 2097 443 2146 liora
460 2094 548 2144 ilouth.
565 2109 596 2145 es
608 2097 622 2146 i
634 2094 772 2147 suiscodd.
808 2095 827 2128 ³⁷
841 2095 1033 2146 percussionis
1049 2098 1138 2149 lieret.

704 2211 815 2294 Steph.
841 2209 963 2276 lialuzii
985 2220 1083 2278 nota.

99 2332 138 2391 test
157 2331 290 2381 Coronam
307 2329 457 2380 candidam.
476 2329 566 2393 Supra
586 2328 674 2394 Epist.
694 2343 753 2390 vm,
776 2344 801 2394 p.
822 2331 873 2380 lii:
924 2332 1015 2382 solam
1039 2333 1113 2384 enim
1135 2331 1234 2385 effusio
1252 2335 1396 2399 sanguinis
1418 2335 1446 2386 in
1467 2337 1642 2390 consessione
1657 2353 1739 2404 repu-

77 2401 163 2451 «Erat
190 2407 266 2453 certe
295 2403 323 2451 in
352 2400 482 2465 operibus
502 2401 616 2451 iratrum
642 2399 770 2461 candide,
797 2367 1008 2466 nuticsstotur,
1025 2402 1073 2454 sed
1094 2403 1202 2455 devotas
1218 2417 1330 2470 quoque
1350 2403 1451 2458 mentis
1467 2408 1739 2463 servitusimmocu·

76 2473 131 2523 lacta
152 2479 192 2524 est
217 2475 245 2524 tn
271 2476 423 2537 martyrum
448 2485 548 2524 cruore
572 2485 719 2537 purpurea.
740 2491 754 2519 s
775 2471 874 2524 Hiero·
924 2471 979 2523 leta
995 2473 1188 2538 quotidianum
1204 2477 1367 2540 martyrium
1382 2477 1655 2532 estlllocoronede
1670 2481 1740 2534 rosls

14 2597 15 2614 χ
76 2558 160 2607 ripmas
177 2548 205 2594 in
226 2545 371 2609 Epitaphio
390 2543 478 2594 Paulas
495 2543 531 2595 ud
556 2541 738 2594 Eustochium
757 2558 791 2592 :a
813 2543 873 2594 Non
924 2549 953 2596 et
967 2545 1047 2595 violis
1061 2546 1201 2610 plectitur,
1215 2547 1268 2598 ista
1282 2547 1316 2597 de
1329 2547 1402 2598 lillis.

79 2725 163 2735 --.-..

375 2855 489 2983 DE
550 2853 795 2985 BONO
854 2835 1421 2986 ΡΑΤΙΕΝΤΙᾸἘ1

776 3121 945 3216 LIBER
975 3109 1012 3180 (η

78 3527 258 3584 incensurus.
276 3556 310 3566 -
323 3527 426 3597 Scripti
438 3521 521 3595 trijus
537 3523 703 3580 reensionem
717 3523 759 3580 ito
774 3523 870 3596 pinacis
884 3522 995 3596 ceponii
1015 3523 1072 3594 ipse
1099 3517 1253 3595 Cyprianus
1277 3519 1326 3580 sub
1346 3523 1427 3596 mem
1452 3523 1539 3596 Epist.
1566 3525 1604 3580 od
1627 3526 1740 3582 iubato-

103 3634 159 3672 runn
175 3635 181 3671 :
200 3639 213 3666 ιι
241 3617 404 3672 servatura
429 3615 506 3670 nohis
525 3619 661 3684 patienter
685 3623 710 3670 et
727 3617 823 3671 leniter
839 3617 960 3671 charitas
973 3615 1070 3677 animi,
1087 3615 1194 3684 collepii
1208 3615 1303 3677 honor,
1331 3614 1483 3671 dilectionis
1507 3616 1656 3680 uinculum,
1682 3633 1741 3672 cort·

104 3709 185 3762 ciritio
200 3707 360 3762 sacordotii.
374 3707 488 3775 Propter
502 3705 550 3760 hoc
564 3707 645 3759 etium
666 3721 739 3760 nunc
756 3706 877 3760 libellum
893 3705 925 3760 de
948 3708 1020 3761 Boua
1041 3706 1192 3776 patientia,
1209 3707 1343 3773 quantum
1370 3705 1460 3760 uctttn't
1485 3711 1578 3760 nostru
1603 3707 1741 3761 mediocri·

105 3799 336 3866 nuper-mittente
359 3797 468 3850 Domino
492 3799 517 3848 et
541 3795 706 3864 inspirante,
732 3797 947 3865 conscripsimus,
970 3811 1046 3865 qtrenr
1083 3795 1120 3848 ari
1155 3800 1190 3856 te,
1218 3809 1268 3863 pro
1296 3798 1393 3848 munta
1430 3795 1585 3863 dilectione,
1615 3797 1741 3850 trorumi-

13 3933 15 3952 ‚
104 3889 186 3940 amus.
213 3905 227 3936 n
272 3885 418 3954 Postquam
444 3887 536 3954 itaque
566 3885 657 3947 initio,
680 3885 844 3956 patientiam
868 3899 959 3939 ueram
984 3901 1001 3938 a
1034 3884 1109 3951 falsu
1132 3883 1354 3952 philosophorum
1388 3884 1529 3946 destinarit,
1565 3887 1739 3955 opoticntin

104 3975 153 4041 liet,
174 3975 282 4031 Christi
307 3988 336 4028 os
359 3973 495 4041 iratorum
529 3975 660 4036 omnium,
690 3973 852 4044 patientium
881 3975 1060 4028 christianam
1095 3972 1273 4027 commendat.
1301 3973 1403 4028 Danda
1439 3989 1493 4028 non
1517 3974 1613 4028 utitem
1651 3975 1740 4038 morio,

105 4067 177 4119 sedet
202 4065 386 4118 accessorium
419 4064 498 4117 ittam
523 4077 577 4118 csse
603 4067 659 4118 tum
684 4062 843 4134 scipturis,
870 4068 928 4118 tum
949 4063 1101 4118 rationibus
1130 4062 1240 4132 prohat,
1265 4063 1394 4136 coemptis
1419 4063 1483 4118 item
1504 4063 1552 4117 iob
1578 4067 1604 4118 et
1630 4063 1739 4118 Tobiae:

104 4161 166 4208 rtut
185 4171 218 4209 ea·
244 4155 370 4224 opposito
386 4153 438 4208 siit
467 4155 533 4208 uitio
556 4155 645 4222 manis
667 4155 807 4223 patientia
836 4154 934 4208 tonum
959 4153 1100 4214 elucescat,
1126 4151 1306 4222 impatientia
1331 4155 1463 4221 quantum
1489 4152 1593 4207 malum
1618 4153 1654 4206 sit
1676 4167 1740 4222 pro·

105 4256 228 4322 sequitur.
245 4254 381 4308 Postremo
399 4251 527 4307 vindicte
545 4253 722 4323 cupiditatem
736 4255 884 4323 vituperat,
906 4253 1035 4322 docetque
1058 4255 1118 4316 Deo,
1130 4251 1216 4322 juata
1241 4251 1408 4322 Scripturas,
1421 4251 1633 4323 permittendum
1650 4252 1743 4321 potius

105 4357 176 4410 patrm
190 4343 268 4398 nobis
293 4342 478 4411 urropontiom
498 4342 677 4400 ultionemsi
689 4357 742 4412 quo
761 4343 816 4397 olio
832 4348 922 4397 ‹ruteut
945 4345 973 4397 in
988 4340 1056 4396 libro
1084 4343 1131 4406 hoc
1155 4345 1233 4412 corte,
1261 4341 1459 4396 Tertullianum
1482 4343 1618 4404 imitatur,
1644 4339 1743 4394 librum

105 4446 188 4502 oonpe
201 4431 258 4501 eius
272 4431 304 4486 de
317 4432 465 4486 Patientia.
489 4431 594 4486 Pensa.

106 4548 122 4604 l.
136 4551 169 4606 lle
187 4551 329 4623 patientia
351 4551 507 4618 locuturus,
530 4553 633 4608 iratres
646 4551 832 4618 dilectissimi,
848 4557 1021 4637 ctCsermo
1043 4551 1054 4586 ¹
1079 4556 1108 4606 et
1128 4549 1202 4606 ratio
1227 4549 1358 4606 salutaris
1386 4547 1540 4604 efficaciter
1564 4545 1691 4614 discitur,
1718 4545 1741 4601 si

80 4643 194 4699 utilitates
223 4646 287 4718 ejus
318 4651 346 4700 et
372 4646 522 4700 commoda
552 4645 772 4718 predicaturus,
802 4646 876 4702 unde
927 4643 1072 4716 patienter
1090 4643 1165 4717 quod
1190 4643 1294 4700 dicitnr
1312 4641 1525 4698 audiatur.Nec
1545 4639 1742 4707 invenio,h·a·

81 4737 154 4802 [totins
169 4739 303 4812 incipiam
327 4755 412 4811 quem
436 4740 510 4810 quod
534 4757 609 4794 nttnc
633 4757 746 4812 quoque
766 4739 803 4795 ad
824 4757 875 4794 au·
926 4743 985 4794 tres
1008 4735 1193 4807 dilectissimi,
1210 4737 1286 4792 inter
1307 4739 1425 4792 caeteras
1445 4735 1567 4792 coelestis
1585 4733 1741 4806 disciplinae

80 4827 196 4888 dientiam
222 4838 346 4890 vestram
367 4833 535 4906 patientiam
554 4833 638 4889 video
659 4851 719 4889 csse
744 4849 874 4889 necessa·
926 4833 985 4888 vias
1018 4831 1121 4906 quibus
1152 4831 1188 4886 ed
1221 4831 1422 4902 consequenda
1452 4829 1589 4885 divinitus
1624 4827 1743 4900 prumia

80 4923 148 4994 tiam,
167 4934 197 4982 ut
220 4945 274 4983 nec
296 4928 349 4983 hoc
369 4928 461 5000 ipsum
485 4927 560 5000 quod
583 4927 687 4984 auditis
709 4933 738 4984 ct
760 4927 873 4998 discitis,
928 4927 986 4999 spei
1015 4944 1047 4982 ac
1075 4925 1142 4982 ildei
1172 4927 1277 4981 unsiroe
1307 4929 1383 4980 secta
1410 4923 1448 4998 (i)
1474 4922 1617 4995 dirigitur,
1646 4919 1743 4996 623

80 5017 127 5071 stuc
145 5022 283 5092 patientia
304 5022 399 5078 lacere
419 5022 540 5094 possitis.
557 5022 635 5077 Tunc
656 5021 732 5077 cuim
758 5022 875 5078 demum
926 5021 996 5096 quid
1020 5019 1112 5093 magis
1133 5019 1263 5075 sitiret
1290 5018 1387 5075 utilius
1407 5017 1445 5074 sd
1467 5018 1556 5074 vitem
1580 5017 1626 5073 vel
1651 5017 1744 5090 majus

755 5150 860 5215 Variis
882 5150 1050 5216 lectiones.

104 5260 110 5286 ¹
125 5259 159 5308 De
174 5261 309 5312 Patientia
325 5261 386 5312 Bod.
400 5266 422 5312 i.
438 5261 491 5312 Lin.
511 5263 619 5327 inpari.
653 5265 662 5295 ¹
678 5261 776 5314 Sermo
790 5262 903 5313 Domini
921 5260 981 5312 sod.
996 5262 1019 5311 i.
1054 5261 1063 5294 ³
1078 5257 1190 5325 Aliquid
1211 5257 1300 5323 magis
1313 5254 1357 5309 vel
1372 5256 1441 5310 utile
1455 5256 1490 5308 ad
1502 5257 1587 5308 vllam
1599 5257 1644 5312 vel
1657 5259 1746 5324 magis

81 5325 107 5374 td
117 5329 223 5392 gloriam
239 5345 300 5384 esse
311 5335 500 5386 necessarium
515 5333 580 5384 lieri.
597 5337 621 5383 t.

713 5423 826 5507 Steph.
849 5421 975 5487 Baluaii
995 5426 1094 5486 notae.

83 5545 131 5622 'ill
152 5546 241 5612 liujus
259 5549 304 5598 soi
325 5551 417 5614 operis
435 5550 606 5601 mentionem
629 5550 697 5602 iacit
718 5550 915 5636 CyprianusD
958 5547 991 5612 til
1012 5547 1086 5598 Fidei
1105 5549 1203 5597 nostra
1221 5550 1300 5597 secta.
1321 5543 1412 5610 Supra
1430 5544 1510 5610 epist.
1533 5542 1574 5605 il,
1591 5539 1746 5593 liumitttote

82 5623 103 5662 n
121 5617 190 5669 calce
212 5619 346 5684 Epistolae
371 5622 407 5672 od
434 5621 607 5673 iuhaianurn.
631 5622 764 5686 Ejusdem
789 5635 876 5687 ergu—
927 5635 958 5670 oc
972 5621 1065 5670 timore
1081 5623 1155 5668 secta
1174 5623 1272 5668 nostru
1292 5617 1464 5667 verecundus.
1485 5615 1552 5666 ltem
1575 5615 1603 5664 tn
1623 5612 1746 5676 Epistola

82 5689 153 5738 menti
173 5690 272 5744 librum
295 5695 407 5758 scripsit
431 5694 627 5746 Tertullianus.
652 5695 720 5745 ltem
745 5695 879 5758 hogustl·
930 5691 966 5743 od
982 5690 1124 5753 Quirinum
1139 5689 1252 5753 praeilxn
1272 5688 1351 5739 libris
1375 5685 1614 5738 Testimoniorum:
1629 5701 1643 5727 s
1658 5685 1745 5745 Ques-

83 5767 133 5806 uus.
147 5761 232 5814 litium
250 5764 363 5830 quidum
379 5765 484 5817 l‘sulus
503 5767 652 5832 episcopus
671 5765 738 5816 olim
758 5765 879 5830 scripsit,
930 5762 994 5814 dam
1006 5761 1128 5826 capitulo
1139 5761 1174 5812 od
1188 5759 1347 5826 religiosam
1361 5762 1445 5812 sectas
1458 5761 1560 5810 nostrie
1571 5753 1745 5820 disciplinam

84 5829 108 5878 tt
119 5833 225 5886 testetm
236 5834 407 5902 Gennadius,
421 5835 523 5890 librum
537 5837 569 5890 ds
581 5835 724 5890 Patientia.
930 5833 1106 5904 pertinentls.
1120 5851 1134 5882 a
