4012 6192
228 313 280 378 bii
695 309 722 373 S.
744 311 901 374 CYPthlil
919 311 1057 374 creauit
1075 311 1161 373 PARS
1179 309 1463 373 11.-0rusoute.
1841 319 1884 381 tn

228 445 251 500 si
264 443 304 502 illi
315 443 445 516 emanent
457 440 563 514 omnia,
575 457 628 500 nec
641 457 658 499 a
670 443 754 500 nobis
764 441 893 516 exposcit
906 442 960 498 nisi
973 443 1048 500 tecta
1059 445 1223 534 Αιιιιιιιιιι
1240 458 1257 498 ι
1271 441 1339 509 ileo,
1355 446 1385 498 et
1402 440 1460 498 fllia
1476 457 1527 498 suo
1547 459 1605 499 non
1624 441 1765 517 pepercit;
1779 461 1827 518 pro
1843 463 1892 519 quic

230 537 349 606 sincere,
362 553 441 605 auro,
464 542 494 592 ut
507 536 568 609 ipse
584 535 666 606 dixit,
685 537 791 594 similes
810 553 872 594 esse
892 536 1041 592 debemus.
1098 537 1205 608 ignosci
1219 535 1337 592 forsitan
1352 535 1586 608 posset,eii11um
1601 536 1754 594 dubitasset
1767 540 1892 596 uetuere,

229 633 338 686 hurum
356 629 462 702 quippe
478 647 542 686 cum
562 631 755 687 relucentibus
768 631 854 687 terris
871 632 992 687 tremulo
1006 631 1044 684 vi·
1092 631 1217 686 armarit
1231 645 1333 685 inanus
1353 629 1486 702 religiosa
1502 629 1625 697 devotio,
1638 637 1666 686 et
1678 648 1775 687 omnes
1792 632 1892 704 pietatis

228 722 303 778 deris
318 723 465 794 splendore
485 723 539 778 sub
554 723 696 780 lumineil
718 729 746 778 el
759 723 788 778 in
803 722 944 796 liquidum
963 723 1044 778 llam·
1092 723 1209 780 edoctus
1227 722 1337 780 Domini
1352 722 1479 794 jubentis
1501 723 1655 796 imperio⁸⁸
1677 725 1764 796 piatas
1784 731 1892 798 paterna

151 885 155 896 ι
230 815 285 870 mis
299 816 472 871 torrentibus
489 817 601 884 resolvi,
619 833 686 872 nam
704 823 733 872 et
747 816 861 872 artificis
881 815 972 887 gretia
985 816 1044 872 iere
1095 817 1232 888 neglexit.
1251 819 1309 873 Nec
1335 815 1447 872 horruit
1466 818 1542 890 quod
1563 818 1622 873 nati
1641 817 1774 875 tunderet
1791 819 1894 892 sangui·

228 909 268 964 sic
282 912 334 976 est,
350 909 470 964 caminis
485 910 595 982 quoties
609 909 811 965 anhelantibus
825 915 948 964 estuans
967 909 1045 981 ignis
1094 927 1173 978 nem,
1195 927 1247 968 uec
1264 911 1414 966 intremuit
1434 911 1471 966 ed
1493 927 1602 978 vocem,
1629 916 1659 967 et
1683 911 1775 968 adhuc
1798 929 1846 984 pro
1865 931 1895 970 ec

229 1003 378 1070 evomitur,
391 1002 469 1058 editu
483 1004 664 1058 terrascenali
675 1005 796 1074 angusto
807 1002 917 1059 discet·
928 1003 1045 1058 llamme
1095 1003 1221 1060 Christus
1238 1019 1297 1060 non
1310 1003 1405 1060 iuerat
1422 1005 1538 1061 occisus.
1554 1004 1626 1069 Quid
1648 1004 1728 1061 enim
1748 1005 1856 1060 charius
1868 1023 1897 1062 eo

230 1095 352 1161 elicitur,
364 1102 393 1151 et
403 1095 588 1152 refluentibus
600 1095 692 1168 glebis
704 1111 793 1152 erens
805 1095 954 1152 retinetur.
965 1095 1045 1151 Unde
1095 1098 1154 1170 qui,
1169 1113 1207 1154 ne
1221 1097 1290 1170 quid
1304 1097 1408 1154 iuvitns
1426 1097 1510 1153 hodie
1528 1097 1695 1166 sustineres,
1716 1098 1793 1170 prius
1808 1117 1897 1172 pessus

230 1205 344 1244 necesse
365 1194 407 1246 est
427 1190 558 1246 universe
576 1189 704 1256 sufferre,
725 1205 783 1260 quo
806 1189 945 1261 possimos
966 1189 1046 1244 omni
1095 1190 1233 1262 estquod
1256 1188 1394 1246 doceret?
1412 1189 1486 1256 Ouid
1502 1206 1535 1247 eo
1554 1189 1665 1248 dulcius
1685 1191 1745 1263 qui,
1765 1191 1897 1264 cumipse

232 1283 339 1338 scelere
353 1298 458 1349 cerere,
474 1283 546 1337 sien
556 1297 607 1352 per
619 1283 791 1354 Prophstom
806 1297 889 1337 suurn
904 1281 975 1338 dixit
990 1297 996 1337 :
1015 1285 1046 1337 Et
1096 1282 1131 1338 sit
1144 1282 1219 1338 Deus
1237 1287 1335 1338 noster
1353 1291 1381 1338 et
1398 1282 1543 1352 Dominus,
1562 1287 1661 1340 tamen
1684 1284 1834 1356 piticutem
1853 1303 1896 1358 pro

230 1380 255 1432 si
268 1391 359 1432 aaroni
373 1376 527 1431 'hcmiinbus
548 1380 679 1431 torniento
691 1378 769 1446 passi
786 1381 860 1444 sunt,
876 1381 966 1432 tamen
987 1390 1047 1446 spes
1095 1393 1125 1432 se
1150 1376 1296 1432 hominem
1317 1377 1402 1448 regui
1418 1375 1538 1434 coelestis
1558 1375 1646 1434 allicit
1667 1375 1858 1434 coheredem?
1879 1377 1898 1433 0

232 1470 342 1525 illorum
360 1470 565 1524 immortalitate
581 1469 664 1540 plena
679 1474 727 1537 est,
743 1474 769 1524 et
786 1471 880 1526 oecon
892 1471 923 1524 in
940 1471 1044 1540 paucis,
1096 1469 1203 1541 grende
1231 1469 1325 1524 nescio
1349 1469 1430 1541 quid,
1456 1468 1515 1525 sire
1543 1469 1612 1541 qnia
1635 1469 1706 1526 illud
1732 1471 1899 1526 conscientie

230 1564 260 1618 in
282 1563 376 1618 mattis
397 1562 462 1618 hene
483 1562 671 1632 disponentur,
693 1565 822 1632 quereiam
844 1565 914 1618 Deus
935 1563 1048 1618 tentavit
1096 1562 1170 1620 retia
1189 1562 1232 1617 vir
1252 1561 1372 1618 sustinet
1391 1577 1500 1634 capere,
1521 1563 1650 1635 quemvis
1674 1579 1779 1636 magua
1798 1579 1898 1636 semper

231 1655 303 1724 iilos,
321 1662 347 1710 et
365 1657 468 1711 inuenit
479 1656 541 1711 ilias
557 1657 652 1725 dignos
665 1671 692 1712 se
703 1656 739 1726 ι’,
757 1661 783 1712 et
801 1658 881 1726 qnasi
895 1656 1047 1711 holocausti
1097 1655 1219 1710 miretur
1233 1653 1271 1710 ad
1285 1669 1415 1722 munere,
1430 1655 1487 1710 sive
1501 1655 1570 1728 quie
1585 1661 1645 1712 tam
1664 1657 1744 1729 large
1757 1658 1798 1712 est
1810 1657 1898 1726 maiss-

232 1749 464 1819 hostiamucoepit
477 1749 541 1805 ilios
555 1749 645 1820 (Sap,
662 1765 704 1818 ur,
717 1749 754 1821 t).
784 1784 789 1795 ·
1097 1752 1139 1803 tes
1160 1748 1221 1818 ilci,
1239 1753 1272 1803 ut
1291 1747 1503 1821 insperantibus
1522 1749 1630 1806 cunctis
1650 1749 1739 1806 etiem
1758 1765 1791 1806 ea
1811 1749 1902 1806 oderat

267 1842 347 1899 lllll.
364 1842 445 1906 Quod
463 1843 530 1898 site
549 1842 677 1914 dignitas
699 1841 851 1898 ambitiosa
870 1841 1003 1908 deterret,
1020 1825 1086 1898 etB
1098 1857 1161 1914 qua
1179 1840 1262 1898 nobis
1284 1841 1524 1913 contemplatione
1547 1843 1691 1900 lectorum
1714 1843 1793 1898 osias
1814 1842 1899 1899 lueret

233 1939 367 2006 congesta
376 1934 406 1989 in
419 1936 564 1992 thesauris
576 1935 708 2008 pecuniae
719 1933 888 2008 magnitudo
901 1933 1049 2002 admonet,
1099 1938 1207 2009 optare.
1231 1935 1354 2002 Etenim,
1376 1934 1399 1990 si
1421 1936 1534 1991 mnium
1555 1935 1630 1992 selus
1653 1935 1772 1992 darstm
1792 1939 1899 2000 anana,

234 2043 299 2099 quae
313 2043 426 2100 semper
439 2028 619 2101 propositum
633 2029 657 2064 ⁸⁰
676 2029 760 2084 banse
776 2028 879 2084 mentis
894 2025 1006 2094 erardi,
1023 2031 1052 2082 et
1099 2045 1151 2100 pro
1160 2028 1222 2100 ipse
1235 2027 1423 2100 perpetuitate
1432 2028 1543 2085 urendi
1555 2029 1728 2085 haberemus
1738 2029 1767 2084 in
1777 2029 1860 2101 gretia
1870 2029 1903 2084 ⁸⁵.

234 2121 367 2177 devotam
383 2122 504 2178 homino
518 2138 569 2178 suo
588 2122 715 2178 emmam
731 2121 826 2178 furiali
843 2122 903 2194 egit
921 2120 1050 2188 horrore,
1099 2125 1135 2178 ill
1146 2137 1233 2190 nunc,
1246 2137 1313 2178 cum
1328 2120 1431 2178 caelum
1445 2126 1477 2178 et
1486 2122 1633 2193 judicandi
1648 2122 1683 2178 de
1703 2123 1813 2179 caeteris
1826 2121 1901 2177 tacid-

235 2230 342 2286 queeso,
358 2221 472 2288 repetes
486 2215 573 2272 verbe
590 2215 726 2272 coelestis.
742 2215 812 2271 Nem
830 2221 858 2270 et
870 2215 996 2286 ipsarox
1010 2214 1052 2269 di·
1100 2218 1190 2271 tatem
1209 2214 1329 2287 perenni
1349 2215 1453 2271 seculo
1476 2215 1624 2287 largiatur,
1647 2215 1719 2288 quid
1741 2219 1782 2271 est
1805 2217 1834 2270 in
1855 2231 1903 2287 qrro

236 2307 325 2364 centis
341 2314 384 2365 est
398 2309 521 2368 Christi:
537 2310 590 2378 Qui
605 2307 758 2380 pmdiderit
772 2311 892 2365 cesimum
909 2323 986 2364 suam
1000 2323 1052 2379 pra
1101 2324 1160 2365 nou
1178 2323 1209 2365 se
1222 2324 1323 2381 peram
1340 2308 1385 2364 his
1403 2307 1538 2365 omnibus
1552 2307 1643 2380 possit
1660 2308 1788 2364 bumana
1806 2307 1901 2363 medio·

237 2404 345 2457 nominc
361 2417 430 2472 meo,
445 2404 556 2474 recipiet
573 2405 602 2457 in
621 2404 669 2458 noc
686 2403 783 2458 secuto
800 2402 965 2472 centuplum,
982 2406 1008 2456 et
1021 2402 1053 2456 in
1101 2401 1186 2458 critas
1201 2401 1345 2472 experiri?
1366 2400 1398 2458 si
1420 2401 1532 2472 injuriis
1554 2401 1659 2472 egeris,
1679 2401 1758 2472 prior
1779 2403 1853 2456 ectus
1869 2405 1905 2456 est

234 2497 330 2563 nutura
342 2497 428 2550 uitam
441 2501 571 2552 aternum
584 2495 735 2566 possidebit
748 2495 871 2566 (licitu,
884 2510 910 2562 x,
927 2495 982 2566 39),
996 2509 1054 2565 que
1101 2493 1160 2550 ille.
1180 2495 1208 2550 Si
1227 2494 1406 2551 contumeliis
1420 2493 1580 2566 premeris,
1592 2493 1641 2548 liei
1656 2507 1763 2548 munus
1782 2493 1902 2548 imiteris.

236 2587 338 2659 utique
357 2587 429 2643 nihil
451 2589 556 2660 mnjus,
575 2588 647 2644 nihil
669 2587 766 2644 utilius
784 2589 949 2660 computare
970 2586 1054 2643 debe·
1102 2586 1182 2643 liade
1196 2590 1226 2643 el
1239 2603 1340 2658 parum
1355 2592 1399 2642 est
1415 2585 1556 2659 quidquid
1574 2586 1727 2657 pertuleris
1740 2601 1791 2657 pro
1805 2601 1847 2654 so,
1861 2585 1902 2658 qni

236 2697 312 2736 mus.
323 2683 406 2748 Nam,
419 2681 486 2738 licet
500 2681 693 2754 pretiosarum
703 2680 822 2736 vestium
834 2695 916 2736 more
928 2695 1055 2752 purpura
1102 2679 1176 2736 nihil
1191 2679 1312 2752 emplius
1324 2681 1406 2753 poles
1426 2679 1531 2749 iacere,
1552 2678 1605 2734 nisi
1620 2679 1700 2752 quod
1723 2679 1754 2734 in
1769 2679 1822 2734 hoc
1841 2679 1906 2733 salus

237 2774 268 2829 in
288 2774 429 2848 imagines
450 2777 503 2847 (ιθ)
518 2778 624 2844 curret,
644 2781 673 2831 et
693 2773 916 2830 lentescentibus
935 2773 990 2828 iilis
1007 2789 1055 2828 au·
1102 2789 1236 2830 universe
1249 2772 1388 2844 consistit,
1405 2772 1472 2844 quis
1487 2772 1624 2845 martyrio
1639 2776 1733 2829 toturn
1750 2772 1797 2828 ille
1816 2769 1905 2844 proni·

236 2884 302 2923 rum
315 2872 390 2924 erret
404 2867 442 2924 ed
456 2868 589 2940 speeiem,
604 2883 657 2924 nec
671 2868 705 2924 de
720 2867 828 2924 alianis
844 2866 1056 2940 greriaqnibus
1104 2865 1151 2922 sit.
1176 2867 1306 2940 lienique
1334 2866 1503 2938 Apostolus,
1531 2865 1576 2921 cui
1602 2865 1682 2922 cordi
1707 2867 1786 2922 luere
1809 2879 1907 2936 semper

236 2961 379 3017 incumbis
402 2961 499 3020 desint
519 2961 633 3018 metelle
659 2961 813 3032 thesauris,
836 2975 923 3016 sacua
948 2963 1054 3027 tamen,
1105 2959 1249 3028 universe,
1266 2975 1331 3015 cum
1349 2958 1437 3016 instar
1450 2973 1603 3015 munerum
1616 2958 1824 3030 promissorum
1841 2955 1906 3029 peni·

238 3053 292 3110 uisi
307 3055 398 3126 fallor,
413 3055 465 3110 ista
478 3059 563 3128 etque
580 3055 678 3110 inania
691 3053 945 3126 computabuntur,
960 3052 983 3108 si
1002 3051 1054 3108 ed·
1106 3057 1151 3108 tus
1167 3053 1341 3109 miraretur:
1357 3053 1480 3114 Estimo,
1500 3051 1604 3124 inquit,
1625 3061 1681 3108 non
1699 3065 1755 3109 esse
1776 3051 1906 3120 condignas

233 3149 393 3220 jacentibus
401 3148 424 3185 ⁸¹
439 3149 490 3204 tibi
503 3149 621 3216 cunetis,
631 3149 690 3204 sole
703 3148 780 3204 selus
794 3147 893 3204 deesse
907 3145 1051 3214 videatur,
1105 3149 1242 3217 passiones
1261 3146 1345 3216 banus
1368 3147 1495 3216 temporis
1515 3145 1553 3200 ad
1568 3151 1795 3216 super-uenturam
1809 3145 1905 3200 clarita·

237 3243 310 3297 sicut
328 3243 447 3314 Spiritus
466 3243 585 3299 Sanctus
604 3242 729 3314 loquitur
748 3241 821 3296 nihil
842 3255 893 3296 nas
915 3239 945 3294 in
964 3185 1093 3295 vicemC
1107 3247 1158 3296 tem
1176 3253 1235 3310 puae
1253 3239 1418 3296 reoetobitur
1429 3239 1454 3275 ⁸⁸
1471 3241 1502 3294 in
1515 3239 1591 3294 nobis
1611 3239 1712 3310 (liam,
1729 3255 1784 3307 sur,
1802 3241 1851 3308 lit).
1869 3237 1905 3290 Ει-

236 3335 342 3390 ιιιίιιιιι
355 3340 462 3390 nostra
480 3335 651 3407 possedere.
672 3335 719 3389 hit
734 3333 813 3390 enim
829 3349 835 3389 :
853 3333 884 3390 Si
905 3338 992 3389 tatum
1012 3349 1055 3388 or·
1106 3333 1185 3389 enim
1193 3331 1616 3404 secumipsarolrebetqueotae
1627 3330 1767 3388 mercedis
1776 3331 1906 3387 exsisteret

239 3428 296 3483 bem
321 3429 496 3497 lucrifeceris,
517 3434 543 3484 ct
564 3430 687 3484 animam
708 3433 783 3484 tuam
805 3427 968 3498 perdideris,
988 3425 1057 3496 quid
1105 3430 1137 3482 ut
1149 3425 1176 3481 ei
1191 3426 1238 3482 oni
1252 3425 1395 3482 sufficeret
1406 3428 1498 3482 morte
1511 3441 1608 3480 cerere
1622 3441 1682 3481 non
1696 3427 1809 3482 tentum
1822 3421 1905 3479 salutis

234 3521 357 3592 proderu
368 3523 428 3588 tibi,
441 3527 490 3578 out
509 3537 593 3591 quam
611 3522 687 3577 homo
701 3519 1021 3578 commutationemdabit
1031 3518 1055 3554 ⁵¹
1106 3520 1223 3576 deretur
1237 3518 1402 3591 preamium,
1418 3518 1467 3574 sed
1480 3523 1510 3574 et
1529 3516 1723 3574 conscendere
1742 3518 1848 3586 ectum,
1860 3530 1904 3569 cce·

236 3629 288 3686 pro
302 3617 396 3670 anima
413 3617 486 3670 sua?
505 3614 627 3685 (Merit,
643 3630 698 3681 xer,
714 3614 771 3686 td).
787 3615 886 3669 Vacua
900 3618 967 3668 sunt
979 3611 1057 3668 enirn
1105 3614 1166 3668 luna
1190 3611 1268 3685 quod
1289 3627 1343 3668 nec
1365 3611 1467 3683 lugete
1489 3611 1536 3666 lus
1564 3609 1642 3682 cogit
1668 3611 1700 3666 in
1726 3615 1842 3677 noctem,
1861 3622 1906 3662 uec

238 3707 369 3762 sinirersa
386 3724 451 3780 quae
469 3707 623 3776 cernimus,
639 3711 669 3764 et
688 3723 754 3780 quea
768 3707 890 3762 infirmis
911 3705 1057 3761 radicibus
1106 3705 1222 3762 alternis
1249 3705 1359 3760 vicibus
1384 3703 1447 3760 dies
1473 3704 1567 3776 sperit
1590 3703 1620 3758 in
1644 3703 1753 3772 lucem,
1776 3702 1905 3758 sedeam

237 3800 330 3874 posite
344 3801 495 3858 soliditatis
507 3817 565 3857 suaa
578 3801 637 3857 rim
651 3805 799 3873 nequeant
815 3799 969 3857 sustinere.
984 3799 1057 3854 llam
1077 3870 1082 3878 Ι
1105 3798 1208 3872 liquidi
1216 3813 1319 3854 serena
1326 3797 1482 3870 temperies
1491 3813 1544 3870 per
1557 3796 1655 3871 798
1666 3797 1770 3854 sudum
1779 3797 1857 3868 ignea
1863 3791 1906 3848 lul·

240 3896 318 3966 quod
342 3896 376 3952 de
398 3897 500 3952 seculo
521 3893 642 3967 capitur,
662 3897 800 3952 vetustate
823 3893 964 3966 temporis
983 3892 1058 3948 irus-
1106 3907 1176 3965 gare
1191 3891 1360 3948 rutilantem
1371 3905 1474 3962 puram
1487 3891 1607 3963 explicet
1619 3890 1791 3946 clm-itatem.

235 3993 337 4046 tratur.
355 3990 443 4058 Uada,
457 4005 494 4046 ue
508 3989 577 4062 quid
589 3993 665 4046 emet
679 3988 763 4044 dulce
774 3989 819 4044 sel
835 3987 957 4043 charum
972 3984 1054 4058 quod
1141 3983 1205 4038 xlx.
1224 3985 1287 4039 lem
1303 3986 1444 4054 superest,
1464 3981 1625 4037 charissimi
1639 3981 1753 4048 tratres,
1772 3981 1805 4035 ut
1820 3977 1905 4034 debea-

235 4084 332 4139 salutis
347 4089 462 4140 sterne
476 4083 604 4157 preferri
623 4081 825 4155 cupiditatibus
842 4081 941 4153 possit,
955 4079 1056 4136 [tomi-
1106 4093 1171 4134 mus
1185 4075 1336 4133 ostendere
1350 4075 1396 4131 cai
1409 4074 1451 4132 rei
1472 4073 1642 4146 martyrium
1656 4074 1758 4146 prosit,
1775 4079 1864 4144 etque,
1878 4073 1902 4122 ot

239 4178 310 4234 uicis
324 4180 471 4249 amputata
490 4177 647 4249 praeceptis,
660 4177 726 4248 jure
740 4174 855 4246 proprio
870 4191 902 4230 ac
919 4174 985 4246 lege
999 4172 1057 4246 pri·
1105 4171 1177 4228 illud
1197 4168 1323 4243 prolecto
1341 4168 1497 4225 doceamus
1514 4167 1590 4239 quod
1608 4181 1661 4223 nos
1678 4167 1715 4222 ed
1729 4167 1803 4222 hunc
1815 4162 1900 4236 glorie

240 4275 305 4327 vata
327 4274 404 4340 sunt,
427 4287 464 4326 ne
487 4270 518 4325 in
540 4269 690 4326 tormentis
710 4268 854 4324 ιιιιίιιιω
874 4270 987 4339 petrem
1007 4283 1058 4339 po·
1107 4265 1222 4321 titulum
1245 4266 1340 4320 metus
1367 4261 1472 4318 excitet
1492 4261 1669 4316 futurarum.
1690 4260 1799 4316 Etenim
1815 4255 1903 4330 quibus

242 4345 329 4420 sitnm
348 4364 422 4420 lilius
439 4364 595 4435 frangeret,
612 4377 684 4418 nese
705 4360 873 4418 obstrictum
891 4359 986 4416 durati
1009 4376 1056 4417 ro·
1107 4373 1216 4432 magne
1230 4353 1371 4429 promisse
1385 4359 1462 4423 sunt,
1477 4353 1569 4426 magis
1580 4369 1690 4426 magne
1704 4359 1840 4424 suntque
1853 4363 1903 4405 me-

241 4459 320 4515 boris
336 4462 433 4530 pectus
451 4457 483 4513 ln
497 4456 584 4513 aliam
604 4455 776 4512 volunlatem
789 4453 905 4510 effectus
920 4455 1056 4510 mutaret.
1107 4451 1213 4509 tuenda
1233 4449 1289 4506 illis
1310 4463 1372 4504 esse
1395 4447 1557 4504 videantur.
1577 4447 1647 4502 Nem
1669 4463 1722 4503 nec
1742 4461 1773 4502 se
1790 4445 1818 4500 io
1838 4455 1904 4498 erma
1966 4497 1967 4511 ,

243 4553 337 4609 Solam
355 4551 504 4608 veritatem
524 4550 703 4623 salutemque
725 4547 814 4604 solam
839 4546 913 4604 inter
936 4553 1097 4627 meguosD
1107 4545 1188 4601 miles
1201 4541 1329 4600 accendit
1341 4541 1508 4614 priusquam
1522 4538 1642 4596 inimice
1656 4539 1754 4596 hostes
1769 4539 1823 4594 tela
1836 4548 1901 4591 com·

243 4645 486 4719 complectendam
509 4660 571 4702 esse
598 4642 738 4700 eruciatus
763 4657 813 4698 suo
840 4640 967 4697 Christus
992 4639 1058 4711 jure
1109 4637 1252 4694 moranni
1276 4651 1283 4692 :
1313 4651 1367 4691 nec
1393 4649 1496 4690 nerem
1523 4631 1627 4705 aliquis
1649 4632 1771 4688 statione
1792 4625 1904 4684 subducit

243 4738 399 4805 constituit,
410 4737 440 4794 io
454 4755 510 4810 quo
522 4737 625 4809 conjux
639 4740 667 4792 st
678 4735 760 4792 liberi
774 4738 803 4790 ιι
816 4735 945 4804 nepotes,
961 4730 1055 4804 797
1109 4731 1164 4787 nisi
1183 4729 1314 4786 animum
1328 4727 1423 4800 pelagi
1442 4742 1532 4800 paror
1546 4725 1693 4782 strinxerit
1709 4741 1716 4780 ε
1730 4723 1778 4780 sed
1791 4726 1817 4779 at
1827 4721 1903 4778 iuteo·

240 4833 270 4889 in
304 4851 353 4905 pao
382 4832 475 4888 omnis
499 4833 641 4888 viscerum
666 4829 775 4886 soboles
796 4827 872 4884 inlici
895 4825 1059 4898 usurpanda
1109 4822 1247 4882 tenssuis
1262 4819 1363 4894 opibus
1381 4823 1523 4876 scrutator
1540 4819 1667 4891 agricole
1686 4834 1746 4874 non
1762 4819 1825 4873 aute
1840 4809 1903 4868 lelici

244 4926 363 4982 victorie
376 4931 429 4982 est.
1110 4923 1216 4976 terrem
1238 4915 1354 4972 suscitet
1375 4929 1490 4970 romare
1514 4927 1598 4985 msam
1620 4911 1650 4967 in
1668 4911 1811 4984 pulverem
1827 4903 1903 4962 imbre

280 5021 370 5076 llVlll.
399 5021 472 5075 llam
495 5022 523 5077 et
549 5017 690 5074 Abraham
717 5017 757 5074 sic
782 5017 841 5073 Deo
867 5011 989 5088 placuit3
1010 5011 1060 5085 qui
1110 5009 1248 5080 concepto
1279 5002 1372 5078 putris
1404 5001 1489 5076 gleba
1518 5001 1653 5058 solvetur.
1684 5000 1727 5058 lte
1757 5003 1797 5054 est
1824 4991 1902 5050 omnis

939 5209 1046 5276 Veriae
1066 5206 1236 5272 lectiones.

277 5339 573 5407 slhlurmuratgenitu
595 5345 656 5394 Lam
693 5338 883 5392 alacrius.
933 5337 955 5372 ⁵⁸
974 5328 1461 5398 Totuminseipseconvolaltcum
1476 5329 1547 5378 ham.
1566 5318 1822 5406 libor.NC.l.'l'cua
1839 5313 1900 5362 insa

248 5412 436 5462 accuranter.
485 5411 747 5464 ”Scelerisl’amct
765 5411 842 5460 Ocea.
859 5411 925 5461 Pars
936 5405 1214 5461 sceleriLam.liior.
1232 5401 1323 5456 litut.
1371 5392 1763 5451 decacuminanda
1809 5382 1897 5433 ⁸¹va‘'

247 5481 384 5534 indelessa
398 5485 467 5534 lain.
500 5483 651 5546 ⁸¹Sr'e1mp.
665 5480 812 5546 Quoddam
823 5481 851 5530 iu
865 5477 998 5543 martyrio
1010 5477 1091 5528 ticam
1104 5477 1176 5528 Lam.
1188 5471 1264 5524 libor.
1281 5471 1337 5525 NG.
1350 5471 1371 5522 i.

897 5647 1011 5732 Steph.
1033 5644 1157 5710 Baluzii
1179 5645 1278 5707 nolae.

1965 5631 1966 5676 l

275 5787 324 5852 (²⁸1
349 5787 473 5852 Purpura
498 5787 527 5837 in
552 5785 688 5852 inopima.
711 5786 766 5838 lata
786 5783 928 5851 explicere
951 5783 1059 5836 radetur
1080 5773 1383 5833 tertullianuslnlibrc
1397 5773 1428 5826 ds
1441 5769 1581 5833 Pudicitia,
1596 5767 1644 5821 ubi
1663 5759 1764 5830 agites
1786 5752 1891 5810 restibus

245 5855 536 5926 purpuraoculeudts.
1965 5911 1966 5977 1
