4076 6190
220 229 279 306 'ess
369 193 373 201 ¹
906 240 983 306 ntra
1002 248 1029 306 ε.
1049 237 1218 306 omnisne.
1266 297 1269 307 ,
1846 197 1907 304 ἰιι

226 376 331 449 crymis
342 376 543 450 exprimentes,
559 373 780 448 complectentes
795 390 842 430 eos
857 377 936 448 quiesi
948 393 983 434 eo
994 377 1040 432 die
1053 379 1157 464 gente
1185 373 1334 430 Novatiani
1356 372 1577 430 ordinationem.
1600 373 1656 428 Sed
1679 388 1740 430 non
1758 377 1818 428 tam
1842 389 1907 429 sero

226 487 311 542 poena
320 469 437 525 carceris
452 469 571 526 inissent
584 469 709 525 liberati.
721 469 902 525 Confessores
915 471 1040 526 declara·
1092 475 1214 540 quatuor
1227 468 1266 522 illi
1280 467 1466 534 confessores,
1481 471 1532 521 aut
1544 467 1646 522 saltem
1664 469 1730 522 ante
1754 467 1908 522 concilium

226 568 295 619 runt
309 581 338 618 se
359 563 520 619 Cerasium
538 564 725 618 sanctissimae
743 563 875 619 Ecclesiae
893 564 1041 620 catholicae
1093 563 1264 629 itomanum,
1279 561 1397 617 rediisse
1406 561 1437 616 in
1449 561 1604 618 Ecclesiam
1619 559 1762 616 videntur.

122 671 134 684 ·
227 658 391 728 episcopum
405 673 572 728 agnoscere,
589 657 709 712 confessi
725 660 834 712 suntse
854 657 1041 729 imposturam
1128 655 1245 714 lladitus
1271 655 1463 710 confessorum
1492 655 1587 726 paucis
1614 654 1713 710 dicbus
1738 653 1908 710 subsecutus

224 767 320 822 pessos
344 766 377 806 ac
399 751 607 806 circumventos
628 767 701 818 esse,
716 751 765 805 sed
788 754 884 806 tamen
902 751 1040 806 sinceram
1092 754 1136 805 est
1157 765 1257 805 noram
1281 749 1455 822 legationem
1481 749 1642 804 Noretiani.
1663 769 1677 800 u
1700 749 1807 806 Novato
1829 749 1907 805 enim

223 851 348 900 mentem
361 861 443 900 suam
453 861 567 916 semper
575 845 603 898 in
615 844 737 900 Ecclesia
750 843 848 914 tuisse3
860 844 965 916 quippe
977 861 1040 900 cum
1093 843 1170 898 illinc
1185 860 1201 897 a
1222 843 1300 898 vohis
1315 843 1487 914 discedente,
1501 842 1541 898 ait
1561 842 1715 914 Cyprianus
1735 841 1827 914 (epist.
1848 843 1906 914 49),

224 953 284 994 non
307 939 476 1010 ignorarent
489 955 577 994 unum
594 939 682 993 iteum
701 955 773 1008 esse,
787 953 878 993 unrrm
899 939 1042 995 Christum
1092 936 1186 1006 idest,
1202 935 1298 1011 135
1313 937 1474 1009 procellunt
1485 935 1598 991 turbine
1608 936 1813 1002 recedentem
1824 940 1907 1008 parte

226 1029 322 1105 134
337 1032 491 1088 hominum
506 1048 539 1087 ac
549 1049 637 1088 unum
651 1031 787 1104 Spiritum
798 1035 939 1099 sanctum,
951 1049 1041 1088 unum
1093 1029 1149 1086 illic
1161 1030 1241 1102 quies
1259 1030 1334 1086 iacta
1353 1034 1405 1086 est.
1422 1051 1436 1082 n
1451 1031 1568 1086 Porroa
1589 1029 1681 1101 prima
1705 1031 1850 1101 legatione
1869 1029 1907 1084 ad

224 1124 389 1196 episcopum
412 1125 441 1180 in
468 1125 592 1180 Ecclesia
616 1125 753 1182 catholica
774 1141 835 1180 essa
857 1126 972 1182 dehere.
995 1125 1043 1181 llis
1092 1124 1276 1179 hononorem
1290 1140 1347 1178 non
1360 1124 1483 1178 multum
1496 1123 1653 1180 intercessit
1666 1123 1803 1194 temporis
1816 1140 1823 1178 :
1838 1139 1908 1178 nam

223 1219 309 1273 rebus
334 1224 482 1290 permotus
501 1219 647 1275 Cornelius
671 1219 821 1275 hienimum
844 1219 1041 1291 presbyterum
1095 1237 1108 1266 u
1134 1221 1292 1288 pmstratus
1315 1216 1466 1272 virtutihus
1491 1215 1540 1270 ilai
1566 1235 1579 1268 a
1607 1215 1790 1284 Novatianus,
1814 1221 1847 1270 ut
1868 1217 1910 1271 ait

224 1311 319 1366 loeium
333 1327 416 1367 suum
429 1312 512 1383 Jussit
533 1329 698 1384 agnoscere,
712 1319 830 1368 caeteros
848 1329 912 1368 oum
932 1313 1041 1384 ingenti
1092 1311 1239 1366 Cornelius
1253 1310 1347 1381 (epist.
1363 1309 1418 1382 48),
1435 1331 1449 1360 u
1469 1325 1534 1364 cum
1556 1309 1691 1380 tissimus
1710 1312 1739 1365 et
1761 1309 1910 1381 Longinus

225 1405 324 1477 populi
339 1405 475 1476 suffragio
486 1407 604 1477 recepit,
618 1423 651 1460 ac
670 1406 768 1460 omnia
783 1407 895 1460 remisit
908 1407 963 1462 lieo
979 1422 1041 1462 om·
1092 1408 1123 1460 ct
1140 1405 1275 1460 llacheeus
1298 1404 1421 1459 luissent
1447 1403 1555 1475 expulsi
1584 1419 1600 1458 a
1619 1401 1760 1474 Cypriane
1785 1404 1907 1475 ejusque

224 1499 375 1570 nipotenti.
392 1500 457 1554 llaec
470 1504 565 1554 autern
579 1499 680 1554 eadem
691 1500 771 1568 hora,
785 1499 884 1554 eodem
895 1506 1042 1556 momento
1092 1498 1218 1570 collegis,
1233 1498 1328 1553 denuo
1343 1497 1510 1552 resurrexit.
1524 1517 1537 1547 n
1552 1497 1660 1561 Quibus
1673 1513 1706 1552 er
1720 1497 1812 1552 verbis
1828 1500 1909 1569 patet

224 1591 259 1646 ud
285 1591 458 1663 cyprianum
482 1609 535 1664 per
559 1592 663 1664 scripta
684 1593 850 1661 transmisit,
867 1609 970 1665 nempe
990 1609 1042 1665 per
1091 1593 1278 1648 Noratienum
1293 1607 1349 1647 non
1365 1591 1465 1647 nlntio
1480 1607 1577 1646 mense
1601 1591 1635 1647 ad
1658 1590 1846 1646 Nouembrem
1864 1591 1905 1646 ie·

225 1685 308 1757 epist.
330 1685 406 1740 inter
423 1684 605 1758 Cyprianicas
625 1687 670 1753 46,
690 1702 723 1742 ac
742 1686 935 1758 Nicephorum
953 1687 1042 1760 acoly-
1092 1685 1195 1741 riatum
1211 1701 1281 1754 esse,
1295 1684 1345 1740 sed
1370 1687 1485 1756 accepia
1503 1684 1609 1740 damna
1627 1685 1756 1756 protinus
1773 1699 1905 1756 reparare

221 1779 305 1834 thum
320 1777 495 1834 descendere
514 1780 548 1834 ad
564 1779 758 1850 navigandum
777 1780 965 1837 destinantem
985 1759 1229 1848 sta-Bvoluisse,
1259 1779 1351 1835 missis
1378 1777 1562 1850 peritioribus
1590 1777 1737 1850 magisque
1760 1777 1907 1834 industriis

224 1872 276 1927 tim
291 1871 409 1927 dimisit.
426 1872 681 1941 Carthaginensem
702 1872 849 1928 ecclesiam
863 1873 961 1929 latitia
975 1889 1040 1945 per·
1092 1873 1200 1944 legatis.
1214 1875 1289 1946 Ergo
1302 1871 1413 1928 reditus
1433 1872 1637 1940 confessorum,
1651 1873 1701 1944 qui
1721 1887 1804 1928 norm
1823 1873 1906 1944 lega·

225 1964 363 2020 luderent
388 1964 492 2020 littera
518 1965 659 2033 Cornelii;
685 1981 738 2022 nec
757 1965 877 2022 dubium
901 1967 970 2038 quin
996 1983 1042 2022 aas
1091 1966 1176 2022 tionis
1197 1966 1401 2038 protectionem
1423 1966 1554 2038 proxime
1571 1967 1721 2038 contingit,
1736 1981 1794 2021 non
1815 1969 1909 2038 potest

222 2060 379 2131 Cyprianus
401 2058 436 2113 ad
458 2061 577 2114 coeteras
598 2059 700 2115 Airicae
719 2060 852 2116 ecclesias
874 2060 996 2129 miserit,
1011 2065 1043 2116 ut
1092 2059 1121 2114 iu
1143 2075 1275 2116 mensem
1298 2059 1482 2115 novembrem
1507 2059 1595 2130 rejici.
1618 2058 1725 2115 Deinde
1742 2075 1810 2115 vero
1824 2059 1908 2114 Nice·

224 2156 379 2224 rogaverat
401 2152 561 2220 Cornelius,
584 2153 629 2209 cui
653 2154 801 2225 respondit
821 2170 872 2226 per
894 2153 977 2225 epist.
996 2153 1040 2209 li.
1092 2154 1210 2226 phonos,
1227 2153 1275 2208 ille
1299 2153 1448 2224 acolythus
1466 2153 1516 2224 qui
1538 2155 1692 2226 utramque
1712 2153 1864 2225 epistolam
1879 2157 1909 2209 et

222 2245 402 2319 Scripsernnt
426 2247 511 2301 etiam
535 2245 713 2302 confessores
733 2247 770 2302 ad
791 2248 977 2319 Cypriacam,
991 2264 1040 2303 co·
1092 2248 1127 2303 de
1143 2263 1217 2302 nova
1227 2247 1373 2318 legatione
1387 2252 1416 2302 et
1429 2247 1465 2302 de
1479 2246 1574 2302 reditu
1589 2247 1783 2302 confessorum
1797 2247 1906 2316 attulit,

224 2355 348 2411 rumque
364 2340 446 2411 epist.
459 2345 502 2394 est
515 2340 590 2395 inter
602 2341 781 2413 cyprianicas
799 2343 843 2396 50.
859 2341 906 2396 llic
925 2357 1042 2414 respon·
1092 2357 1151 2396 non
1175 2340 1287 2395 ridetur
1310 2340 1431 2396 clericus
1455 2340 1541 2395 tuisse
1568 2339 1721 2408 Romanus,
1738 2340 1789 2396 sed
1814 2341 1908 2412 potius

222 2433 265 2488 dit
280 2435 439 2505 Cyprianus
452 2449 504 2504 per
518 2434 602 2505 epist.
622 2437 666 2489 52.
680 2433 750 2499 Qum
769 2437 865 2490 autem
886 2451 921 2489 ex
940 2435 1041 2490 litteris
1091 2434 1151 2504 ipse
1165 2433 1211 2488 illa
1226 2433 1401 2505 Nicephorus
1413 2433 1560 2504 acolythus
1577 2449 1663 2504 quem
1683 2433 1841 2506 Cyprianus
1857 2434 1908 2503 ju-

221 2527 345 2585 Cornelii
360 2527 511 2600 desumpta
525 2528 715 2598 narravimus,
730 2545 764 2583 aa
780 2529 902 2600 probant
921 2545 980 2584 non
995 2545 1040 2584 so·
1091 2528 1130 2582 lio
1148 2530 1281 2592 exerente,
1298 2527 1341 2581 rel
1362 2532 1483 2599 augusto
1505 2527 1621 2583 ineunte
1640 2543 1706 2582 cum
1726 2527 1819 2582 Mettio
1837 2527 1906 2582 suh·

223 2622 267 2678 los
280 2621 456 2676 confessores
470 2620 916 2678 rediisse.llencruntcumillisin
928 2623 1041 2695 presby·
1091 2621 1210 2678 diocono
1224 2621 1346 2677 Romam
1357 2621 1482 2676 miserat.
1498 2621 1544 2678 Sic
1558 2622 1637 2677 enim
1649 2621 1684 2677 da
1697 2621 1744 2676 illo
1757 2621 1908 2677 Cornelius

221 2715 328 2772 terium
344 2733 357 2767 c
373 2715 501 2787 plerique
515 2715 618 2770 tratres
633 2715 726 2786 quise
743 2715 783 2771 eis
800 2715 1008 2788 adjunxerant;
1024 2738 1038 2766 n
1090 2715 1219 2787 loquitur
1234 2715 1314 2786 epist.
1329 2717 1383 2771 46:
1400 2737 1415 2765 u
1433 2715 1497 2770 llaec
1509 2717 1608 2787 igitur,
1622 2716 1712 2770 trater
1725 2715 1907 2781 charissime,

221 2808 425 2881 quodquidam
437 2825 493 2864 non
505 2807 662 2864 rideturde
673 2809 756 2880 plebe
768 2809 1041 2882 catholicnprocon·
1091 2809 1190 2865 eadem
1213 2811 1294 2878 bora,
1319 2810 1419 2864 eodem
1441 2816 1590 2865 momento
1614 2808 1650 2864 ad
1672 2813 1701 2865 te
1723 2825 1775 2881 par
1799 2809 1908 2881 scripta

219 2902 377 2958 fossoribus
398 2903 571 2974 deprecante
592 2903 714 2974 intelligi
736 2919 829 2974 possa.
846 2904 946 2960 Postea
961 2904 1039 2959 enim
1089 2903 1311 2974 transmisimus,
1332 2905 1361 2958 ct
1380 2903 1571 2974 Nicephorum
1589 2902 1763 2975 acolythum,
1783 2902 1906 2964 descen-

220 2995 1037 3070 narralCorneliusireternitatisconcursum;quemtum
1090 2997 1158 3052 dere
1186 2997 1223 3052 ad
1247 2996 1440 3069 navigandum
1463 2995 1714 3062 destinantem,ed
1737 3011 1785 3050 vos
1807 2996 1906 3051 statim

218 3092 336 3147 demum
361 3090 470 3147 iectrrm
495 3089 602 3146 indicat
622 3091 710 3145 iecisse
732 3106 797 3146 curn
821 3107 940 3147 ornnem
962 3092 1039 3147 huno
1090 3091 1195 3146 dinrisi.
1214 3113 1227 3142 n
1240 3090 1349 3156 Quibus
1361 3106 1394 3145 er
1409 3090 1501 3147 verbis
1515 3093 1593 3160 patet
1605 3090 1681 3145 hunc
1695 3089 1831 3145 clericum
1845 3105 1907 3145 non

218 3188 315 3240 sctum
335 3185 439 3256 populo
462 3182 668 3239 insinuandum
687 3185 843 3256 judicarit3
860 3185 976 3241 ditllcile
996 3191 1038 3240 ast
1088 3185 1154 3239 deta
1174 3201 1292 3256 operae
1316 3184 1447 3242 Cornelio
1468 3183 1587 3239 missum
1607 3183 1703 3254 tuisse,
1724 3183 1774 3239 sad
1796 3183 1904 3256 potins,

218 3293 287 3332 sane
303 3283 334 3332 ut
348 3277 527 3334 confessores
545 3277 594 3350 qui
609 3278 715 3332 multos
728 3279 897 3334 auctoritate
910 3295 960 3333 sua
973 3279 1035 3334 abs·
1088 3293 1163 3344 cum,
1179 3277 1312 3350 perfectis
1333 3277 1417 3332 rebus
1438 3291 1558 3348 quarum
1581 3292 1665 3332 causa
1684 3281 1812 3344 venerat,
1828 3276 1905 3334 radi·

217 3374 375 3438 traxerant,
396 3371 487 3426 nullos
506 3371 536 3425 in
560 3370 706 3426 redeundo
724 3371 817 3427 socios
833 3375 862 3426 et
881 3371 1037 3428 imitatores
1087 3373 1142 3440 ret,
1156 3376 1285 3427 sanctum
1298 3371 1463 3426 Pontificem
1473 3370 1566 3426 oblata
1577 3369 1725 3426 occasione
1737 3387 1820 3426 usum
1828 3386 1904 3428 csse.

217 3464 370 3520 haherent.
386 3463 507 3520 Cornelii
521 3464 609 3520 verba
619 3481 675 3519 non
683 3466 765 3522 aliter
780 3465 984 3537 interpretatus
996 3470 1038 3522 cst
1087 3465 1157 3519 Hinc
1166 3465 1226 3536 jam
1241 3465 1267 3520 ei
1283 3465 1486 3536 perferendam
1500 3463 1650 3535 epistolam
1667 3464 1784 3520 dederat
1796 3465 1832 3520 de
1848 3481 1903 3520 no-

216 3559 399 3630 Cyprianus:
419 3579 430 3609 s
452 3559 563 3622 Quanto
585 3559 676 3630 majus
698 3561 740 3614 est
762 3559 910 3631 gaudium,
931 3559 1035 3632 inquit,
1086 3557 1127 3613 ris
1139 3557 1322 3614 tentamentis
1336 3559 1493 3627 Novatiani,
1509 3558 1559 3613 sed
1572 3558 1690 3613 minime
1703 3559 1901 3631 necessariam,

215 3652 309 3724 (epist.
330 3653 385 3722 tl),
412 3658 442 3707 et
463 3653 493 3707 in
514 3651 598 3706 terris
620 3652 730 3724 pariter
751 3655 780 3708 ct
802 3653 831 3708 in
858 3655 927 3710 coelo
952 3670 1037 3726 snper
1085 3658 1135 3708 aut
1156 3669 1220 3725 quse
1242 3652 1376 3708 clericum
1399 3652 1474 3708 mitti
1499 3652 1665 3724 postularet,
1679 3653 1818 3724 siquidem
1836 3653 1902 3724 jam

216 3745 425 3801 consessoribus
439 3745 474 3800 ed
498 3745 651 3800 Ecclesiam
674 3747 725 3802 Dei
745 3762 810 3802 cram
833 3747 924 3818 gloria
943 3763 993 3802 sua
1008 3753 1037 3804 ct
1086 3745 1187 3801 missus
1202 3763 1234 3802 ca
1250 3746 1284 3802 de
1298 3745 1605 3818 reluerathugendus
1621 3745 1836 3814 carlomannos
1850 3765 1903 3804 ne-

217 3853 284 3896 cum
306 3840 390 3894 laude
408 3838 605 3908 redeuntibus,
626 3844 655 3894 at
674 3839 812 3896 redeundi
834 3841 907 3896 viam
928 3841 1036 3897 caelans
1085 3856 1162 3896 cesse
1176 3844 1238 3896 erat
1258 3839 1344 3896 alium
1366 3846 1467 3912 postca
1487 3839 1601 3896 mittere
1613 3839 1664 3912 qui
1684 3840 1762 3896 idem
1783 3841 1901 3898 nuntia·

217 3932 340 4006 exempli
356 3932 464 3988 suitide
479 3937 508 3989 et
521 3933 690 4005 probatione
700 3933 868 3990 iacientibus
880 3935 887 3988 l
900 3934 1034 3991 llicenim
1085 3937 1138 3990 rat.
1153 3935 1249 4002 Porro,
1263 3935 1288 3990 si
1308 3933 1331 3990 is
1346 3939 1389 3989 est
1409 3933 1584 4006 Nicephorns
1602 3934 1752 4006 acolythus
1768 3935 1901 4007 quicum

216 4028 356 4101 quosdam
373 4027 477 4084 iratres
493 4032 604 4084 nostros
617 4042 699 4083 error
715 4029 874 4097 induxerat,
892 4029 966 4101 quod
982 4028 1034 4085 sihi
1083 4028 1180 4084 Nettio
1195 4028 1277 4100 epist.
1293 4029 1328 4083 42
1343 4027 1478 4100 Cypriani
1494 4027 1622 4099 pertulit,
1639 4028 1743 4084 trustra
1755 4027 1831 4084 illius
1850 4045 1900 4086 ra·

215 4121 507 4178 communicationem
531 4121 724 4177 confessorum
753 4121 833 4194 sequi
858 4122 1032 4180 riderentur.
1084 4121 1206 4177 ditusad
1219 4138 1346 4178 mensem
1362 4122 1550 4178 novembrem
1566 4121 1902 4178 differtur.l’arvirelert

218 4215 280 4281 Quo
293 4231 389 4271 errore
405 4215 527 4284 sublato,
542 4215 592 4270 lux
614 4215 744 4270 omnium
766 4216 928 4287 pectoribus
941 4217 1034 4272 inlusa
1083 4216 1158 4287 qood
1173 4217 1202 4272 in
1218 4216 1321 4271 litteris
1334 4216 1456 4274 Cornelii
1470 4216 1547 4271 nulla
1564 4216 1613 4273 ilat
1626 4216 1732 4272 mentio
1751 4215 1787 4272 de
1802 4216 1900 4273 llettio

215 4312 267 4377 est,
284 4312 313 4364 et
327 4307 451 4364 Ecclesia
460 4307 598 4363 catholica
610 4323 663 4364 uec
676 4308 766 4364 scindi
782 4326 834 4364 nec
847 4309 935 4364 dividi
949 4325 1032 4380 posse
1083 4310 1266 4378 subdiacono,
1281 4325 1406 4382 quocum
1415 4309 1900 4384 Nicephorueacolythusproieotus

217 4407 374 4458 monstrata
389 4406 440 4456 est.
455 4422 469 4452 u
487 4402 567 4457 Unde
589 4403 694 4456 mirum
714 4402 825 4459 videtur
845 4419 896 4458 our
915 4403 1030 4475 Cypria·
1082 4404 1176 4460 lueret
1191 4405 1363 4476 Carthagine
1377 4423 1385 4460 τ
1401 4420 1467 4460 nam
1482 4403 1612 4461 similiter
1624 4405 1746 4474 Mettius,
1760 4408 1792 4462 ut
1810 4422 1901 4478 supra

214 4512 285 4552 nram
312 4495 509 4551 Tillemontius
530 4495 565 4550 de
587 4495 653 4550 solis
675 4495 885 4551 confessoribus
905 4497 1203 4571 locutumDridimus
1228 4499 1257 4554 in
1281 4497 1364 4570 epist.
1391 4501 1435 4567 5³,
1464 4499 1539 4554 solus
1568 4499 1742 4569 nominatur,
1767 4500 1900 4572 quamvis

216 4589 370 4645 existimet.
384 4585 452 4644 Tota
466 4603 511 4643 res
523 4587 559 4644 ab
579 4587 681 4644 eodem
705 4590 817 4645 eruditu
840 4590 973 4663 scriptore
991 4591 1031 4646 sic
1081 4593 1172 4648 socius
1188 4593 1213 4648 ei
1228 4593 1378 4665 adjunctus
1388 4597 1462 4648 essct
1475 4593 1658 4664 Nicephorus.

173 4687 193 4708 “
213 4687 357 4748 narratur,
374 4682 452 4754 quasi
474 4697 532 4738 uno
547 4687 576 4738 ct
589 4683 690 4738 codem
712 4682 759 4738 die
779 4687 921 4740 transacta
936 4685 1028 4740 tuerit.
1115 4686 1196 4752 Quod
1211 4691 1319 4760 spectat
1331 4686 1366 4741 ad
1377 4685 1526 4743 concilium
1541 4689 1714 4755 Romanurn,
1724 4687 1817 4743 reditu
1830 4703 1900 4746 con·

213 4779 269 4835 Sed
284 4782 382 4834 tamen
397 4793 432 4832 ex
445 4776 490 4832 his
502 4777 625 4833 Cornelii
638 4777 739 4848 verbis,
751 4797 766 4827 «
782 4778 934 4834 adfuerunt
944 4780 1030 4834 etiam
1079 4779 1217 4836 fessorum
1234 4783 1353 4837 omnino
1368 4781 1510 4852 posterius
1523 4780 1644 4837 videtur.
1656 4781 1769 4838 Nullum
1781 4797 1899 4854 prorsus

213 4871 338 4943 episcopi
353 4871 491 4943 qrrirrque,
505 4870 553 4942 qui
570 4875 598 4926 et
611 4871 695 4926 hodie
713 4875 868 4943 praesentes
883 4871 1029 4943 luerunt‚»
1080 4875 1166 4947 hrrjus
1180 4875 1294 4931 concilii
1309 4875 1463 4946 vestigium
1477 4875 1506 4930 in
1519 4875 1622 4931 litteris
1636 4875 1756 4931 Romam
1770 4879 1819 4930 ant
1831 4877 1901 4932 Car-

213 4965 285 5020 dnos
299 4966 359 5019 dias
374 4964 536 5034 insumptus
551 4965 638 5020 irrisae
654 4967 742 5035 patet,
757 4980 879 5037 quorum
893 4966 974 5038 prior
984 4967 1029 5023 de·
1080 4969 1225 5040 tbaginem
1239 4969 1333 5026 missis
1346 4970 1420 5026 intra
1432 4968 1502 5024 illud
1522 4975 1635 5041 tempus
1647 4968 1754 5042 quoda
1771 4971 1900 5028 Cornelii

213 5057 411 5112 liberationem
434 5056 534 5112 habuit
557 5055 594 5112 de
617 5058 792 5130 recipiendis
811 5059 1028 5130 confessoribus,
1080 5063 1260 5119 ordinatione
1281 5064 1316 5119 ad
1342 5064 1466 5120 reditum
1490 5063 1683 5119 confessorum
1706 5063 1826 5120 attlnrit.
1846 5065 1901 5121 Le·

212 5151 348 5223 postridie
363 5167 428 5206 vero
448 5151 578 5206 absoluta
593 5156 621 5206 et
644 5151 781 5223 perfecta,
795 5169 902 5226 magno
924 5155 1027 5210 irater·
1079 5156 1138 5230 gali
1151 5157 1302 5213 Caldonius
1314 5163 1343 5214 et
1357 5158 1536 5226 Fortunatus,
1547 5156 1596 5229 qui
1612 5157 1815 5228 Carthaginem
1831 5164 1900 5230 post

212 5244 307 5300 nitatis
320 5260 469 5312 concursu,
481 5261 546 5316 qum
560 5244 653 5316 pridie
666 5247 820 5303 constituta
835 5248 958 5304 tuerent.
1078 5250 1223 5306 Noratiani
1239 5251 1451 5308 ordinationem
1464 5251 1585 5320 rediere,
1598 5267 1653 5308 non
1668 5251 1793 5324 amplius
1806 5269 1899 5324 quam

248 5339 391 5410 insignem
407 5339 485 5393 hunc
504 5340 637 5394 arentum
651 5339 848 5396 Tillemontius
861 5348 890 5397 et
910 5343 1026 5400 Paarso·
1077 5344 1219 5400 sexdecim
1236 5345 1435 5418 episcoporum
1448 5346 1556 5401 litteras
1570 5345 1811 5412 attulerunt.0uis
1826 5363 1899 5420 crgo

210 5431 276 5490 nius
288 5431 324 5488 ad
339 5447 466 5489 mensem
490 5432 680 5488 Nouembrem
695 5433 781 5506 hujus
795 5435 864 5490 anni
882 5439 927 5492 eor
952 5437 1025 5494 rate·
1077 5438 1175 5496 credat
1185 5440 1247 5512 jam
1262 5442 1322 5494 tum
1338 5439 1549 5496 ordinationem
1564 5440 1899 5498 Corneliiinoonciliou

210 5527 332 5584 rendum
355 5530 465 5599 putant,
488 5529 554 5598 post
573 5527 724 5583 concilium
753 5529 925 5596 Romanum,
950 5532 1027 5604 quod
1077 5533 1484 5605 episcoporumcoutirmatam
1498 5533 1899 5605 inisse,utsuspicaturlille-

209 5623 265 5680 hoc
287 5636 363 5676 anno
383 5624 431 5677 ‘tbi
449 5619 599 5677 Cornelius
622 5637 687 5676 cum
711 5623 860 5696 sexaginta
884 5625 1026 5698 episcopis
1076 5626 1221 5681 montius?
1245 5628 1385 5684 Praeterea
1408 5629 1460 5684 hoc
1489 5627 1650 5696 concilium,
1673 5630 1746 5684 testa
1771 5628 1897 5686 Eusebio

210 5716 310 5772 habuit
339 5731 437 5770 mense
464 5714 586 5782 octobri,
611 5723 642 5770 ut
667 5717 761 5787 placet
789 5717 953 5785 Penrsonio,
983 5721 1026 5776 sel
1077 5719 1136 5790 (lib.
1153 5737 1190 5788 rr,
1204 5735 1267 5792 cap.
1281 5722 1338 5792 43),
1352 5721 1476 5779 decrerit
1490 5741 1503 5772 u
1520 5723 1656 5777 Neretum
1669 5721 1787 5794 quidem
1803 5727 1831 5778 et
1844 5739 1897 5780 eos

211 5811 297 5872 etiam
320 5811 413 5868 marito
436 5809 527 5880 eitius,
544 5815 575 5865 ut
597 5809 742 5866 existimat
766 5813 974 5884 Tillemontius,
994 5830 1025 5870 eo
1077 5815 1126 5888 qui
1155 5831 1212 5870 rina
1239 5831 1305 5870 cum
1330 5817 1390 5888 ipso
1409 5831 1470 5872 sese
1491 5815 1647 5872 insolenter
1669 5817 1841 5888 extulerant,
1865 5824 1896 5878 et
