4012 6192
254 279 306 340 ees
531 273 575 333 en
592 273 704 332 ornat
733 265 760 328 a.
787 261 945 328 emortui
962 261 1113 326 acuetur
1139 217 1282 323 nermo.
1309 261 1343 321 u.
1363 295 1398 308 -
1412 260 1648 325 sacrosante.
1860 275 1903 334 aar
1972 269 1973 326 t

254 415 370 471 tescaio
384 411 434 466 liei
447 413 477 463 et
497 407 631 470 inventio,
650 402 747 476 914
767 417 818 473 per
838 416 925 472 quem
939 397 1042 454 tentati
1056 413 1073 452 a
1083 393 1259 482 Aridebunt
1270 395 1300 450 in
1314 397 1422 450 aeterna
1436 393 1532 468 915
1548 397 1652 470 secula
1664 400 1819 457 seculorum
1831 403 1904 477 imps-

256 510 315 563 lieo
335 503 441 560 inventi
456 505 523 556 sunt
543 499 631 554 alieni
650 513 667 552 a
684 497 767 567 Legis
787 493 995 561 observatione,
1012 492 1076 547 ideo
1125 493 1249 544 retorem
1269 489 1299 544 et
1315 504 1415 560 regem
1434 505 1529 545 suum.
1552 491 1656 546 Verum
1679 492 1781 564 inipso
1798 500 1905 567 passione

255 601 286 654 iu
308 604 452 652 aeternnm
477 595 533 648 lleo
562 593 593 646 in
628 591 726 646 odium
759 587 887 644 conversi
916 593 991 641 sunt.
1020 589 1076 641 lloc
1126 581 1255 652 pendens
1274 581 1303 636 io
1324 581 1413 653 liguo,
1433 582 1504 637 duas
1527 589 1624 654 partes
1645 586 1740 656 populi
1760 591 1905 660 prospiciens

256 691 355 747 odium
368 691 397 744 in
417 690 479 759 ipso
495 703 600 758 genere
621 684 786 740 Jodaeorum
809 681 946 751 scriptum
965 678 1076 734 inveni·
1126 675 1327 744 speculabatur
1345 677 1379 731 de
1395 677 1453 731 alto
1472 675 1562 748 ligno.
1579 677 1646 734 Pars
1667 680 1770 750 populi,
1787 684 1832 753 qui
1849 687 1907 741 ride·

257 801 330 851 nnus,
343 783 454 838 dicente
469 783 544 836 Isaac
555 779 591 833 de
602 776 780 832 duobussuis
792 774 866 840 siliis,
881 773 953 827 Esau
966 773 1076 842 maJ'oro
1125 774 1190 824 runt
1203 769 1322 824 virtutes
1336 768 1397 839 ejus
1416 769 1563 826 mirabiles
1585 777 1613 826 et
1633 763 1753 843 deificas,
1774 778 1906 846 patientem

258 885 285 931 et
298 877 380 931 loerch
395 876 503 930 minore
518 890 526 927 ε
542 872 623 927 Jacob
635 870 731 930 ditem,
747 870 818 922 llam
833 872 925 921 autem
944 865 1005 920 odio
1025 865 1075 918 tro·
1126 861 1206 916 illum
1229 861 1347 932 injurios
1366 862 1494 917 dolentes
1508 863 1660 934 plorabant
1678 881 1686 919 ε
1706 867 1752 923 alii
1765 883 1824 924 vero
1836 871 1907 926 iudai

257 972 314 1026 bui.
343 973 415 1025 Esau
441 983 508 1022 vero
532 965 627 1036 major
650 963 757 1034 pilosus
784 961 839 1014 luit
861 961 946 1025 totus,
972 957 1074 1028 inquit,
1125 955 1291 1024 irridentes,
1316 955 1351 1010 de
1381 956 1521 1012 arundine
1549 963 1634 1029 capot
1668 959 1728 1029 ejus
1755 963 1908 1030 quassabant,

258 1064 340 1136 quusi
356 1061 466 1118 corium
480 1060 614 1131 pilosum,
636 1057 664 1110 in
684 1056 776 1126 figura
790 1052 887 1125 populi
903 1050 1029 1122 majoris,
1046 1050 1075 1104 in
1124 1048 1357 1120 blasphemantes
1380 1055 1409 1104 at
1426 1049 1553 1104 dicentes
1568 1068 1576 1105 ε
1593 1055 1687 1119 aare,
1702 1069 1749 1107 rex
1763 1055 1909 1126 ludaeorum,

255 1157 404 1228 impietate
426 1154 592 1209 delictorum
616 1165 731 1204 snorum
754 1146 911 1202 constituti.
935 1145 969 1199 Et
991 1143 1076 1200 Jacob
1125 1141 1174 1196 ubi
1194 1145 1237 1196 est
1251 1143 1429 1212 patertunst
1441 1143 1543 1198 Veniat
1555 1149 1583 1198 et
1602 1145 1746 1200 liberatio
1764 1148 1908 1203 decruce.»

255 1249 396 1305 tuitionis
411 1251 440 1301 et
451 1247 554 1308 minor,
569 1245 598 1298 in
613 1243 705 1313 ttgura
724 1240 821 1312 populi
834 1237 1010 1306 novellioris,
1026 1236 1076 1308 qni
1125 1235 1232 1290 Exinde
1246 1236 1431 1290 exacerbatus
1444 1237 1528 1292 Pater
1550 1237 1617 1293 iecit
1637 1239 1739 1294 coelam
1758 1241 1878 1312 patelieri,
1889 1248 1911 1298 et

258 1361 291 1399 ox
308 1343 376 1398 dicti
397 1339 543 1395 audientia
559 1353 609 1408 per
624 1333 800 1390 credulitatis
820 1334 904 1388 iidem
923 1342 956 1386 ex
977 1346 1073 1403 aspre·
1124 1328 1248 1384 tonitrua
1264 1329 1340 1384 lacta
1354 1335 1433 1398 sunt,
1447 1334 1475 1385 et
1487 1331 1613 1386 tenebra
1631 1331 1838 1403 insustinibiles;
1851 1341 1911 1390 terro

258 1437 325 1492 dine
341 1433 434 1490 saecrrli
448 1433 477 1486 in
491 1430 639 1486 leuitatem
655 1443 806 1483 correersus
822 1430 865 1481 est
883 1425 920 1481 ad
931 1425 1074 1481 Christum
1124 1427 1277 1488 commoto,
1312 1422 1455 1494 patefacta
1484 1428 1552 1479 suut
1583 1425 1731 1496 sepulcra.
1762 1433 1790 1482 et
1817 1445 1911 1500 corpora

257 1531 349 1586 Deum
365 1533 394 1582 02
410 1525 457 1581 pei
471 1525 582 1580 Filium,
1124 1530 1175 1570 sua
1189 1516 1340 1586 ejecerunt
1354 1516 1419 1588 (25),
1436 1523 1464 1571 et
1482 1517 1557 1572 toras
1577 1534 1594 1572 a
1616 1533 1645 1573 se
1670 1518 1820 1588 miserunt3
1837 1523 1911 1576 velum

290 1623 348 1676 ΙΙΙΙ.
372 1621 442 1675 Ecce
467 1617 652 1690 probavimus
678 1613 964 1688 perscripturarum
987 1613 1072 1668 fidem
1123 1609 1222 1680 templi
1249 1609 1369 1664 scissum
1395 1611 1453 1680 est;
1484 1616 1514 1666 et
1537 1627 1554 1665 a
1578 1617 1659 1667 tanto
1684 1613 1795 1684 fragore
1817 1615 1871 1669 culi
1891 1620 1913 1668 et

254 1715 391 1788 populum
423 1712 566 1783 maiorem
594 1715 623 1764 et
653 1706 835 1764 vetustiorem
868 1723 929 1762 esse
959 1707 1016 1760 [leo
1042 1705 1071 1760 in
1124 1706 1207 1758 terrie
1231 1705 1440 1770 motu,omues
1462 1704 1512 1775 qui
1532 1705 1644 1760 stabant
1666 1713 1733 1762 aute
1753 1707 1913 1780 lignumalii

256 1807 354 1864 odirim
389 1819 578 1870 conversum,
614 1801 770 1858 secundum
805 1769 1261 1871 interpretationemssdolentes,
1295 1796 1344 1851 alii
1369 1813 1437 1851 sero
1465 1797 1699 1869 blasphemantes
1726 1801 1912 1868 etilludentss,

255 1899 359 1958 montis
386 1899 454 1954 Sina
480 1896 607 1964 dicentis,
628 1894 747 1951 tentatio
776 1899 884 1949 asturica
911 1897 940 1947 et
963 1891 1071 1947 odium.
1123 1890 1256 1960 prostrati
1278 1890 1307 1945 in
1326 1889 1428 1945 taciem
1449 1891 1504 1962 (26)
1519 1893 1686 1962 jacuerunt,
1707 1899 1854 1950 trementes
1865 1899 1912 1949 tsn-

257 1996 346 2066 AEque
362 1992 427 2048 Sion
450 1991 556 2046 montis
576 1990 615 2044 ita
638 1989 845 2060 interpretatur
864 1987 985 2042 tentatio
1009 2003 1074 2040 exa·
1124 1999 1212 2054 quem
1225 1984 1341 2039 mortui.
1359 1985 1437 2040 Tunc
1455 1984 1546 2040 ludaei
1567 1986 1774 2042 intellexerunt
1792 2005 1821 2042 ss
1840 1988 1912 2043 oden·

256 2085 428 2142 carbationis
446 2083 502 2156 (23)
521 2087 549 2138 et
568 2081 735 2154 speculatio.
759 2081 823 2134 llaec
844 2079 1074 2150 vero.intcrpre·
1124 2076 1198 2131 disse
1222 2079 1322 2144 Daurn,
1347 2081 1377 2132 et
1399 2079 1429 2132 iu
1452 2080 1558 2134 luctum
1578 2082 1709 2136 conversi
1729 2086 1808 2150 sont;
1829 2089 1853 2137 et
1873 2085 1913 2136 luit

256 2180 328 2236 tatio
341 2178 439 2236 latina
452 2176 522 2248 ligni
536 2176 608 2230 sacri
623 2174 786 2246 passionem
806 2172 947 2244 designat,
964 2172 1073 2228 dicente
1124 2171 1311 2226 exacerbatio.
1328 2173 1365 2226 llo
1387 2172 1465 2226 enim
1485 2177 1613 2244 tempore
1637 2191 1698 2246 quo
1719 2175 1749 2229 in
1768 2175 1841 2246 liguo
1859 2193 1911 2228 cisn-

169 2333 179 2348 .
253 2273 405 2330 &lomene
429 2271 465 2326 de
490 2269 552 2340 ipsa
574 2267 706 2340 passione
729 2265 877 2320 [lominica
897 2282 905 2320 s
929 2285 944 2314 a
967 2267 1072 2321 Contu·
1123 2263 1196 2318 tirus
1217 2264 1364 2336 pependit,
1390 2265 1451 2320 dies
1471 2266 1588 2321 luerunt
1610 2283 1786 2339 azymorum,
1806 2271 1914 2341 quisunt

253 2367 546 2423 mcliaettormeoto
564 2360 881 2430 interrogemusillum,
900 2363 932 2414 ut
951 2359 1073 2413 sciemus
1124 2357 1185 2413 dies
1208 2360 1272 2414 testi
1298 2358 1474 2414 ludaeorum.
1502 2361 1542 2414 Eo
1570 2360 1615 2416 die
1644 2365 1805 2417 metuentes
1827 2364 1913 2418 lactum

255 2457 446 2516 reverentiam
466 2456 541 2510 illius
564 2459 592 2509 at
611 2453 764 2525 probemus
786 2451 953 2524 patientiam
973 2452 1071 2524 ipsius,
1123 2468 1183 2508 esse
1207 2457 1290 2508 terra>
1313 2457 1435 2521 motum,
1454 2460 1483 2509 et
1502 2454 1564 2508 coeli
1583 2455 1742 2525 fragorem,
1763 2457 1880 2529 prostrati
1892 2458 1914 2510 in

255 2556 285 2608 et
302 2555 448 2606 tentemus
464 2563 528 2620 qua
551 2555 687 2602 ererntura
711 2550 777 2601 sunt
799 2545 839 2599 illi
858 2545 925 2616 (et).
946 2545 972 2601 Si
994 2548 1071 2600 enirn
1123 2547 1239 2612 taciem,
1263 2546 1293 2600 in
1319 2549 1396 2602 terra
1421 2547 1602 2618 plangentes,
1626 2550 1658 2602 in
1679 2550 1787 2605 luctum
1808 2549 1914 2605 conteni

253 2661 318 2700 sere
341 2643 429 2702 Filius
458 2641 506 2696 Dei
535 2647 587 2707 est,
612 2639 747 2711 suscipiet
774 2638 865 2706 illum,
889 2645 918 2692 et
941 2638 1073 2694 liberabit
1123 2641 1292 2708 suut3etiu
1313 2639 1373 2710 ipsa
1397 2657 1448 2695 sua
1468 2641 1597 2711 passione
1617 2642 1774 2715 complevit
1793 2643 1915 2716 proplrrti·

251 2753 319 2794 eum
340 2739 374 2793 de
389 2735 523 2791 manibus
543 2732 773 2802 contrariorum;
790 2735 885 2786 morte
907 2731 1073 2803 turpissime
1123 2747 1187 2786 cum
1201 2732 1308 2788 dictum
1324 2751 1331 2787 τ
1348 2735 1410 2789 «Et
1428 2739 1592 2790 convertam
1606 2735 1668 2790 dies
1687 2736 1775 2792 festos
1792 2753 1878 2791 eorum
1892 2738 1913 2788 in

250 2832 477 2888 condemnemus
493 2828 585 2882 illum.
610 2828 674 2882 llaec
696 2826 895 2897 cogitaverunt
914 2827 943 2880 at
963 2843 1074 2880 errave.
1122 2826 1242 2892 luctum,
1259 2814 1301 2881 ¹et
1326 2827 1437 2882 cantica
1460 2843 1562 2882 sorum
1588 2829 1619 2882 in
1645 2830 1881 2888 lamentationem.
1901 2851 1912 2879 o

249 2929 332 2995 runt3
362 2921 515 2980 excecavit
545 2921 608 2976 illos
641 2919 752 2975 malitia
785 2919 933 2990 ipsorum,
960 2925 988 2974 et
1013 2937 1069 2975 nou
1121 2922 1298 2987 Anteenim,
1316 2921 1912 2994 cumcaptividetentiessentiullabptone,

249 3020 452 3076 intellexerunt
484 3020 658 3071 sacramanta
684 3015 743 3070 liei.
776 3034 790 3064 n
820 3015 890 3068 Ecce
916 3017 1072 3070 tentatores
1122 3016 1254 3070 dicebant
1273 3015 1330 3070 illis
1352 3014 1520 3086 Babylonii:
1541 3016 1656 3072 Guatcte
1675 3019 1755 3074 scobis
1775 3021 1871 3076 cautim
1889 3019 1913 3070 cle

250 3113 362 3169 ledeos
390 3129 397 3166 :
427 3110 497 3166 item
523 3110 660 3180 scripturn
685 3112 758 3162 est:
789 3128 801 3158 s
829 3109 863 3164 ΕΙ
889 3109 1235 3207 tentaveruntccooticis
1259 3110 1334 3166 Stoa.
1360 3111 1395 3164 Et
1419 3110 1509 3165 ludaei
1533 3110 1725 3168 lamentantes
1747 3112 1912 3184 captivitatem

250 3209 341 3264 Deum
357 3205 386 3260 in
404 3206 466 3260 loco
487 3203 633 3275 inaquoso.
655 3223 670 3251 s
687 3201 839 3273 Speculum
859 3219 927 3258 rero
942 3203 1067 3260 altitudi-
1121 3221 1200 3262 suam
1215 3204 1347 3260 dicebant
1363 3203 1533 3274 Babyloniis,
1546 3211 1578 3260 ut
1589 3203 1730 3274 diximus,
1746 3207 1913 3264 lamentantes

249 3315 317 3357 uem
341 3297 412 3370 ligni
432 3297 567 3364 declarat,
588 3295 701 3351 dicante
727 3295 903 3352 Salomone:
925 3319 938 3348 c
963 3299 1067 3353 l’osue·
1118 3318 1148 3356 se
1165 3299 1322 3367 :Quomodo
1342 3297 1512 3354 cantabimus
1531 3301 1666 3356 cocceam
1684 3303 1794 3357 domim
1809 3305 1837 3356 to
1856 3307 1913 3356 terro

248 3395 318 3450 runt
343 3408 388 3447 me
408 3391 484 3447 relat
507 3389 664 3446 custodiam
687 3391 819 3460 pomarii,
842 3411 855 3440 o
879 3391 1010 3464 eoquod
1038 3393 1067 3447 iu
1117 3395 1230 3450 alieno?

249 3487 334 3541 horto
348 3483 376 3539 in
392 3484 471 3555 ligno
491 3482 615 3538 coritixus
629 3481 706 3538 inter
724 3483 794 3538 duos
814 3482 941 3538 latrones
957 3501 1065 3556 pepen·
1152 3489 1195 3543 tx.
1222 3488 1290 3542 Ecce
1317 3490 1461 3557 quatenos
1487 3487 1629 3558 completa
1663 3493 1707 3544 est
1738 3487 1911 3562 interpretatio

248 3581 290 3636 dit
312 3595 320 3635 ε
343 3582 372 3635 et
393 3577 429 3633 de
454 3577 604 3632 altitudine
629 3575 700 3648 ligni
730 3575 829 3631 ambos
851 3578 1015 3649 speculatur
1036 3578 1065 3633 in
1116 3581 1221 3636 montis
1239 3581 1316 3648 Sion,
1333 3581 1454 3636 tentatio
1474 3580 1703 3637 exacerbationis
1721 3589 1749 3640 et
1769 3582 1911 3656 speculatio.

247 3673 339 3744 ligura
358 3673 481 3726 duorum
506 3671 678 3742 populorum
703 3670 915 3725 malefactorum
931 3688 940 3740 3
962 3671 1065 3727 Gentes
1115 3675 1193 3731 Unda
1221 3673 1406 3728 maaiiestum
1432 3675 1476 3728 est
1500 3678 1628 3729 montem
1665 3675 1735 3731 Sion
1764 3677 1831 3748 ligni
1853 3674 1911 3730 sarri
1972 3731 1973 3740 ,

247 3769 277 3823 in
293 3765 389 3822 socordi
406 3767 480 3820 mala
501 3766 571 3820 fucta
583 3765 722 3836 jacentes,
737 3763 889 3820 ettudaos
902 3765 1063 3822 intertecto-
1114 3785 1239 3841 regnum
1262 3783 1321 3823 esse
1351 3767 1380 3822 in
1412 3767 1561 3822 sanctitate
1585 3769 1793 3842 justificatum,
1818 3771 1912 3826 dicente

248 3861 523 3933 resprophetarum.
543 3858 575 3913 lli
591 3860 724 3913 suintduo
738 3858 836 3930 populi
852 3859 1061 3927 malefactores;
1115 3861 1200 3919 David
1224 3879 1232 3917 :
1255 3863 1424 3918 annuntiate
1447 3877 1558 3931 repausa
1580 3865 1632 3918 Dei
1654 3867 1685 3918 in
1710 3865 1838 3934 pentibus,
1858 3865 1911 3933 quic

248 3971 371 4028 quorum
387 3954 510 4025 ligurem
525 3952 553 4007 in
568 3967 596 4006 se
611 3953 767 4023 portabant
782 3953 839 4007 diro
851 3953 975 4009 latrones
990 3954 1064 4010 inter
1113 3959 1243 4015 Dominus
1254 3957 1408 4027 repoootto
1422 3956 1505 4024 liparo,
1520 3961 1546 4011 et
1559 3959 1691 4013 transicit
1705 3961 1735 4013 s'n
1747 3959 1868 4030 pratibus.
1881 3957 1911 4010 lte

248 4066 319 4122 quos
335 4047 470 4120 pependit
487 4048 635 4100 innocens.
650 4047 728 4101 Unus
742 4047 961 4118 blasphemabat
971 4065 979 4115 ;
993 4049 1063 4104 elius
1113 4067 1171 4124 qno
1185 4067 1275 4122 regno
1293 4051 1364 4121 ligni
1389 4050 1491 4120 regalis
1509 4050 1585 4105 idem
1609 4053 1754 4124 propbeta
1767 4053 1849 4108 dicit:
1865 4051 1910 4116 Epo

246 4159 312 4198 raro
323 4142 468 4196 coniessns
481 4145 524 4195 est
543 4138 609 4210 quia
623 4137 761 4194 innocens
779 4139 914 4212 injuriam
935 4142 1061 4212 patieba·
1112 4151 1203 4203 autem
1217 4147 1380 4201 constitutus
1392 4159 1452 4198 sum
1464 4159 1513 4198 rec
1530 4144 1565 4198 ob
1583 4159 1612 4200 eo
1625 4161 1709 4218 super
1730 4149 1794 4206 Sion
1813 4151 1909 4202 ocoatcn

246 4239 302 4291 tur.
316 4237 504 4290 lesusautem
516 4233 614 4288 ambos
633 4232 834 4302 speculabatur
847 4234 884 4289 de
903 4233 983 4306 liguo
996 4253 1060 4308 spe·
1110 4245 1235 4298 sanctum
1255 4239 1311 4308 ejus
1332 4239 1501 4294 annuntians
1520 4241 1664 4310 imparium
1683 4241 1751 4310 ejus.
1769 4239 1842 4306 Ouod
1862 4239 1908 4292 dic·

246 4327 397 4396 colatorio,
420 4326 617 4398 blasphemum
643 4328 674 4380 et
692 4325 901 4397 confessorem,
921 4330 1062 4386 contesso-
1111 4339 1172 4390 tum
1203 4331 1401 4405 propheticum
1432 4347 1483 4403 per
1507 4331 1644 4388 Pontium
1671 4333 1799 4390 Pilatum
1822 4332 1849 4388 in
1871 4345 1909 4384 sua

246 4437 306 4478 rem
331 4421 449 4477 salvarit
475 4422 504 4476 et
528 4419 728 4492 blasphemum
756 4419 891 4492 perdidit,
917 4423 1000 4480 sicuti
1026 4425 1060 4480 de
1112 4427 1241 4501 passione
1274 4425 1400 4498 pendens
1437 4425 1466 4480 in
1503 4425 1580 4498 liguo
1613 4429 1779 4500 complevit.
1810 4425 1908 4482 Pontius

245 4516 358 4572 duobus
372 4515 482 4586 populis
497 4511 575 4570 tecit.
1071 4501 1230 4592 DPilatus,
1252 4520 1377 4593 impulsa
1401 4523 1498 4575 merite
1524 4519 1580 4592 (27)
1602 4537 1618 4574 a
1648 4521 1725 4590 Deo,
1751 4521 1854 4593 accepit
1875 4521 1908 4571 ta·

281 4611 347 4671 (ΙΙΙ.
369 4611 569 4665 Persecutores
582 4606 722 4676 derelicti,
739 4608 787 4680 qui
807 4603 835 4664 in
856 4615 970 4666 aeternae
985 4627 1060 4667 mor·
1111 4617 1220 4684 berlum,
1239 4618 1268 4670 et
1280 4614 1395 4669 titulum
1411 4615 1523 4686 scripsit
1537 4614 1628 4669 tribus
1648 4616 1766 4688 linguis,
1783 4613 1907 4678 Hebraico,

243 4704 280 4760 tls
292 4701 432 4758 sententia
447 4702 500 4757 sibi
517 4717 574 4758 non
595 4699 781 4770 crediderint,
800 4701 823 4757 si
845 4703 885 4758 sic
903 4704 939 4760 de
959 4707 1062 4762 soeculo
1111 4711 1205 4767 Graece
1228 4713 1257 4766 et
1277 4709 1398 4764 Latina:
1419 4711 1494 4764 tesca
1508 4710 1667 4765 Nazareaas
1686 4725 1737 4766 rear
1755 4710 1906 4770 iudeorum

244 4797 377 4867 exierint,
394 4795 516 4868 perient.
540 4797 645 4853 Gentes
667 4811 733 4852 raro
756 4797 790 4852 ad
814 4814 843 4854 se
862 4815 1009 4856 conversas
1028 4801 1060 4856 ti·
1112 4811 1141 4862 et
1153 4805 1184 4860 in
1198 4803 1290 4876 capite
1302 4801 1374 4876 ligni
1390 4802 1476 4858 clavis
1494 4803 1623 4858 tabulam
1639 4819 1706 4859 cum
1721 4804 1834 4860 nomine
1845 4798 1906 4872 repis

243 4890 310 4948 dem
335 4888 389 4946 sibi
417 4889 558 4947 babentes
584 4888 651 4962 quia
675 4889 760 4946 Filius
788 4891 838 4948 Dei
868 4898 920 4962 est,
949 4895 1061 4951 salvata
1109 4900 1274 4958 iudeorum
1287 4897 1424 4955 contlxit:
1441 4903 1470 4956 et
1484 4902 1552 4954 tunc
1565 4897 1761 4956 manifestarit
1778 4891 1904 4973 propinati·

942 5051 1117 5126 lariorum
1131 5062 1227 5124 notas.

272 5167 322 5233 (23)
349 5165 463 5221 recitatio
491 5164 709 5223 sarculationis.
739 5169 857 5226 Videtur
886 5189 956 5230 sono
980 5181 1057 5234 vocis
1106 5184 1212 5234 mant:
1241 5185 1265 5232 ct
1294 5191 1409 5243 corporo
1436 5193 1455 5228 o
1478 5175 1572 5242 seipso,
1599 5189 1649 5242 pro
1678 5189 1735 5242 quo
1767 5187 1821 5226 non
1845 5167 1904 5220 male

242 5250 445 5313 deprecamur
460 5249 600 5301 derivasse
614 5251 733 5314 scriptor
750 5250 796 5303 hic
815 5265 898 5306 sunm
917 5257 1057 5326 interpne-
1107 5255 1212 5305 Manat.
1243 5266 1308 5304 curn
1337 5251 1398 5302 eltis
1427 5263 1506 5314 mss,
1529 5253 1554 5298 st
1581 5261 1697 5314 corporo
1725 5247 1799 5311 soros
1823 5241 1904 5293 emisit.
1972 5295 1973 5314 ¹

240 5331 404 5380 sementum.
420 5329 515 5380 Oxou.
1106 5325 1217 5376 Persen.

272 5397 499 5462 (mmmmm
514 5413 574 5465 pu·
586 5405 709 5452 mentera
723 5403 849 5455 sonetur.
863 5405 1056 5464 Iterumistud
1136 5397 1185 5462 (26)
1207 5397 1341 5448 Prostrots'
1365 5395 1392 5442 s'n
1411 5393 1513 5456 [ariera.
1535 5391 1597 5444 Hoc
1621 5391 1713 5444 babeo
1739 5404 1772 5442 ex
1790 5383 1904 5440 omnibus
1972 5351 1973 5408 Ῑ

238 5483 274 5522 ex
287 5467 435 5521 Cambron.
456 5472 518 5522 cod.
537 5485 587 5536 pro
611 5486 669 5537 quas
681 5479 795 5525 oraturo
816 5483 896 5542 srcot‚·
917 5485 959 5532 est
980 5483 1054 5535 enim
1104 5481 1169 5520 mss.
1186 5481 1234 5533 pro
1250 5467 1379 5532 prostrati
1395 5464 1424 5514 io
1438 5465 1514 5528 [ocis.
1530 5463 1640 5515 Pauus.

238 5541 564 5606 discrepaturae
583 5543 607 5592 ἐν
626 5543 731 5594 lateras.
750 5547 888 5602 omittunt
904 5565 969 5605 vero
986 5569 1052 5606 mss.
1135 5541 1185 5604 (37(
1213 5540 1322 5591 Pontias
1343 5537 1448 5589 Pilutus
1475 5537 1591 5604 impulso
1617 5539 1709 5586 menta
1735 5534 1804 5586 Cum
1826 5527 1902 5581 codex
1972 5555 1973 5588 r

237 5612 410 5676 voculamet,
425 5614 591 5678 paulopost.
1103 5611 1250 5664 Remboldi
1274 5611 1443 5676 negligentia
1461 5622 1608 5673 operarum
1632 5607 1747 5659 haberet
1769 5599 1901 5665 inpolluta
1972 5639 1973 5644 κ

269 5685 316 5750 (25)
335 5685 368 5736 ΕΙ
388 5699 503 5749 corpora
528 5699 578 5738 seso
600 5688 729 5751 ejecerunt
748 5693 773 5739 et
796 5689 869 5754 soros
889 5709 906 5744 o
927 5710 954 5746 es
977 5699 1053 5749 oriae·
1103 5697 1159 5734 ¹¹0ss
1176 5679 1752 5747 111210tfllt⁰³¹¹st⁰¹0⁰1¹l⁰⁰lul⁸Efflffllsss
1767 5669 1900 5742 ''illm-At
1972 5733 1973 5740 ,

236 5761 308 5807 ruat.
337 5757 443 5808 Locum
468 5757 598 5808 mutilum
623 5760 664 5811 sic
691 5763 882 5826 supplevimus
905 5780 939 5818 ex
970 5769 1053 5821 Cam·
1102 5753 1340 5820 itlodgsnuinnus
1352 5753 1528 5808 mmm·

237 5825 315 5881 bron.
347 5831 375 5881 et
405 5826 522 5882 Ceuchtl
551 5828 631 5883 codd.
662 5830 774 5899 Vulgari
807 5834 948 5892 habebunt
979 5839 1051 5894 dun·
1163 5867 1165 5872 ·
