3978 6204
269 261 315 316 ast
717 257 743 310 S.
764 257 924 314 citttttttt
944 257 1081 312 uittttt
1104 254 1188 314 etus
1208 255 1230 312 tt
1263 285 1296 296 -
1315 255 1496 314 onustati.
1884 263 1931 316 sat

266 389 356 438 autem
373 383 468 438 volunt
481 381 577 436 diuites
595 383 663 450 iteri,
677 383 801 435 ineiduni
813 385 841 435 in
858 382 1033 436 tentationem
1054 387 1078 436 ot
1090 394 1119 466 Α
1131 387 1173 436 tes
1199 387 1227 436 ot
1247 385 1396 453 parcentes
1407 383 1430 416 ⁵⁸
1452 382 1537 436 bomo
1556 380 1604 435 liei
1631 381 1753 452 pascitur
1776 383 1863 452 (ilum,
1878 400 1930 452 ιιι,

267 476 445 546 muscipulam
472 480 497 528 et
523 475 655 529 desiderio
689 475 777 528 macltu
805 481 829 528 ei
856 477 990 540 nocentia,
1019 489 1079 543 quae
1129 477 1184 546 30).
1204 477 1247 532 Sic
1262 476 1347 530 ulitur
1360 475 1449 530 Helias
1468 475 1497 528 in
1509 474 1595 545 luga3
1613 477 1642 528 et
1656 475 1685 528 in
1701 475 1851 531 solitudine
1875 494 1930 532 cor·

268 574 394 638 mcrpnnt
415 569 548 624 bominem
577 571 605 622 in
634 569 810 638 perditionem
830 575 855 624 et
874 571 903 622 in
928 571 1078 624 interitum.
1127 569 1169 624 vis
1184 569 1420 636 ministrantibus,
1437 567 1808 626 etrolncribuscibumsibi
1834 588 1931 642 appor-

267 663 359 720 iiudin
377 663 448 716 enim
467 665 587 718 omnium
607 663 738 718 mulorum
763 665 801 716 cst
820 663 974 732 cupiditasc
997 677 1080 731 quom
1130 664 1265 730 lantibus,
1278 664 1309 718 in
1324 661 1523 733 persecutione
1537 661 1662 716 nutritur
1674 663 1721 733 (iil
1733 665 1807 732 tica„
1821 680 1881 732 ιιιι,
1897 665 1930 733 0).

266 756 378 826 quidum
391 761 556 826 appetentes,
571 759 839 826 nccufrupuueruniu
856 757 909 826 fide
922 761 946 810 ei
957 757 1078 811 inscruc-
1131 760 1233 830 ttqtte,
1254 772 1271 811 ο
1296 757 1429 812 humanm
1451 755 1566 811 malitie
1584 755 1750 812 detestanda
1774 757 1930 814 crudciiiust

208 887 210 895 ·
265 855 330 904 runt
342 863 369 905 ae
382 849 520 905 doloribus
531 851 625 906 metitis
640 850 659 921 (t
682 853 761 918 iim,
779 848 918 920 v1,7·t0).
1130 850 1196 906 ierae
1210 855 1339 922 parcunt,
1359 863 1424 906 aves
1439 853 1570 922 pascunt,
1584 855 1614 906 at
1627 850 1759 906 homines
1773 849 1932 910 insidiantur

302 943 464 999 titillasset
493 960 550 998 uon
573 947 686 999 tantum
715 942 949 1010 contemnendus,
977 943 1028 998 sed
1052 949 1081 998 et
1130 943 1301 999 etsaeviunt.

268 1036 439 1107 periculosas
454 1053 517 1094 esse
542 1037 664 1100 divitius,
688 1037 744 1094 ittic
767 1054 828 1093 esse
847 1037 972 1092 radicem
991 1037 1078 1092 mato·
1165 1037 1242 1091 titt.
1268 1035 1427 1104 Posthac,
1452 1038 1480 1092 et
1502 1051 1552 1106 pro
1576 1036 1697 1107 peccatis
1718 1035 1822 1090 uostris
1842 1037 1931 1108 depre·

267 1145 331 1186 rum
351 1130 559 1187 blandientium
581 1133 615 1200 ⁵¹,
635 1129 793 1186 caecitatem
820 1130 925 1186 mentis
943 1131 1079 1186 bumana
1130 1146 1227 1186 caman
1241 1130 1385 1186 dieentes:
1402 1131 1438 1186 Er
1453 1144 1565 1184 ιιιιιιπι
1576 1129 1599 1164 ⁵⁸
1613 1144 1692 1185 nonis
1711 1129 1871 1200 (titinium
1883 1131 1932 1202 (ii)

184 1247 189 1258 ·
268 1226 378 1280 occulta
388 1225 553 1296 deceptione
566 1225 739 1280 fallentium.
756 1225 834 1280 Unde
845 1223 997 1280 etdiritem
1010 1227 1078 1281 stul·
1129 1241 1232 1280 uosrnt
1247 1239 1366 1278 stetisset
1386 1239 1436 1278 uos
1451 1237 1615 1279 nuutrrnms
1635 1239 1810 1280 nmtromaus
1822 1240 1930 1280 nosram.

268 1323 328 1372 tum
338 1319 487 1374 saeculares
495 1319 591 1391 copias
600 1319 772 1388 cogitantem
782 1322 809 1373 et
817 1335 846 1374 se
858 1318 1079 1374 exuberantium
1129 1321 1195 1374 Posi
1209 1317 1368 1373 subsidium
1382 1317 1436 1372 cibi
1458 1317 1565 1388 petitur
1586 1323 1614 1374 et
1634 1317 1720 1372 venia
1732 1317 1835 1386 delicti,
1849 1325 1878 1374 ut
1889 1319 1933 1390 qui

268 1411 712 1483 sructunmlurgitateJactantcm
724 1411 1077 1484 redarguitlieusdicens:
1130 1413 1218 1466 alteo
1232 1411 1358 1482 pascitur
1377 1410 1406 1465 in
1420 1411 1478 1466 ileu
1498 1409 1581 1478 viret,
1604 1427 1658 1465 nac
1678 1415 1790 1466 unium
1812 1413 1932 1481 praeacuti

265 1505 360 1566 Stulte,
378 1505 427 1560 boc
447 1513 522 1561 scocie
543 1508 736 1576 expostulatur
755 1508 849 1562 tunimo
864 1510 922 1561 tuo.
938 1507 1003 1572 Qun
1017 1521 1079 1576 mpo
1130 1510 1159 1560 et
1183 1504 1335 1576 temporati
1357 1504 1422 1560 vitm
1443 1504 1542 1560 sedet
1563 1509 1678 1560 cetarum
1702 1505 1880 1574 consutatnr;
1901 1503 1931 1559 ad

266 1599 374 1666 porceti
384 1599 460 1668 cujus
470 1605 550 1653 munt
562 1599 650 1670 (Luc,
663 1616 710 1666 ιιι,
722 1601 766 1670 20)
777 1601 790 1654 t
803 1599 963 1655 Lmtabatur
978 1599 1080 1655 stultus
1130 1615 1219 1671 quam
1232 1598 1322 1653 veniri
1337 1601 1438 1668 potest,
1461 1597 1485 1652 si
1499 1602 1615 1668 peccata
1627 1595 1774 1652 donentur
1788 1616 1794 1651 z
1814 1613 1875 1668 qua
1886 1597 1931 1652 de·

267 1690 295 1744 in
309 1689 449 1746 tractibus
461 1691 523 1764 ipsa
538 1695 619 1748 nocte
640 1693 814 1762 moriturus3
838 1699 866 1748 et
880 1693 925 1748 oui
947 1695 1004 1748 vita
1015 1695 1078 1764 jam
1130 1691 1186 1746 bita
1203 1691 1338 1748 [lominus
1349 1689 1482 1762 appellat,
1493 1691 1566 1746 sicut
1578 1690 1608 1745 in
1624 1690 1780 1762 Evangelio
1793 1707 1841 1746 suo
1855 1691 1930 1746 dicit:

266 1784 375 1851 deerat,
397 1784 485 1840 rictus
508 1785 714 1842 abundantiam
731 1787 884 1858 cogitabat.
900 1789 1005 1842 Contra
1026 1803 1077 1842 atu·
1091 1757 1226 1842 Bitirnisi
1246 1786 1297 1840 tibi
1314 1799 1390 1840 omne
1414 1784 1545 1848 debitum,
1569 1786 1636 1854 quio
1652 1800 1695 1840 me
1709 1785 1931 1855 repostiittotti,

268 1881 326 1934 tem
350 1878 488 1932 Dominus
509 1880 668 1950 perlectum
694 1885 724 1936 et
746 1887 976 1937 consummatum
998 1882 1080 1937 docet
1129 1895 1205 1946 xviii,
1222 1879 1275 1950 52).
1291 1880 1382 1943 Οιιιιιιι
1398 1878 1552 1934 necessarie
1566 1877 1622 1949 (50)
1638 1881 1753 1948 antem,
1769 1893 1853 1950 quam
1874 1893 1930 1950 pm·

266 1969 328 2026 deri
351 1971 410 2043 qni,
436 1972 568 2028 omatibus
594 1974 653 2028 suis
682 1974 803 2030 venditis
824 1977 908 2048 atque
936 1975 965 2029 in
993 1991 1078 2030 usum
1129 1973 1260 2030 videnter
1273 1978 1300 2028 ct
1315 1972 1477 2028 salutariter
1490 1971 1679 2027 admonemur
1693 1970 1771 2042 quod
1786 1973 1932 2043 peccatores

265 2079 425 2136 pauperum
450 2066 617 2136 distributis,
645 2069 810 2124 thesaurum
835 2069 888 2123 sibi
915 2069 1024 2124 condat
1049 2069 1078 2124 in
1128 2083 1238 2137 sumus,
1256 2066 1305 2138 qui
1328 2083 1380 2138 pro
1399 2065 1519 2137 peccatis
1540 2081 1642 2136 rogare
1665 2065 1881 2137 compellimur!
1895 2069 1929 2132 ut,

267 2159 347 2214 cocio.
370 2160 441 2214 Eum
467 2159 535 2215 dicit
548 2177 631 2232 posse
650 2179 679 2218 se
701 2163 781 2234 sequi
803 2168 828 2219 et
845 2163 966 2234 gloriam
983 2163 1077 2218 Domi·
1129 2160 1197 2216 dum
1218 2159 1397 2232 indulgentia
1415 2158 1450 2214 de
1471 2161 1528 2216 lieo
1550 2158 1666 2230 petitur,
1689 2159 1930 2214 conscientiaesua

266 2253 338 2308 nicae
352 2253 489 2324 passionis
504 2255 610 2310 imitari
623 2256 683 2327 qui,
699 2255 848 2327 expeditus
864 2263 891 2311 et
907 2257 1077 2326 succinctus,
1130 2255 1244 2310 animus
1266 2253 1443 2309 recordatur.
1467 2254 1506 2308 tie
1535 2253 1597 2326 quis
1623 2251 1677 2308 sibi
1704 2253 1785 2324 quasi
1809 2252 1930 2308 innocens

265 2346 351 2402 nattis
365 2346 474 2418 laqueis
497 2349 537 2404 rei
553 2349 701 2404 familiaris
715 2349 885 2417 innutritum
903 2351 951 2406 sed
974 2350 1079 2406 solutus
1129 2347 1240 2419 placeat
1262 2347 1316 2417 tat)
1339 2350 1367 2402 et
1389 2363 1419 2402 se
1434 2346 1596 2404 extollendo
1614 2346 1679 2419 plus
1700 2349 1807 2428 pereat,
1829 2344 1930 2400 instrui-

266 2455 298 2495 ac
313 2439 385 2495 liber
399 2441 543 2498 facultates
564 2459 627 2498 suas
648 2443 684 2498 ad
707 2445 797 2499 Deum
826 2447 891 2499 ante
917 2444 1079 2515 praemissas
1129 2447 1177 2496 tur
1191 2444 1219 2495 ct
1240 2441 1488 2512 doceturpeccere
1512 2457 1542 2494 se
1567 2440 1706 2512 quotidie,
1724 2439 1794 2494 darm
1817 2437 1928 2511 quotidie

265 2533 325 2604 ipse
346 2550 460 2606 qnoque
485 2536 636 2592 comitatur
659 2537 783 2608 (ticillo,
798 2555 853 2604 ιιι,
876 2537 930 2609 at).
947 2539 987 2595 td
1001 2539 1077 2611 quod
1129 2550 1180 2606 pro
1201 2535 1323 2606 peccatis
1335 2534 1453 2605 jubetur
1467 2549 1558 2588 orara.
1578 2533 1621 2589 Sic
1641 2532 1767 2605 deniqne
1782 2537 1809 2590 et
1822 2535 1928 2589 loannes

267 2627 297 2678 ut
318 2624 405 2695 possit
421 2626 614 2697 unusquisque
638 2631 767 2682 nostrum
794 2643 895 2699 parare
916 2644 956 2695 se,
974 2628 1012 2684 sic
1035 2629 1076 2682 di·
1128 2629 1157 2683 in
1177 2629 1304 2699 Epistola
1327 2645 1377 2683 sua
1398 2632 1493 2683 monet
1516 2627 1614 2684 dicens
1634 2643 1640 2681 :
1657 2629 1690 2685 si
1708 2628 1852 2684 ἀιζτιιιίιιιιιι
1874 2627 1928 2696 puio

265 2718 325 2768 scat
348 2729 431 2768 orare
454 2716 483 2768 et
496 2713 532 2768 de
554 2715 692 2770 orationis
714 2716 777 2785 tege
790 2717 882 2788 quetis
904 2733 964 2772 esse
977 2717 1079 2773 debeat
1125 2727 1266 2793 peccatum
1287 2739 1339 2778 non
1362 2724 1499 2784 iubemus,
1521 2737 1568 2777 nos
1589 2725 1660 2793 ipsos
1672 2721 1820 2793 decipimus
1834 2722 1855 2754 ⁵⁶
1871 2719 1926 2788 (set.

266 2821 394 2862 noscere·
1018 2793 1025 2806 ⁰
1128 2823 1153 2870 ct
1169 2820 1269 2872 ueritus
1279 2819 1307 2870 in
1322 2816 1396 2872 nobis
1410 2832 1464 2870 non
1479 2821 1527 2872 est.
1539 2817 1569 2873 Si
1582 2819 1672 2871 autern
1688 2817 1803 2884 contessa·
1811 2817 1927 2883 punimus

299 2900 365 2956 xxi.
379 2902 477 2973 Neque
491 2901 566 2956 enim
580 2901 678 2958 deesse
693 2904 877 2975 qarotidianus
891 2905 969 2960 cibus
984 2910 1077 2976 potest
1126 2915 1235 2980 ριιιιιιιιι
1250 2907 1346 2982 535
1362 2915 1465 2971 nostro,
1477 2911 1597 2978 fideliset
1609 2909 1700 2976 iustus
1714 2917 1752 2965 cst
1762 2909 1928 2978 Dominmoui

265 2991 364 3068 534
377 2995 465 3067 justo,
486 3011 550 3051 cum
570 2997 705 3069 scriptum
720 2997 778 3052 sit:
799 3001 860 3054 Non
873 3000 974 3055 occidet
988 3003 1076 3056 bomi—
1127 3005 1201 3059 noln's
1211 3009 1323 3072 peccato
1343 3003 1466 3058 dimittat
1482 3005 1501 3072 (t
1518 3003 1608 3064 loon,
1626 3019 1645 3072 t,
1660 3003 1688 3073 8)
1711 3004 1742 3058 Ιιι
1755 3003 1872 3074 Epistola
1885 3015 1925 3056 suu

265 3105 317 3144 nus
329 3091 403 3156 some
418 3093 536 3146 ttttimltm
545 3091 651 3159 justum
665 3091 765 3162 (Pron,
780 3109 808 3156 x,
822 3091 866 3163 03)
878 3112 886 3158 ς
900 3097 928 3147 et
942 3094 1045 3150 iterum
1069 3116 1074 3150 ι
1129 3101 1281 3169 artuumque
1297 3097 1460 3168 complexus
1482 3102 1533 3166 est,
1558 3097 1635 3168 quud
1649 3099 1680 3151 et
1695 3113 1797 3178 rogare
1810 3113 1856 3168 pro
1867 3111 1923 3168 pcc·

263 3183 394 3240 (ιιιιιόνω
416 3186 471 3250 sui,
492 3188 518 3238 et
531 3187 623 3250 senui;
645 3193 670 3239 ct
697 3201 750 3240 uon
762 3186 821 3240 uidi
830 3188 940 3254 justum
963 3190 1075 3246 derelic·
1128 3193 1195 3247 catis
1211 3191 1374 3257 debeamus,
1389 3195 1417 3246 et
1436 3191 1624 3263 impetremus
1646 3189 1858 3262 indulgentiam
1870 3205 1923 3244 cum

266 3283 334 3339 ium,
348 3291 432 3347 neque
442 3293 529 3332 semen
549 3278 604 3346 cius
627 3293 749 3348 quarens
760 3293 860 3350 punem
884 3283 966 3352 (Psul.
985 3301 1076 3354 xxxvi,
1130 3302 1273 3358 rogamus.
1288 3284 1353 3340 ideo
1367 3289 1396 3340 et
1411 3285 1522 3340 fidelem
1537 3285 1610 3340 dixit
1623 3285 1779 3340 Dominum
1793 3285 1826 3339 ad
1841 3283 1923 3338 dimit·

264 3371 326 3438 25);
348 3370 417 3424 item
438 3369 572 3425 Dominus
595 3372 744 3442 promittet
764 3377 791 3427 et
810 3372 884 3428 dicat
901 3393 906 3428 :
921 3377 1011 3430 Nolite
1032 3394 1076 3433 co-

264 3464 353 3532 piture
376 3463 491 3518 dicentes
515 3482 523 3516 ι
547 3465 618 3531 Quid
643 3466 758 3529 edemus,
787 3471 835 3521 ciui
858 3469 924 3537 quid
948 3471 1076 3534 bibemus,

265 3561 314 3611 uui
331 3556 399 3626 qtcid
419 3559 586 3612 uestiemur?
613 3561 672 3614 ilaec
696 3561 766 3614 enim
791 3561 913 3616 notiones
938 3571 1075 3632 querunt.

263 3649 319 3708 Scit
331 3656 420 3705 nutem
434 3652 515 3706 Potor
526 3657 610 3707 uester
623 3655 689 3722 quio
703 3653 798 3708 borum
809 3657 928 3710 omnium
937 3657 1074 3728 indicetis.

264 3745 380 3811 Quaerite
403 3747 521 3814 primurn
542 3762 655 3816 repnurn
681 3749 730 3801 Dei
757 3754 781 3802 ci
800 3749 938 3818 justitium
963 3751 1029 3819 cius,
1051 3756 1077 3807 et

264 3835 318 3893 iaec
331 3839 422 3892 omnio
444 3846 616 3908 opponentur
629 3841 702 3895 vobis
717 3841 837 3911 illeille„
859 3859 895 3909 vt,
922 3844 977 3901 att.
994 3846 1074 3909 chae-

263 3931 392 3987 rentibus
413 3947 533 4004 regnum
558 3935 609 4004 (57)
631 3936 659 3987 et
675 3935 818 4006 justitiam
834 3935 882 3991 [tei
896 3939 994 3992 omnia
1009 3955 1074 4009 pro-

264 4025 352 4080 mittit
371 4027 485 4098 apponi.
512 4028 580 4080 Nam
595 4043 659 4082 cum
687 4028 736 4083 bet
752 4029 810 4084 siut
835 4030 943 4098 omnis,
958 4030 1074 4088 habenti

264 4121 352 4174 Deum
368 4120 439 4175 nibil
460 4119 560 4190 deerit,
584 4122 607 4175 si
631 4122 686 4176 [teo
709 4122 769 4193 ipse
784 4139 842 4178 non
856 4125 939 4180 desit.
963 4126 1008 4182 Sic
1022 4127 1073 4181 na-

261 4213 340 4281 nieli,
364 4214 393 4268 in
416 4214 530 4269 iconum
553 4215 616 4270 lacn
638 4214 719 4285 jussu
742 4217 819 4287 regis
844 4217 964 4286 incluso,
991 4236 1075 4291 pran-

262 4306 342 4362 dium
357 4307 491 4362 diuinitus
515 4313 694 4378 procuratur,
718 4311 746 4364 et
762 4309 837 4364 inter
856 4311 931 4367 ieras
946 4312 1074 4368 esurien-

1128 3378 1213 3436 tenda
1234 3383 1358 3450 peccata,
1379 3379 1465 3434 tidem
1489 3377 1702 3449 pollicitationis
1717 3395 1775 3434 snae
1794 3393 1922 3433 reserren-

1127 3479 1205 3543 tem3
1220 3475 1286 3544 qnia
1301 3473 1348 3544 qui
1365 3488 1446 3528 orare
1460 3489 1511 3527 nus
1526 3487 1577 3544 pro
1591 3471 1695 3528 debitis
1708 3479 1736 3529 et
1751 3473 1865 3545 peccatis
1877 3470 1921 3524 do-

1127 3567 1196 3638 cuit,
1224 3569 1373 3638 paternam
1387 3566 1607 3621 misericordiam
1633 3567 1768 3638 promisit
1782 3572 1808 3622 at
1825 3563 1921 3620 reniam

1127 3666 1298 3717 secuturam.

1162 3755 1250 3810 xxiii.
1265 3754 1401 3825 Adjunxit
1413 3755 1497 3825 plane
1511 3758 1541 3810 et
1553 3754 1665 3810 addidit
1679 3755 1784 3827 legem,
1798 3756 1867 3808 certa
1878 3764 1918 3804 uos

1126 3847 1286 3903 conditione
1308 3851 1336 3902 et
1349 3848 1499 3919 sponsione
1513 3848 1725 3919 constringens,
1754 3853 1782 3902 ut
1803 3847 1838 3900 sic
1850 3843 1918 3899 nobis

1127 3941 1231 3996 dimitti
1257 3939 1353 3996 debita
1380 3942 1554 4012 postulemus
1568 3941 1725 3996 secundum
1740 3939 1812 4013 quod
1823 3941 1861 4024 ‘et
1873 3933 1917 4007 ipsi

1126 4033 1298 4090 debitoribus
1319 4035 1420 4090 nostris
1440 4035 1618 4101 dimittimus,
1643 4035 1764 4090 scientes
1789 4027 1916 4104 impetrari

1126 4145 1183 4183 non
1198 4145 1281 4201 posse
1308 4129 1382 4200 quod
1398 4145 1450 4200 pro
1473 4129 1594 4201 peccatis
1616 4129 1750 4200 petimus,
1765 4127 1814 4182 nisi
1836 4119 1917 4192 stipsi

1125 4221 1199 4277 circa
1220 4221 1361 4278 debitores
1387 4223 1441 4295 (50)
1464 4229 1577 4278 nostros
1603 4221 1684 4294 paria
1706 4221 1858 4278 fecerimus.
1879 4213 1915 4269 ld·

1124 4315 1198 4370 circo
1212 4320 1240 4370 et
1261 4316 1316 4371 alio
1339 4316 1368 4370 in
1388 4317 1449 4372 ioco
1470 4316 1561 4372 dicit:
1583 4319 1614 4374 in
1638 4334 1695 4388 qun
1716 4309 1916 4372 mnuurunmttt'

950 4463 1056 4529 Varie
1077 4465 1246 4530 lectiones.

295 4599 597 4656 “Radicemomnium
611 4606 678 4656 Pena.
694 4607 796 4658 uorsa.
812 4607 910 4658 dodi.
946 4610 1281 4661 ”iuventutern-neco.
1299 4612 1389 4675 t,s,3.
1407 4611 1468 4663 tiu.
1485 4614 1553 4665 roes.
1588 4610 1914 4674 ⁵⁴Itourientesetruptea·

263 4677 304 4724 tes
319 4675 386 4725 rem.
405 4675 470 4725 Voss.
483 4675 507 4727 i.
522 4675 621 4736 dodi,
637 4679 661 4727 t.
695 4681 715 4710 ⁵³
734 4678 847 4728 Dimitte
860 4679 919 4729 eon.
937 4680 996 4742 t,‘.t,
1010 4681 1033 4740 ³,
1048 4683 1071 4731 t.
1086 4683 1154 4746 inp.
1170 4684 1223 4732 Ver.
1259 4681 1459 4735 ⁵⁸Seduoimus
1476 4685 1541 4734 Voss.
1558 4687 1580 4736 t.

910 4823 1023 4907 Stepb.
1047 4825 1169 4890 Baluzii
1192 4832 1289 4891 notae.

292 4957 342 5022 (47)
367 4957 545 5020 (laurentibus
566 4972 685 5023 rcpnum.
713 4956 745 5011 In
770 4961 1075 5028 codicettrsttunopc-

261 5027 348 5078 titano
361 5031 403 5079 stc
420 5029 556 5080 babetur:
572 5045 586 5078 ιι
600 5029 694 5092 Quae‘l
708 5044 823 5096 regnum
837 5033 883 5086 Dei
901 5039 928 5085 et
941 5035 1075 5098 iristitiam

262 5099 329 5160 eills.
349 5116 362 5143 n

293 5169 342 5229 titt)
355 5169 385 5219 tit
409 5171 509 5221 remitis
523 5171 608 5224 nobis.
625 5173 696 5224 Vide
718 5175 865 5226 Erasmum
883 5176 917 5226 ad
939 5178 1014 5228 huuc
1035 5179 1076 5228 to·

262 5251 326 5290 oum
343 5239 465 5291 Matthaei
476 5246 506 5293 et
516 5242 551 5294 ad
562 5248 645 5308 ceput
657 5257 687 5294 xi
699 5245 790 5297 Luem.

294 5311 343 5372 (te)
364 5311 463 5360 Deiito.
480 5313 549 5375 Qum
572 5319 665 5378 postea
687 5321 767 5367 vocat
782 5322 904 5381 peccata.
927 5318 962 5370 tit
983 5323 1075 5371 tamen

261 5384 328 5432 suut
339 5381 452 5445 qnidam
468 5384 516 5447 qut
534 5389 634 5448 putant
651 5399 711 5437 esse
726 5385 875 5438 discrimen
896 5391 966 5440 tuter
982 5389 1075 5441 debita

261 5456 289 5503 et
311 5456 433 5516 peccate,
458 5453 529 5505 iuter
550 5454 650 5507 delicta
676 5461 703 5508 et
725 5464 848 5522 peccata.
868 5458 937 5511 Vide
959 5461 1073 5512 adnota-

260 5525 350 5575 tiones
361 5523 469 5574 Erasini
483 5525 510 5574 tu
525 5523 602 5576 hunc
615 5527 707 5579 iocum
722 5530 814 5580 huces.
832 5528 903 5580 Vide
918 5531 1001 5594 paulo
1015 5535 1076 5596 post

261 5595 332 5645 circu
341 5593 474 5646 debitores.

292 5663 340 5729 (50)
366 5665 450 5726 Quom
475 5668 627 5718 massoria
653 5668 727 5720 Citat
748 5669 824 5723 hunc
847 5671 940 5723 locum
963 5677 1076 5724 sanetus

259 5737 434 5800 Augustinus
454 5735 501 5788 lib.
517 5750 547 5790 iv
562 5744 656 5790 contro
679 5739 747 5792 duos
763 5741 895 5806 iipistolus
918 5744 1075 5809 Pelopiono-

261 5821 330 5868 rum,
348 5821 408 5874 cup.
420 5809 444 5860 0.

1158 4964 1206 5024 itit)
1233 4966 1360 5016 iunones
1384 4964 1495 5030 placeat.
1524 4966 1589 5017 Post
1613 4965 1675 5016 hmo
1703 4961 1833 5014 Pometios
1852 4955 1911 5018 edja-

1126 5036 1165 5086 cit
1178 5049 1212 5086 ex
1226 5036 1322 5087 codice
1342 5036 1568 5098 camberonensi,
1583 5053 1598 5086 c
1615 5035 1685 5088 Cum
1702 5035 1828 5084 innocens
1844 5036 1910 5078 namo
1957 5071 1958 5098 ,

1125 5108 1199 5156 stt.»
1221 5104 1275 5157 Sed
1298 5107 1352 5158 boc
1373 5107 1593 5160 additamentum
1611 5121 1667 5158 uon
1683 5105 1797 5156 habetur
1815 5103 1839 5150 tu
1854 5094 1911 5148 autt-

1126 5178 1189 5242 quis
1209 5177 1388 5240 editionibus,
1402 5193 1495 5244 usque
1517 5181 1546 5231 in
1567 5179 1646 5230 tibris
1665 5177 1765 5228 uostris
1782 5168 1908 5224 vetonica

1125 5261 1182 5298 uno
1198 5248 1342 5300 Pitboeano
1356 5255 1486 5314 excepto,
1501 5263 1554 5302 nec
1565 5251 1594 5300 in
1606 5248 1704 5300 decem
1717 5242 1871 5308 anglicanis.
1882 5233 1909 5285 tit
1956 5231 1957 5323 (

1125 5324 1218 5370 temen
1233 5321 1314 5387 Angli
1327 5321 1395 5371 titud
1406 5322 1580 5372 retinuerunt
1592 5322 1621 5372 tu
1633 5319 1751 5370 editione
1767 5329 1821 5366 sua.
1836 5311 1907 5388 ttepfl·

1125 5391 1185 5440 litio
1205 5391 1245 5441 eet
1268 5391 1413 5456 cujusdam
1437 5393 1554 5442 studiosi
1576 5405 1611 5444 ex
1634 5391 1710 5442 initio
1729 5388 1803 5438 istius
1820 5375 1908 5433 libuit

1126 5461 1248 5512 (tratione
1261 5463 1408 5512 boninicu.

1156 5533 1272 5616 titilius
1291 5536 1359 5597 ipsos
1371 5533 1523 5598 decipimus.
1539 5532 1635 5586 Codex
1654 5523 1905 5590 Gratianopotituma

1124 5605 1318 5796 mli-’'ildimgi'mo
1348 5675 1484 5728 debitores.
1513 5677 1580 5728 Tres
1608 5676 1668 5728 libri
1696 5677 1796 5726 vetares
1819 5661 1905 5717 hubent

1124 5759 1283 5810 peccasses.
