4012 6192
240 254 291 322 act
359 217 363 226 ’
577 252 1530 322 aboruatacmenmamusaeterum.1.-uuuu.
1842 263 1884 323 aaa
1956 277 1957 348 ;

239 387 352 456 partem
369 381 463 438 saculi
480 397 546 437 cum
559 381 628 438 vivis
642 385 671 436 el
688 381 821 438 dantibus
842 381 1057 437 contessionem.
1069 393 1173 466 Auens
1193 377 1285 448 sedeo,
1301 381 1330 434 et
1351 377 1452 436 absum
1475 393 1552 434 nunc
1570 376 1614 432 hie
1635 377 1681 450 qui
1702 383 1761 434 unte
1778 395 1887 451 pcccave-
1956 363 1957 432 Ϊ

241 479 303 535 Non
318 475 516 532 demorerisin
531 475 960 548 erroreimpiurrvm.dmortuo
975 472 1056 545 quasi
1106 477 1183 544 runt,
1202 478 1230 529 et
1248 473 1357 530 caeteris
1376 471 1520 541 omnibus,
1539 469 1619 544 quasi
1642 471 1663 526 si
1685 474 1887 542 venumdatum

239 572 320 640 nihil,
341 570 417 643 parit
438 570 590 626 consessio.
612 570 695 626 Vivus
718 573 748 625 et
768 586 855 624 sanus
874 566 1056 624 confiteberis
1105 587 1163 626 non
1180 583 1309 641 paruam.
1324 589 1338 618 ιι

240 667 309 734 Deo,
330 669 359 720 et
382 664 551 736 gloriaberis
573 664 603 720 in
623 663 851 720 miserationibus
873 662 959 731 illius,
985 677 1056 732 quo·
1143 666 1210 718 llam
1226 662 1262 718 ad
1275 661 1458 718 Timotheum
1474 660 1599 716 secunda
1612 660 1652 730 (ιι,
1669 659 1729 732 llil:
1746 681 1759 710 ιι
1777 663 1890 720 Troianas
1956 645 1957 668 ³

241 759 319 814 niam
343 775 449 830 magna
468 757 666 814 misericordia
686 757 735 813 Dei
755 761 784 814 et
801 756 964 828 propitiatio
981 755 1057 811 iltius
1105 761 1200 812 autom
1215 756 1355 813 novitates
1369 771 1473 812 vocum
1486 753 1599 812 devita:
1615 753 1734 810 multum
1745 755 1812 810 enim
1823 757 1890 828 proli·

240 853 469 908 convertentibus
482 853 518 907 ad
530 869 571 908 se.
589 874 603 904 ιι
1105 851 1184 906 ciunt
1194 850 1230 906 ad
1242 850 1438 922 impietatem:
1448 865 1517 904 nam
1528 863 1622 904 sermo
1631 847 1801 904 eorumsicut
1807 865 1891 906 macer

276 947 347 1002 ltem
366 946 422 1002 illio
442 947 498 1017 (xx,
519 945 569 1017 tt:
589 965 602 996 ιι
618 946 709 1010 Quam
731 945 839 1000 bonum
861 946 904 998 est
925 959 974 998 cor
995 959 1054 998 rec·
1106 946 1206 1017 serpit,
1221 961 1256 1000 ex
1275 944 1378 1016 quibus
1398 948 1451 1012 est,
1465 944 1636 1016 Hymenaeus
1654 945 1681 998 et
1697 941 1815 1010 Philetus,
1827 945 1891 1016 quia

240 1043 301 1095 tum
325 1039 509 1095 manifestare
531 1037 743 1110 poenitentiumt
768 1037 815 1093 Sic
836 1036 912 1092 euim
935 1036 1055 1108 effragies
1105 1040 1223 1095 veritate
1239 1038 1417 1106 exciderunt,
1429 1034 1525 1110 836
1537 1035 1666 1092 diceutes
1680 1040 1890 1092 resurrectionem

239 1134 430 1192 voluntarium
445 1137 602 1206 peccatum.
620 1154 634 1184 ιι
1103 1133 1163 1204 jum
1175 1133 1281 1188 factam
1299 1138 1327 1188 at
1339 1131 1528 1204 quorumdam
1544 1129 1631 1186 iidem
1646 1129 1837 1186 subverterunt.
1847 1131 1890 1186 Sed

276 1229 347 1283 ltom
371 1229 401 1283 in
426 1227 540 1282 actibus
563 1225 760 1297 Apostolorum
785 1225 853 1298 (ιιιι,
880 1223 923 1296 ta)
944 1239 951 1278 :
973 1243 988 1274 ιι
1007 1223 1056 1277 Ait
1105 1227 1220 1284 firmum
1236 1227 1458 1282 fundamentum
1479 1224 1529 1280 llai
1544 1226 1601 1280 stat
1619 1223 1726 1280 babens
1742 1222 1891 1295 signaculum

241 1327 337 1378 autem
355 1321 393 1376 -ad
413 1321 494 1375 illum
514 1321 634 1374 Petrus:
655 1318 776 1374 Pecunia
793 1320 842 1374 tua
861 1319 956 1374 tecum
976 1301 1055 1374 sitin
1106 1322 1170 1379 hoc.
1190 1321 1328 1393 Cognovit
1346 1322 1419 1377 Deus
1437 1319 1486 1392 qui
1508 1321 1576 1375 sunt
1596 1318 1669 1390 ejtts,
1689 1322 1717 1373 et
1738 1318 1848 1374 discedet
1864 1319 1891 1374 ab

240 1415 410 1489 perditione,
426 1413 562 1485 quoniam
579 1412 703 1484 gratiam
724 1411 776 1466 [lei
791 1415 875 1484 putas
892 1415 921 1467 te
938 1428 989 1484 per
1004 1427 1053 1483 pe·
1105 1417 1183 1472 omni
1198 1416 1348 1488 iniquitate
1362 1413 1456 1470 omnir
1468 1413 1519 1486 qui
1532 1413 1666 1470 nominat
1678 1428 1778 1468 nomen
1791 1413 1891 1468 Domini.

240 1508 353 1565 etruriam
375 1522 457 1578 posse
477 1505 621 1578 consequi.
641 1507 702 1562 lton
723 1509 766 1560 est
786 1522 861 1576 pars,
881 1521 975 1578 nequa
996 1521 1056 1560 sora
1104 1513 1136 1567 lu
1152 1527 1258 1581 magne
1271 1515 1367 1565 anum
1381 1509 1469 1565 domo
1489 1524 1548 1564 nun
1567 1507 1662 1564 solum
1676 1511 1893 1564 svintvasaaurea

240 1602 292 1658 tihi
311 1601 341 1656 iu
355 1600 407 1655 hac
426 1600 492 1670 ilde,
508 1600 576 1671 quia
591 1616 640 1654 cur
653 1603 734 1656 tuum
753 1596 849 1672 835
864 1616 922 1655 nnn
939 1604 982 1654 est
994 1615 1054 1656 ree·
1105 1611 1133 1661 et
1153 1606 1299 1676 argentea,
1320 1603 1371 1658 sed
1391 1607 1420 1658 et
1437 1601 1536 1674 lignee
1558 1607 1586 1658 et
1609 1600 1715 1669 fictilia,
1737 1605 1765 1658 et
1783 1600 1891 1673 quaedam

240 1700 301 1751 tum
313 1694 389 1768 apud
400 1694 565 1750 [lominum.
577 1693 881 1765 ltaquepoenitentiam
893 1693 1055 1765 ageabbac
1105 1693 1265 1771 quidem'in
1285 1699 1436 1765 honorem,
1453 1695 1586 1768 quadam
1607 1698 1705 1751 autem
1723 1695 1751 1751 in
1770 1697 1894 1752 conturna-

239 1788 369 1861 nequitia
389 1794 446 1856 tua,
461 1792 491 1843 et
509 1803 628 1861 precare
650 1787 815 1855 Dominum,
830 1787 853 1842 si
871 1788 944 1842 torto
962 1763 1093 1842 remit-B
1106 1793 1185 1850 liam.
1201 1791 1230 1848 Si
1250 1791 1314 1864 quis
1329 1807 1399 1861 ergo
1419 1788 1619 1846 emendaverit
1633 1789 1669 1861 (9)
1689 1805 1717 1844 se
1735 1788 1768 1844 ab
1783 1788 1843 1856 istis,
1854 1788 1895 1842 erit

239 1887 317 1939 tatur
334 1882 385 1937 tibi
399 1882 535 1953 cogitatio
555 1881 649 1937 cordis
664 1881 716 1938 tui.
737 1883 768 1936 ln
788 1881 960 1952 obligatione
979 1879 1055 1936 euim
1105 1904 1154 1943 vas
1170 1887 1199 1942 in
1221 1887 1363 1941 honorem
1382 1882 1598 1952 sanctificatum,
1612 1889 1641 1938 et
1656 1883 1724 1938 utilc
1743 1883 1850 1938 Domino
1868 1881 1894 1934 ad

235 1975 393 2048 iniquitatis
405 1979 434 2031 et
447 1975 635 2032 amaritudine
650 1975 723 2032 tellis
735 1975 820 2032 video
837 1977 865 2030 te
881 1989 951 2032 esse.
970 1996 984 2025 ιι
1105 1981 1315 2038 omnebonum
1335 1995 1407 2050 opus
1422 1981 1564 2050 paratum.
1580 1975 1721 2033 iuvenilia
1740 1978 1827 2030 autem
1841 1974 1896 2030 desi·
1956 2021 1957 2024 ,

276 2073 345 2126 ltem
371 2070 401 2124 in
425 2069 548 2141 Epistola
571 2069 651 2126 Pauli
677 2069 745 2126 ben.
771 2069 809 2141 (8)
833 2069 868 2124 ad
893 2069 1055 2126 Corinthios
1105 2075 1276 2145 deriaiuge.
1291 2073 1405 2130 Sectam
1423 2088 1492 2128 vero
1508 2071 1664 2142 justitiam,
1685 2068 1895 2137 tidem,cba1it1·

240 2164 361 2221 mannua
385 2165 444 2236 (vn,
468 2163 508 2234 ¹0)
534 2181 541 2218 τ
564 2185 578 2214 «
597 2165 665 2228 One
685 2163 763 2219 enlm
786 2163 943 2220 secundum
966 2163 1055 2217 neum
1105 2176 1175 2236 tam,
1196 2183 1297 2241 paoem
1322 2182 1387 2222 curm
1411 2166 1456 2221 uis
1481 2165 1529 2237 qut
1552 2165 1685 2220 invocant
1710 2164 1850 2220 nominum
1868 2162 1894 2215 ιι

240 2264 282 2314 est
301 2258 422 2324 tristitia,
439 2257 636 2329 peanitentiam
659 2257 688 2314 in
706 2257 827 2312 salutem
845 2263 979 2328 operatur
998 2259 1054 2310 sta·
1105 2263 1190 2318 corde
1204 2278 1289 2334 puro.
1306 2261 1412 2316 Stultus
1433 2258 1665 2328 auterannus
1685 2256 1825 2329 disciplina
1838 2272 1897 2327 quc·

239 2352 328 2407 bilem
342 2368 349 2406 ε
364 2351 460 2408 saeculi
475 2358 571 2407 autem
584 2351 699 2407 tristitia
713 2354 837 2408 mortem
851 2354 994 2422 operatur.
1003 2371 1017 2400 ιι
1105 2357 1211 2413 stiones
1224 2355 1328 2424 devita,
1346 2354 1439 2410 sciens
1459 2353 1526 2425 quia
1546 2358 1689 2424 generant
1711 2353 1780 2408 lites.
1798 2351 1896 2406 Servum
1956 2353 1957 2418 ἶ

277 2448 347 2502 Item
367 2445 425 2500 illio
445 2445 480 2500 de
501 2446 554 2502 huc
575 2445 636 2516 ipso
659 2446 698 2516 (ιι,
722 2445 865 2515 (θ);ιι8ἰ
890 2445 934 2500 cui
957 2449 1054 2500 autem
1106 2456 1201 2506 autem
1216 2449 1328 2506 bomini
1343 2465 1402 2504 nou
1415 2451 1528 2520 oportet
1539 2446 1666 2518 litigare,
1680 2447 1727 2502 sed
1740 2448 1897 2502 mansuetum
1956 2463 1957 2520 3

241 2539 348 2612 aliquid
365 2539 500 2608 donastis,
519 2543 635 2610 etego:
652 2544 762 2594 namet
780 2555 833 2610 ego
854 2538 931 2610 quod
951 2537 1055 2594 donavi
1105 2561 1176 2612 esse,
1193 2545 1227 2600 ud
1242 2558 1343 2598 omnes
1361 2540 1521 2610 docibilem,
1537 2541 1709 2612 patientem,
1724 2527 1786 2596 curri
1802 2536 1895 2592 modes·
1956 2573 1957 2616 ,

241 2637 358 2706 propter
375 2649 425 2690 ros
444 2633 474 2688 in
494 2633 566 2688 facte
585 2632 699 2700 Christi,
720 2636 828 2689 utnon
849 2632 1053 2688 circumvenia-
1105 2637 1142 2692 tia
1162 2637 1365 2708 corripientem
1381 2649 1430 2690 eos
1448 2633 1497 2706 qui
1515 2634 1662 2700 resistunt,
1679 2649 1715 2688 ne
1735 2631 1838 2705 quaudo
1859 2629 1897 2683 det
1956 2649 1957 2662 ι

241 2743 334 2784 mura
348 2727 464 2797 Satana,
479 2727 620 2782 necerim
634 2726 772 2782 versutias
786 2726 847 2797 ejus
858 2725 1052 2798 ignor-amusan
1104 2731 1158 2787 illis
1173 2732 1247 2788 Deus
1260 2728 1455 2803 paenitentiam
1470 2728 1506 2784 ed
1519 2727 1750 2800 cognoscendam
1759 2725 1896 2788 veritatem,

276 2825 348 2879 item
364 2821 421 2878 illic
437 2823 495 2893 (ru,
511 2820 556 2893 20)
572 2843 578 2875 ι
596 2840 608 2872 ι
624 2821 722 2877 Timeo
736 2825 832 2876 atatem
847 2837 883 2875 ne
903 2821 975 2876 torte
989 2836 1054 2874 cum
1105 2831 1132 2880 et
1147 2824 1316 2896 resipiscant
1332 2823 1368 2878 de
1384 2822 1489 2878 diaboli
1502 2823 1621 2894 laqueis,
1636 2839 1654 2876 a
1667 2837 1723 2893 quo
1735 2819 1806 2891 capti
1821 2823 1898 2874 tanen·

241 2931 348 2975 tenero
363 2915 400 2972 ad
413 2932 473 2982 vos,
489 2915 594 2970 iterum
609 2915 742 2970 humiliet
756 2931 802 2970 me
819 2917 891 2970 Dens
908 2915 983 2985 apud
996 2931 1053 2982 vos,
1105 2923 1162 2987 tur,
1176 2919 1213 2973 ad
1229 2917 1317 2989 ipsius
1330 2917 1521 2973 voluntatem.
1535 2937 1549 2966 ιι

242 3015 271 3069 et
283 3012 400 3084 lugeam
421 3009 528 3066 multos
546 3025 582 3064 ex
600 3008 644 3064 hia
663 3008 713 3082 qui
728 3013 793 3064 ante
812 3014 1011 3080 peccaverunt,
1027 3013 1056 3064 et
1139 3013 1210 3068 llam
1225 3011 1255 3066 iu
1274 3009 1441 3083 Apocalypsi
1461 3011 1501 3082 (ιι,
1518 3009 1545 3080 ὅ)
1565 3026 1572 3064 :
1589 3031 1604 3060 ιι
1619 3009 1764 3066 Memento
1783 3005 1850 3063 uude
1862 3021 1897 3058 cc·

240 3123 298 3164 non
313 3107 436 3176 egemnt
447 3102 644 3175 poeniteutiam
660 3117 745 3175 super
758 3119 822 3175 quae
839 3102 1219 3211 gessertrnttor·Ccide1is,
1243 3110 1271 3160 et
1292 3121 1347 3177 age
1371 3103 1565 3176 paenitentiam
1584 3120 1591 3158 :
1611 3103 1656 3158 sin
1680 3108 1786 3170 autem,
1807 3099 1898 3155 vertiam

276 3295 347 3350 itam
365 3292 422 3348 illic
437 3294 503 3364 (ιιιι,
517 3289 544 3364 ἳ)
560 3307 567 3347 :
584 3313 598 3342 ιι
612 3289 731 3347 Praedixi
748 3295 776 3347 et
794 3289 916 3363 predico
938 3295 968 3344 ut
986 3305 1058 3362 prae-

272 3481 306 3546 (8)
323 3480 465 3543 Benedicti,
481 3480 535 3530 nisi
550 3478 680 3531 fallimur.

273 3557 309 3619 (9)
321 3554 448 3621 Vulgata,
464 3567 547 3618 quam
567 3551 718 3618 ceteroqui
738 3551 865 3617 sequitur
879 3549 934 3603 hoc
951 3551 979 3602 in
994 3548 1057 3603 loeo
1106 3549 1295 3613 amanuensis,
1312 3545 1398 3602 babet
1413 3545 1617 3600 emundaverit..

451 3899 501 3967 DE
522 3901 663 3968 TlTULO
685 3901 735 3968 Ab*
757 3895 866 3967 ΜΕΤΑ
888 3895 962 3968 SEU
985 3899 1229 3970 ARGUMENTO
1253 3899 1484 3968 SUPElthlltS
1506 3897 1709 3968 censuum.

511 4071 621 4127 CAPUT
641 4071 783 4128 PltlldUbl.
1105 4071 1154 4144 qui
1170 4070 1257 4125 libros
1276 4067 1462 4140 exscripsere,
1479 4065 1501 4120 si
1520 4064 1594 4120 torte
1613 4063 1704 4120 titulis
1724 4061 1860 4118 destitutos
1876 4053 1899 4109 li·

277 4167 296 4228 l.
310 4165 449 4237 Quoniam
465 4166 585 4226 invaluit
598 4187 670 4238 mos,
687 4171 780 4242 utqui
795 4185 871 4225 nurtc
885 4169 1056 4243 evulgantur
1105 4166 1171 4222 bros
1186 4165 1262 4236 ipsos
1277 4161 1438 4233 reperirent
1455 4159 1552 4216 titulos
1571 4175 1605 4214 ex
1624 4155 1745 4229 ingenio
1766 4163 1897 4227 apponere,

241 4269 369 4322 veterum
385 4262 450 4319 libri
464 4265 500 4320 ab
515 4281 548 4320 eo
563 4265 751 4333 illustrentur,
767 4264 815 4335 qui
834 4264 895 4319 illos
910 4264 940 4319 in
960 4264 1056 4320 lucem
1106 4275 1182 4332 soepe
1198 4257 1284 4314 etiam
1302 4258 1422 4325 veteres,
1438 4270 1508 4327 quos
1522 4254 1553 4308 hi
1567 4252 1688 4308 minime
1706 4245 1897 4322 approbassent,

241 4360 309 4430 edit,
329 4359 530 4414 consuetudini
550 4359 701 4430 obsequor,
720 4373 753 4413 ac
773 4358 866 4430 primo
885 4358 1002 4430 quidem
1021 4357 1056 4413 de
1106 4352 1267 4420 immutare,
1289 4365 1433 4422 novosque
1453 4363 1504 4420 pro
1521 4347 1610 4403 lubitu
1630 4344 1809 4400 substituere.
1827 4339 1899 4403 Onam

240 4453 323 4509 titulo
345 4453 497 4523 superioris
518 4451 654 4524 opusculi,
675 4450 767 4522 deque
789 4455 961 4523 argumento
979 4451 1056 4522 quod
1107 4448 1143 4505 ob
1163 4461 1275 4502 causam
1292 4444 1361 4500 varii
1378 4443 1533 4499 admodum
1549 4445 1616 4496 snut
1636 4440 1665 4494 in
1686 4437 1826 4495 codicibus
1839 4427 1899 4486 tituli

240 4547 270 4603 in
284 4563 317 4602 eo
338 4542 519 4618 persequitur
537 4545 612 4599 illius
635 4549 744 4614 auctor,
766 4541 1186 4621 dicam,tumeidem1)libris
1210 4539 1368 4613 pampositi,
1393 4537 1536 4594 interdum
1560 4535 1647 4590 etiam
1673 4525 1859 4605 putridissimi,
1878 4525 1898 4577 el

242 4642 378 4713 opusculo
392 4639 591 4695 annotationes
607 4638 744 4711 quasdam
766 4639 935 4710 adjungam,
952 4638 1055 4711 quibus
1107 4635 1142 4691 ab
1157 4633 1278 4690 auctoris
1291 4638 1386 4688 mente
1399 4629 1594 4687 remotissimi.

241 4753 273 4790 ea
289 4735 465 4806 explicentur
480 4735 540 4789 loca
558 4749 621 4805 quse
641 4732 813 4788 subobscura
837 4731 979 4804 aliquibus
996 4733 1055 4788 visa
1140 4730 1183 4785 tv.
1206 4728 1315 4784 Titulus
1336 4725 1432 4797 itaque
1456 4723 1544 4780 libelli
1565 4721 1650 4793 hujus
1669 4721 1695 4775 is
1718 4733 1776 4776 esse
1798 4713 1897 4774 videtur·

240 4834 317 4898 sunt,
334 4835 361 4884 ot
376 4845 417 4883 cae
436 4829 572 4884 tollantur
591 4827 793 4896 dubitationes,
815 4843 878 4899 quaa
897 4826 925 4881 in
940 4825 1055 4882 lectoria
1107 4821 1155 4896 qui
1175 4821 1303 4894 proxime
1322 4819 1460 4892 sequitur,
1476 4817 1522 4872 bic
1537 4816 1665 4871 scilicet:
1683 4834 1695 4865 ι
1714 4814 1767 4868 Per
1783 4807 1899 4882 preniten-

240 4924 368 4978 animum
384 4923 509 4993 irrepere
521 4925 645 4994 possent.
1105 4917 1175 4973 tiam
1194 4931 1276 4988 posse
1296 4913 1392 4970 omnia
1410 4915 1528 4985 peccata
1547 4909 1651 4966 dimitti
1665 4908 1693 4962 ei
1709 4907 1759 4980 qui
1774 4901 1807 4958 ad
1824 4901 1896 4955 [teum

276 5019 309 5073 ll.
330 5015 400 5072 Ecce
421 5017 515 5072 eutem
531 5015 560 5070 in
579 5015 660 5070 titulo
675 5015 747 5088 ipso,
763 5015 840 5088 quod
857 5013 993 5070 studiosis
1005 5031 1054 5071 co·
1106 5013 1165 5066 toto
1177 5009 1264 5066 corde
1278 5021 1430 5064 conversus
1440 5005 1485 5062 sit.
1501 5026 1514 5056 ιι
1527 5005 1584 5060 lloc
1595 5017 1698 5075 nempe
1712 4995 1896 5071 argumentum

239 5105 334 5164 dicum
354 5107 470 5164 lectioni
488 5108 608 5164 minime
623 5110 742 5166 assuetis
761 5109 909 5181 negotium
924 5107 1053 5164 facessat.
1105 5103 1350 5177 pertractandum,
1372 5106 1401 5157 et
1420 5100 1632 5171 Scripturatum
1652 5092 1818 5152 auctoritate
1837 5097 1896 5140 cotn-

240 5203 343 5258 l‘utare
358 5200 465 5258 scilicet
478 5203 561 5259 Tacite
575 5205 722 5275 poterunt,
738 5203 824 5258 verba
840 5203 901 5259 baec
921 5203 1055 5259 Eulcorto-
1105 5197 1285 5271 probandum
1307 5195 1432 5268 suscepit
1452 5193 1574 5266 scriptor
1593 5192 1655 5258 iste,
1675 5185 1800 5262 quisquis
1821 5181 1895 5234 isset

241 5295 279 5352 tio
298 5295 330 5350 dc
343 5297 516 5361 Paenitentia,
532 5299 582 5352 aut
600 5295 770 5368 aCypriano
790 5295 848 5369 ipso
868 5295 953 5352 luisse
968 5313 1054 5368 opus·
1105 5292 1134 5349 ld
1151 5309 1238 5364 porro
1259 5291 1364 5347 mirum
1388 5305 1446 5345 non
1468 5289 1511 5343 est
1524 5305 1532 5342 ε
1547 5285 1652 5342 atenim
1676 5289 1707 5338 ut
1727 5281 1757 5336 iu
1774 5271 1895 5374 Cypritffl

240 5389 305 5445 culo
323 5405 340 5443 a
359 5405 389 5444 se
411 5389 486 5444 edito
508 5389 670 5464 praeposita,
692 5395 741 5445 aut
762 5395 837 5446 certe
861 5389 983 5446 multum
1006 5405 1052 5446 ve·
1104 5386 1269 5455 consistam,
1290 5385 1399 5451 libello,
1420 5399 1506 5454 quem
1525 5381 1558 5437 dc
1577 5379 1714 5436 idolorum
1732 5373 1845 5431 nouitate
1861 5379 1896 5418 ιι·

239 5481 353 5541 luctatis
380 5485 409 5538 et
435 5483 608 5539 auctoritatis
635 5481 779 5540 habentia.
807 5484 878 5540 Tum
904 5499 972 5540 raro
1005 5501 1053 5541 eos
1105 5481 1228 5538 scribere
1252 5477 1462 5547 consuevimus,
1486 5491 1542 5532 nnn
1566 5471 1703 5530 absimilis
1724 5465 1817 5524 titulus
1836 5471 1896 5560 pra:

240 5581 329 5651 unget
341 5577 494 5635 verborum
508 5578 623 5634 illorum
639 5576 766 5652 syntaxis
775 5577 995 5634 valdeatotina
1007 5580 1055 5636 ab·
1103 5577 1177 5633 fixus
1201 5579 1253 5645 est,
1279 5571 1373 5648 837
1396 5573 1442 5628 bic
1463 5570 1600 5627 nimirum
1621 5584 1627 5624 :
1654 5587 1667 5621 ιι
1685 5562 1761 5630 Quod
1778 5557 1846 5615 idota
1864 5549 1895 5604 dit

239 5675 369 5731 horrens.
1104 5688 1162 5727 nou
1183 5670 1249 5740 aiut,
1273 5674 1301 5724 et
1323 5667 1400 5741 qnod
1417 5682 1468 5740 per
1482 5664 1626 5722 Christum
1646 5660 1720 5716 salus
1734 5645 1894 5751 credentibus

276 5769 321 5825 lll.
343 5770 379 5824 tt
399 5767 540 5826 levissima
562 5773 604 5824 eet
622 5768 682 5823 haec
699 5767 862 5835 difficultas;
879 5783 959 5824 error
977 5766 1053 5824 euim
1103 5766 1236 5822 demost.
1251 5785 1266 5816 ιι
1280 5763 1335 5821 Nec
1350 5761 1429 5818 valde
1444 5760 1533 5818 distat
1549 5757 1657 5832 titulus,
1669 5753 1719 5832 qui
1732 5746 1807 5809 libris
1821 5743 1892 5802 Tetti·

239 5861 269 5922 in
288 5879 493 5923 amanuensem
513 5867 555 5921 est
575 5861 764 5936 rejtcieudus;
784 5877 958 5918 consuevere
977 5861 1053 5919 enim
1103 5861 1254 5920 iconiorum
1267 5855 1456 5935 preponitur.

125 3236 126 3245 ι
240 3200 412 3258 nicationem
428 3201 458 3254 et
470 3197 689 3270 impudicitiam.
706 3217 719 3248 ιι
1107 3200 1158 3256 tibi
1173 3200 1238 3270 citu,
1255 3202 1283 3256 et
1298 3197 1499 3254 caudelabrum
1512 3198 1547 3254 de
1561 3197 1621 3254 loco
1636 3213 1689 3254 suu
1702 3195 1851 3254 movebo.»
1956 3215 1957 3250 ι
