3978 6204
194 217 198 225 “
229 257 279 312 aas
340 217 343 222 ’
683 255 710 311 s.
730 255 888 313 eteniam
908 255 1044 312 orunun
1065 253 1199 313 rsusu.
1216 282 1249 294 -
1268 255 1451 310 orriseum.
1852 261 1899 313 aaa
1967 215 1968 222 Ν

228 383 322 452 sumat
335 383 390 454 (ot)
404 385 491 436 mater
503 384 567 436 lesu
582 385 607 436 et
619 382 758 448 trilicibus
778 383 834 450 ejus
849 381 932 451 (Act,
949 398 968 450 1,
984 381 1039 452 32).
1053 385 1150 466 Atem
1171 379 1315 446 erederet,
1343 382 1371 434 et
1394 381 1508 434 caveret
1533 402 1537 434 :
1565 379 1586 433 si
1614 384 1737 449 caveret,
1762 377 1899 435 crederet.

229 479 264 534 Et
284 477 360 543 ideo,
386 475 454 546 qnia
478 473 637 530 efficacibus
660 474 790 546 precibus
813 475 950 542 orabant,
977 475 1041 530 ideo
1093 471 1256 528 Excitemus
1284 488 1337 528 nos
1370 477 1510 546 quantum
1538 489 1702 545 possumus,
1731 471 1901 528 dilectissimi

229 571 384 642 impetrare
406 583 471 624 cum
493 569 598 624 fiducia
620 573 753 639 poterant
781 569 981 642 quodcumque
1007 569 1042 622 de
1091 567 1204 636 fratres,
1222 573 1261 634 et,
1275 583 1376 623 somno
1397 567 1509 624 inertiae
1526 567 1630 623 veteris
1648 567 1778 638 abrupto,
1798 566 1834 621 ad
1854 566 1900 621 ob-

228 661 343 720 Domini
358 663 553 718 misericordia
567 662 759 734 postulabant.
1093 661 1232 716 servanda
1253 666 1282 716 ct
1304 661 1431 733 gerenda
1449 661 1564 718 Domini
1584 663 1726 734 praecepta
1747 660 1901 732 vigilemus.

264 755 350 812 xxvt
367 758 397 812 lu
418 756 499 812 nobis
511 772 579 812 vero
593 757 631 812 sic
648 757 820 812 unanimitas
835 755 976 812 diminuta
991 761 1042 826 est,
1093 755 1190 810 Simus
1206 757 1277 809 tales
1296 755 1394 826 quales
1415 771 1476 812 esse
1494 772 1545 811 nos
1564 755 1624 827 ipse
1638 753 1901 828 praecepitdicens:

228 853 262 907 ut
284 855 313 906 et
334 851 450 922 largitas
476 851 649 922 operationis
676 851 795 907 infracta
820 854 863 904 est
878 851 913 905 ⁹².
940 851 1044 906 Domoe
1094 849 1157 904 Sint
1181 849 1266 904 lumbi
1292 851 1377 904 nestri
1402 852 1514 906 accincti
1539 857 1565 905 et
1590 851 1706 906 luccrmc
1731 848 1853 903 ardentes
1876 851 1903 902 in

141 981 143 989 .
229 949 298 1002 tunc
322 949 351 1001 et
371 945 474 1000 fundos
496 945 718 1014 venumdabant,
734 953 763 1000 et
775 945 922 1000 thesauros
940 944 992 999 sibi
1015 945 1044 1000 iu
1095 944 1218 998 munibus
1231 945 1341 1010 cestria·
1360 950 1386 998 ct
1404 959 1448 1000 uos
1466 944 1565 1000 similes
1585 943 1738 998 bominibus
1753 947 1901 1012 exspectan·

230 1041 301 1096 coelo
314 1044 500 1112 reponentes,
514 1039 711 1094 distribuenda
725 1039 754 1092 in
770 1055 837 1094 usus
857 1037 1045 1109 indigentium
1096 1038 1168 1092 tibus
1191 1037 1327 1092 dominum
1349 1051 1426 1092 suum
1447 1037 1558 1108 quanda
1581 1039 1673 1092 ueniat
1700 1052 1719 1090 ιι
1741 1037 1851 1106 nuptiis,
1876 1041 1904 1090 ut

228 1133 321 1206 pretia
335 1134 477 1205 Apostolis
491 1132 657 1188 offerebant.
673 1135 706 1189 tt
727 1149 803 1186 nunc
825 1133 859 1188 de
872 1131 1046 1204 patrimonio
1096 1135 1270 1186 cumvenerit
1283 1136 1308 1187 et
1317 1133 1471 1202 pulsauerit
1482 1133 1610 1202 aperiant
1621 1134 1654 1185 ei.
1671 1132 1750 1186 Danti
1761 1131 1831 1184 soni
1844 1145 1903 1198 quos

230 1243 284 1283 nee
303 1227 428 1282 decimas
450 1227 565 1296 damus;
589 1230 619 1281 et
639 1242 704 1280 cum
726 1226 852 1281 vendere
872 1226 972 1297 jubeat
996 1229 1047 1281 Do·
1097 1225 1240 1280 aduaticos
1251 1227 1381 1280 Dominus
1393 1226 1527 1280 inuenerit
1540 1225 1687 1292 oiqitontes
1703 1223 1793 1293 (Luc,
1807 1238 1852 1290 xri,
1864 1226 1905 1278 35-

232 1321 339 1388 minus,
363 1320 485 1376 emimus
505 1322 599 1390 potius
623 1325 651 1374 ct
673 1335 822 1392 augemus.
845 1320 890 1374 Sic
914 1320 944 1374 in
967 1321 1047 1375 uobis
1098 1320 1154 1385 37).
1175 1318 1320 1375 accinctos
1343 1335 1395 1373 nos
1419 1335 1479 1374 esse
1498 1321 1621 1389 oportet,
1640 1333 1688 1382 ne,
1712 1333 1778 1372 cum
1798 1315 1905 1387 expedi·

233 1415 373 1471 emarcuit
397 1413 478 1485 vigor
496 1413 571 1482 lidoi,
594 1413 633 1468 sic
653 1413 830 1468 credentium
855 1413 942 1468 robur
967 1414 1046 1468 elan·
1098 1411 1183 1467 tionis
1206 1411 1301 1466 dies⁹⁵
1318 1413 1438 1479 venerit,
1453 1411 1608 1484 impeditos
1622 1427 1673 1466 uos
1693 1417 1723 1466 ot
1746 1409 1844 1482 520
1857 1410 1904 1464 im·

234 1507 307 1581 guit.
329 1510 363 1564 m
386 1507 490 1562 idcireo
510 1507 656 1568 Dominus,
681 1511 814 1578 tempora
837 1509 932 1562 nostra
956 1507 1047 1578 respi-
1098 1505 1211 1576 plicitos
1227 1506 1281 1577 (6⁵2)
1297 1505 1502 1578 apprehendat.
1517 1486 1621 1560 Luceat
1634 1504 1663 1559 iu
1681 1504 1766 1558 bonis
1782 1502 1906 1573 operibus

233 1602 321 1668 ciens,
340 1602 371 1655 in
392 1600 547 1672 Evangelio
565 1616 615 1654 suo
635 1600 727 1654 dicit:
750 1601 833 1656 Filius
857 1601 971 1656 bominis
989 1617 1049 1656 cuni
1100 1604 1228 1656 nostrum
1252 1600 1350 1654 lumen
1366 1605 1395 1655 et
1406 1599 1527 1670 fulgeat,
1541 1602 1574 1654 ut
1588 1599 1685 1670 ipsum
1700 1614 1753 1654 nus
1770 1596 1806 1652 ad
1820 1597 1905 1650 lucem

231 1698 343 1758 uenerit,
357 1699 441 1765 patira
464 1697 581 1749 inueniet
599 1695 678 1763 tidem
696 1697 725 1748 ia
747 1696 926 1764 terratica,
947 1695 1049 1764 xviiii?
1100 1693 1235 1749 claritatis
1255 1697 1371 1748 aeternae
1394 1693 1429 1748 de
1456 1693 1507 1748 liae
1530 1693 1624 1748 saculi
1650 1698 1736 1748 nocte
1765 1690 1904 1762 perducat.

232 1789 368 1845 Videmus
384 1788 447 1842 lieri
462 1789 537 1859 quod
553 1786 600 1841 ille
619 1788 759 1858 prosdiiit.
775 1790 806 1843 ln
822 1789 871 1842 Dei
888 1788 1001 1856 timore,
1019 1789 1047 1842 iu
1058 1765 1086 1836 Β
1099 1789 1301 1858 Exspectemus
1325 1786 1438 1842 solliciti
1464 1802 1577 1858 semper
1602 1791 1629 1840 et
1660 1785 1739 1841 canti
1763 1783 1908 1839 aduentum

232 1884 297 1954 lege
316 1881 445 1954 justitia,
464 1881 493 1935 in
518 1881 687 1947 dilectione,
708 1881 737 1935 in
761 1897 848 1952 opere
874 1881 944 1936 fides
970 1881 1047 1936 nulla
1099 1880 1214 1935 Domini
1241 1881 1443 1951 repentinum,
1467 1886 1509 1948 ut,
1533 1880 1648 1952 quando
1676 1879 1726 1934 ille
1752 1877 1906 1950 pulsauerit,

194 1977 197 1986 '
233 1981 278 2032 est
294 1997 299 2030 ε
316 1991 402 2030 nenio
421 1975 583 2030 futurorum
604 1980 713 2029 metum
734 1975 891 2046 cogitat⁹³3
907 1976 981 2032 diem
997 1976 1047 2030 Do·
1098 1974 1213 2046 evigilet
1225 1974 1294 2030 fides
1308 1978 1414 2042 nostra,
1426 1973 1571 2046 vigilantia
1584 1973 1740 2046 praemium
1750 1970 1907 2028 deDomino

234 2069 305 2126 mini
321 2073 350 2125 ct
364 2070 436 2124 iram
451 2069 501 2124 Dei
519 2073 547 2123 et
562 2068 712 2124 incredulis
727 2074 848 2124 uentura
869 2069 1005 2142 supplicia
1019 2074 1048 2125 ct
1098 2072 1255 2139 receptura.
1274 2068 1301 2124 Si
1321 2067 1381 2122 baec
1400 2067 1534 2122 mandata
1549 2070 1706 2136 serventur,
1726 2065 1750 2122 si
1769 2065 1828 2120 lroee
1850 2079 1904 2118 mo·

234 2167 340 2220 statuta
354 2162 472 2235 perfidis
487 2166 595 2218 osterna
612 2167 752 2218 tormenta
764 2179 850 2218 uerno
865 2163 1046 2218 considerat:
1100 2157 1158 2218 nlla
1184 2165 1212 2217 ct
1235 2165 1378 2233 pcaeccpta
1399 2164 1565 2230 teneantur,
1591 2160 1718 2234 opprimi
1742 2158 1906 2215 dormientes

235 2258 312 2330 quod
336 2257 510 2312 metueret’⁴
532 2256 705 2310 couscientia
727 2261 834 2317 nostra.
857 2257 880 2311 si
901 2257 1047 2327 erederet;
1099 2256 1212 2312 diabolo
1226 2256 1344 2311 fallente
1358 2271 1415 2310 non
1432 2271 1591 2326 possumus,
1605 2255 1678 2310 servi
1694 2253 1795 2326 vigiles
1806 2251 1906 2308 Christo

235 2351 371 2423 quianon
390 2349 481 2406 eredit
498 2349 626 2419 omnino,
642 2367 693 2405 nee
714 2351 825 2406 metuit.
845 2351 872 2407 Si
893 2349 988 2424 519
1002 2369 1050 2406 au·
1100 2349 1268 2405 dominante
1279 2348 1464 2420 regnabimus
1475 2350 1510 2402 ⁹⁶.

928 2517 1033 2580 Variae
1054 2517 1222 2580 lectiones.

266 2667 286 2698 ⁹¹
302 2667 337 2720 Ut
350 2667 462 2730 largitas
474 2665 640 2729 operationis
654 2665 779 2714 infracta.
797 2665 899 2714 Demos
919 2665 973 2713 Ver.
989 2665 1106 2715 lnlraota
1119 2665 1154 2715 sit
1173 2665 1238 2713 Vasa.
1253 2663 1276 2713 3.
1310 2663 1331 2696 ⁹³
1345 2663 1448 2714 Melum
1462 2661 1573 2724 cogitat,
1588 2659 1662 2711 diem
1681 2659 1745 2710 liud.
1760 2662 1781 2719 Ι,
1793 2659 1816 2708 t.
1831 2661 1902 2722 lmpr.

231 2736 707 2872 ἓὲἓὲξῠιὲιιιέἓὲῃὲιῐὲὲιέῗιῖζοζ.
720 2737 743 2785 l.
760 2734 842 2798 Quod
856 2739 990 2785 metueret
1007 2734 1061 2784 Ver.
1079 2733 1222 2798 Quidquid
1235 2736 1371 2786 metueret
1385 2735 1446 2784 lien.
1485 2732 1506 2766 ⁰⁵
1520 2731 1686 2783 Proditionis
1697 2729 1758 2783 dies
1771 2731 1837 2781 Pcm.
1849 2729 1905 2790 lap·

897 2931 1009 3014 Stepb.
1026 2931 1150 2996 Daluzii
1165 2937 1263 2997 nota.

268 3063 316 3127 (61)
332 3063 393 3124 Qua
414 3061 510 3123 fumat.
531 3060 670 3111 Revocavi
694 3059 765 3110 lianc
792 3060 949 3121 lectionem,
970 3074 1092 3148 quamC
1107 3061 1256 3111 Dominica.

236 3138 376 3184 etomnes
398 3133 455 3182 tere
480 3131 666 3181 libriveteres
687 3135 714 3180 et
739 3129 873 3180 editiones
898 3130 1054 3181 Pameliana
1136 3131 1185 3192 (ott
1211 3130 1350 3196 impeditos
1382 3135 1405 3180 et
1445 3130 1594 3194 implicitos.
1629 3129 1770 3182 Pamelius
1809 3127 1904 3189 scripsit

236 3205 407 3269 antiquiores
421 3203 534 3254 hebent.
563 3202 702 3253 Pamelius
723 3203 816 3266 posuit
833 3201 883 3264 suit
906 3215 940 3252 ex
958 3202 1054 3254 codiee
1104 3201 1241 3265 impeditos
1272 3215 1320 3252 nos
1343 3207 1366 3251 ct
1385 3201 1535 3266 implicitos.
1563 3200 1653 3263 Quem
1676 3214 1744 3250 sanc
1768 3199 1904 3250 lectionem

236 3291 288 3327 ms.
304 3280 331 3325 et
345 3275 414 3339 quie'
426 3275 463 3324 ita
474 3273 584 3338 legebat
597 3275 625 3322 in
641 3271 711 3322 libro
724 3273 755 3323 de
765 3274 892 3322 Oratione
906 3274 1053 3322 Dominica.
1103 3273 1193 3337 reperi
1214 3273 1243 3322 iu
1265 3271 1354 3323 tribus
1376 3272 1499 3337 antiquis
1520 3269 1735 3335 exemplaribus.
1749 3269 1803 3321 Sed
1820 3281 1904 3318 vocem

236 3349 273 3400 At
294 3360 346 3409 ego
371 3346 520 3396 lectionem
538 3344 615 3394 illam
640 3357 696 3394 nou
723 3344 812 3407 reperi
833 3344 887 3394 nisi
911 3344 938 3392 in
956 3343 1055 3395 codice
1104 3356 1220 3394 noanon
1241 3347 1397 3409 agnoscunt
1417 3344 1518 3408 reliqui
1539 3355 1632 3406 neque
1652 3340 1904 3394 vetersseditioues.

237 3417 369 3470 lismensi
406 3416 496 3467 sancti
521 3413 656 3478 Dionysii.
682 3415 781 3466 Postea
806 3414 972 3477 videbimus,
991 3429 1052 3480 paq.
1104 3417 1140 3466 Et
1156 3416 1261 3480 alioqui
1273 3428 1373 3466 sensus
1392 3417 1433 3466 est
1456 3415 1563 3479 integer
1582 3412 1689 3478 absque
1709 3411 1756 3464 illo
1773 3409 1903 3463 vocabulo.

143 3481 150 3488 “
237 3489 293 3550 birli,
324 3487 477 3538 Pamelium
506 3487 633 3550 posuisse
657 3485 709 3548 suit
736 3487 764 3537 in
785 3485 856 3537 libro
873 3485 904 3536 de
930 3487 1055 3538 Oratione
1104 3486 1310 3552 ltaquedelevl.

236 3693 461 3706 ψ

516 3853 629 3979 DE
685 3851 1147 4026 ORATIONE
1201 3849 1647 3980 DOllINICll

590 4127 596 4137 ¹
998 4115 1167 4208 elenu

242 4541 444 4596 Anauusnruu.
460 4571 493 4579 —
509 4543 570 4595 Tres
584 4540 769 4609 complectitur
784 4545 878 4607 pierias
897 4543 1032 4594 tractatas
1053 4537 1081 4592 S.
1105 4538 1238 4608 Cypriani
1258 4537 1292 4592 de
1311 4537 1444 4592 Oratione
1462 4535 1609 4591 Dominica
1629 4535 1679 4605 (1),
1697 4537 1725 4588 in
1748 4547 1798 4603 quo
1818 4529 1901 4584 librum

280 4631 446 4684 Tertulliani
457 4630 489 4684 de
510 4631 636 4686 Oratione
649 4631 785 4685 imitatur.
804 4633 835 4685 ln
853 4630 942 4699 priore
961 4629 1079 4682 ostendit
1094 4630 1249 4683 Orationem
1269 4628 1434 4682 Dominicam
1450 4641 1505 4681 csse
1525 4626 1644 4680 cinisium
1659 4621 1900 4678 eacetlentissirnom,

277 4735 378 4774 sumine
391 4719 561 4790 spirituatem
578 4726 603 4775 ct
623 4720 660 4774 ud
680 4719 880 4790 impetrandum
896 4720 1119 4787 efficacissimam.
1139 4721 1170 4772 ln
1188 4719 1276 4771 alteru
1294 4733 1356 4771 uera
1375 4721 1454 4788 purte
1477 4717 1623 4770 Darniaicae
1637 4713 1772 4768 Orationis
1789 4706 1898 4776 conplec-

283 4811 353 4863 titur
375 4809 593 4879 replicationem,
617 4815 770 4880 septeraque
792 4810 847 4878 eius
866 4813 958 4879 partes
980 4810 1141 4878 precipuus,
1167 4807 1332 4862 Tertulliani
1352 4807 1471 4873 casticiis
1492 4805 1638 4865 intrarent,
1662 4803 1786 4857 decurrit.
1809 4801 1900 4852 mum

276 4899 306 4951 in
315 4901 396 4953 tertia
410 4903 488 4970 prule
501 4899 636 4954 Orationis
649 4898 813 4954 conditiones
826 4897 963 4969 impendit,
975 4898 1100 4967 docetque
1118 4899 1266 4952 orationem
1278 4911 1331 4952 esse
1345 4895 1449 4956 debere,
1462 4899 1489 4948 Ιο
1495 4897 1712 4965 perseuerantem
1726 4897 1751 4946 et
1763 4885 1897 4943 assiduum

892 5057 1004 5139 Steph.
1028 5056 1150 5121 baluzii
1174 5062 1271 5120 notas.

278 5201 311 5264 (Ι)
338 5201 458 5252 Sanctus
480 5201 601 5252 llilarius
625 5204 772 5266 episcopus
797 5203 986 5265 pictaviensis,
1007 5217 1030 5254 c.
1047 5204 1309 5290 5Dproesumentss
1334 5200 1447 5251 arbitrio
1473 5214 1488 5249 a
1513 5199 1606 5249 diviua
1622 5196 1709 5262 gratia
1726 5187 1898 5244 decidamus.»

246 5269 445 5324 Commentarii
471 5274 498 5322 iu
526 5273 687 5334 dictitarem,
715 5274 756 5324 sic
783 5273 908 5337 loquitur
932 5274 966 5324 de
991 5273 1062 5324 libro
1112 5273 1245 5339 Ejusdem
1264 5273 1418 5337 argumenti
1441 5271 1543 5322 librum
1567 5261 1786 5330 lrabemusapud
1808 5253 1898 5308 Tertul-

244 5343 315 5393 lsto:
335 5343 402 5392 «De
424 5344 557 5393 orationis
584 5347 678 5394 autem
701 5348 873 5394 sacramento
898 5346 1062 5396 necessitate
1111 5344 1226 5395 lienum.
1257 5345 1286 5394 ln
1315 5341 1435 5394 concilio
1463 5339 1639 5394 Gerundeusi
1669 5340 1796 5388 statutum
1815 5331 1851 5380 est
1874 5327 1898 5403 ut

245 5425 296 5464 nos
318 5413 524 5466 commentandi
548 5414 706 5477 Cyprianus
734 5419 838 5464 sanetae
870 5416 1010 5467 memoriae
1028 5415 1062 5466 li·
1112 5415 1243 5466 omnihus
1260 5413 1359 5465 diebus
1382 5417 1444 5478 post
1465 5413 1613 5464 Matutinus
1636 5407 1807 5470 etVesperas
1820 5399 1897 5478 Qrtlffl

245 5483 365 5544 iterabit.
383 5503 397 5530 »
411 5485 530 5535 Sanctus
553 5487 724 5549 Augustinus
745 5484 773 5535 ln
795 5485 919 5550 Epistola
931 5486 968 5536 od
987 5486 1062 5536 Vale·
1111 5487 1258 5538 Dominica
1270 5485 1432 5550 proteratur.
1449 5483 1484 5534 m
1499 5487 1592 5534 tamen
1612 5483 1708 5547 postea
1729 5469 1843 5526 nonnulli
1862 5478 1897 5542 aa:

245 5556 579 5632 amusan-uenteglmus
607 5558 647 5607 eis
673 5559 756 5610 etiam
782 5556 883 5608 librum
909 5557 1062 5608 beatissimi
1112 5559 1247 5620 cordatos,
1274 5558 1354 5606 utin
1388 5567 1494 5605 canone
1523 5553 1630 5605 decimo
1660 5547 1766 5602 concilii
1791 5542 1896 5616 Toletani
1967 5589 1968 5592 ,

244 5627 586 5694 mamiatcxps'tsn'lndt
599 5629 731 5687 ,Oratione
755 5629 949 5691 numericam
970 5633 1061 5680 osten·
1112 5630 1203 5694 quarti
1213 5629 1323 5694 legitur,
1343 5626 1450 5676 inventi
1470 5628 1534 5675 sunt
1559 5623 1607 5690 qui
1629 5619 1794 5673 Domluieam
1809 5611 1896 5688 Oratio·

246 5699 589 5765 dtwuffiucmrlmodrqn
603 5699 837 5774 dpcqmrit,9mnlu
848 5713 911 5766 quae
922 5699 957 5750 ad
970 5714 1061 5753 mores
1111 5715 1176 5753 nem
1193 5713 1250 5750 non
1267 5698 1392 5765 quotidie
1415 5696 1465 5748 sed
1485 5695 1529 5748 die
1550 5698 1657 5746 tantum
1678 5687 1813 5769 Dominica
1835 5679 1895 5728 dicc-

245 5777 354 5822 nostros
378 5773 525 5837 pertinent,
546 5771 649 5836 quibus
672 5775 746 5822 recto
774 5773 903 5834 vivimus,
936 5787 951 5822 a
982 5773 1062 5824 l‘atre
1111 5775 1180 5821 rent.
1199 5767 1268 5820 Vide
1287 5768 1406 5820 Wesseli
1429 5765 1580 5828 Gaustortii
1599 5751 1896 5826 Groningensistracla·
1967 5771 1968 5808 ;

245 5847 339 5898 nostro
356 5846 404 5911 qni
432 5843 563 5908 interulis
590 5847 631 5896 est
651 5842 837 5913 exposcenda,
859 5857 894 5897 uo
916 5841 950 5896 cle
974 5842 1062 5897 libero
1112 5840 1214 5905 tum2dc
1229 5841 1363 5896 Orationi.
