3986 6208
252 259 301 318 oar
684 209 1478 314 s.crearuntcampanariam-crusseio.
1867 263 1912 320 sn

254 403 295 444 ma
309 385 430 457 (blattis,
454 382 510 457 xiv,
528 382 583 456 at).
608 383 680 440 item
699 381 755 438 alio
777 383 838 438 loco
858 381 1237 468 negotiatoremAmodum
1252 380 1395 438 devenire.
1409 381 1913 454 ltambaatosapostoiusPaulus,bo·

256 481 377 538 coelestis
401 480 501 552 gratia
524 483 552 536 ot
571 482 799 552 comparatorem
822 476 922 532 salutis
945 478 1070 543 oeternre,
1122 476 1237 534 minime
1250 475 1443 548 inspirationis
1457 475 1671 548 gratiaplenus:
1684 477 1913 545 Quiadministrot,

256 575 400 637 distractis
415 573 549 630 omnibus
564 571 650 628 rebus
673 571 740 641 suis,
755 571 910 644 pretiosam
931 570 1070 642 margati·
1121 571 1227 644 inquil,
1240 586 1329 627 semen
1341 573 1500 641 seminanti,
1517 575 1543 626 el
1551 587 1653 642 panem
1665 571 1703 627 ad
1720 572 1846 628 mnrium
1855 590 1917 644 pre·

255 674 326 739 tam,
340 671 395 725 hoc
409 671 452 724 est
466 665 563 742 608
582 666 670 722 ritem
691 669 827 738 eternam
848 663 950 722 Christi
972 680 1071 721 cruore
1122 667 1216 730 stabit,
1231 673 1257 721 et
1278 666 1472 738 multiplicabit
1484 667 1688 722 seminationem
1705 670 1826 731 uestram,
1839 674 1915 724 etau-

255 763 422 838 pretiosam,
445 763 480 818 de
500 761 658 834 quantitate
681 759 848 834 patrimonii
867 759 911 814 sui
934 757 1003 814 dicu
1024 757 1072 814 de·
1121 761 1193 830 pobil
1210 763 1376 818 incrementa
1395 763 1509 830 {rapum
1522 761 1640 830 iustiliae
1656 765 1758 824 vestrm
1773 767 1803 816 ut
1823 764 1851 817 in
1871 779 1917 818 orn-

254 859 322 916 bare
344 857 488 915 mercori:
510 857 604 915 Simile
625 862 675 919 est,
693 855 797 926 inquit,
817 869 929 923 repnum
946 854 1072 910 celorum
1122 856 1202 911 nibus
1223 855 1432 927 locupletemini.
1449 856 1483 910 Et
1502 855 1629 910 iterum:
1649 854 1853 911 Admmistrotio
1873 858 1916 912 bo·

253 953 357 1010 bomini
382 954 547 1023 nepotiatori
571 951 595 986 ⁴³
624 951 759 1021 quaerenti
784 949 867 1004 bonas
893 949 1070 1018 marqaritas.
1116 950 1164 1021 J'us
1178 951 1264 1020 officii
1275 965 1328 1006 non
1342 949 1594 1022 tantomsupplebit
1608 965 1708 1019 eaquae
1717 951 1813 1005 sanctis
1823 951 1916 1012 munt,

258 1050 309 1105 Ubi
339 1053 429 1104 autem
462 1049 565 1102 inuenit
597 1043 652 1114 (18)
688 1045 837 1115 pretiosam
866 1043 1071 1113 marqon'lam,
1123 1043 1219 1118 609
1243 1045 1290 1100 scd
1312 1049 1337 1102 ct
1357 1045 1511 1100 abundabit
1531 1045 1556 1080 ⁴⁴
1573 1060 1626 1115 per
1644 1045 1761 1100 multam
1781 1047 1919 1114 qratiarun

254 1145 326 1199 abiit
347 1149 372 1198 cl
392 1143 518 1198 uendidit
537 1142 628 1196 omnia
647 1153 706 1209 que
728 1137 834 1201 babuil,
858 1141 883 1192 et
907 1141 971 1192 emit
993 1136 1071 1192 illam
1121 1142 1252 1196 actionem
1267 1139 1288 1174 ⁵¹
1308 1142 1436 1196 inlisum
1454 1139 1487 1211 (n
1506 1138 1579 1202 Cor,
1595 1155 1634 1207 rx,
1658 1138 1768 1208 to-tr);
1787 1139 1917 1210 quoniam,

256 1238 380 1310 (Malta,
394 1253 453 1301 xm,
470 1235 526 1308 ib).
1121 1233 1189 1288 dum
1204 1233 1443 1306 gratiarumactio
1464 1233 1501 1288 ad
1520 1234 1610 1289 Deum
1634 1248 1686 1304 pro
1708 1232 1885 1304 eleemosynis
1898 1235 1916 1268 ⁴⁴

291 1329 567 1402 illinendumque
588 1331 617 1384 ct
629 1327 751 1384 Abrahae
773 1325 845 1382 iiiios
866 1325 935 1382 dicit
950 1341 1021 1397 quos
1041 1324 1071 1380 in
1119 1330 1205 1400 atque
1220 1327 1433 1400 operationibus
1450 1327 1554 1383 nostris
1572 1343 1734 1400 parrperum
1749 1326 1866 1382 oratioue
1881 1329 1917 1382 di-

249 1425 384 1500 jurandis
408 1423 575 1495 alendisque
599 1421 771 1494 pauperibus
798 1421 945 1493 operarios
967 1419 1068 1475 cernit.
1119 1423 1233 1495 rigitur,
1247 1437 1348 1478 census
1360 1421 1504 1494 operantis
1518 1421 1542 1457 ⁴⁴
1560 1421 1610 1476 liei
1629 1421 1814 1477 retributione
1831 1437 1917 1476 cumu-

250 1522 333 1589 Nam,
355 1535 422 1576 cum
449 1517 582 1573 zacheus
609 1515 746 1572 dixisset:
773 1518 839 1573 Ecce
863 1515 1008 1572 dimidium
1037 1529 1070 1569 en
1119 1517 1203 1572 latur.
1218 1517 1250 1572 Et
1263 1515 1400 1572 Dominus
1412 1515 1442 1572 iu
1457 1516 1625 1588 Evangelio,
1638 1516 1700 1586 jam
1714 1519 1782 1570 tunc
1795 1515 1919 1586 ejusmodi

249 1616 408 1671 substantia
422 1628 480 1670 mea
493 1613 527 1667 clo
541 1613 640 1682 eqenis,
654 1613 717 1666 etsi
734 1613 778 1666 cui
797 1610 864 1681 quid
883 1610 1018 1677 froumunt
1032 1609 1068 1677 ⁴⁴,
1119 1611 1268 1666 hominum
1291 1611 1375 1666 corda
1398 1610 1589 1678 considerans,
1609 1613 1638 1666 et
1660 1609 1774 1682 pertidia
1793 1613 1871 1682 atque
1885 1609 1918 1664 in·

252 1709 440 1781 quadruplum
463 1705 557 1769 reddo,
580 1704 726 1777 respondit
745 1705 827 1760 lesus
850 1709 879 1759 ct
902 1703 975 1759 dirit
1004 1705 1069 1774 quio
1120 1705 1242 1760 credulis
1268 1705 1385 1777 prescia
1406 1721 1474 1761 uoce
1500 1703 1682 1775 denuntians,
1707 1707 1874 1760 contestatur
1895 1707 1919 1758 et

250 1805 326 1860 solus
339 1803 363 1839 ⁴⁴
380 1802 460 1858 bodie
479 1801 540 1856 baio
556 1801 649 1856 domui
666 1802 744 1867 stacta
764 1803 812 1862 est,
834 1801 965 1869 quoniam
980 1803 1005 1853 et
1027 1771 1107 1852 ticli
1120 1798 1210 1855 dicit:
1234 1801 1323 1856 Nolite
1345 1801 1464 1868 copitmc
1486 1801 1626 1856 dicentes:
1653 1798 1726 1867 Quid
1748 1798 1859 1866 adunus,
1878 1803 1919 1852 eut

250 1899 325 1968 filius
345 1901 386 1952 esl
406 1894 527 1950 Abrabe
551 1893 639 1966 (Luc,
659 1909 714 1962 rix,
731 1895 757 1961 8,
780 1891 818 1963 s).
841 1893 923 1961 Nam,
937 1891 960 1947 si
982 1890 1070 1947 Abra·
1119 1894 1188 1964 quid
1201 1893 1330 1958 bibemus,
1345 1898 1393 1948 aut
1408 1891 1654 1964 quidoestiemuri
1674 1895 1731 1950 bec
1753 1895 1822 1948 enirn
1841 1894 1918 1947 natio·

251 1992 319 2048 ham
334 1989 426 2046 credit
440 1991 497 2044 Deo
510 1993 538 2043 et
556 1987 723 2060 deputatum
743 1989 787 2042 cst
810 1986 837 2041 ei
860 1987 896 2042 ad
914 1985 1068 2058 justitiam,
1120 2003 1167 2044 nes
1195 1993 1331 2058 querunt.
1355 1990 1411 2046 Scit
1431 1993 1523 2044 aulem
1537 1989 1561 2024 ⁵⁴
1585 1991 1669 2044 Pater
1686 1994 1774 2044 uester
1792 1990 1852 2058 quio
1872 2002 1918 2042 om·

253 2085 353 2158 utique
366 2083 416 2156 qui
428 2082 587 2138 secundum
607 2083 785 2154 preceptum
804 2079 852 2136 Dei
871 2081 1070 2152 eleemosynas
1120 2084 1197 2137 nium
1218 2083 1315 2138 borum
1328 2083 1466 2153 indipetis.
1482 2084 1600 2152 Quane
1617 2085 1739 2154 primum
1755 2097 1862 2153 repnum
1878 2083 1919 2136 tici

249 2177 328 2246 iacit,
345 2179 402 2234 Dec
416 2175 548 2244 credidit,
563 2180 592 2232 et
605 2173 826 2249 quihabetiidei
840 2175 1069 2243 veritatem,ser-
1120 2176 1292 2246 ctjuslitiom
1306 2175 1365 2247 ejus
1387 2177 1422 2247 ⁴⁴,
1436 2183 1461 2233 ct
1480 2179 1573 2233 omnio
1594 2179 1650 2234 ista
1670 2182 1840 2250 apponentur
1857 2176 1919 2231 nobo

252 2279 298 2329 rat
311 2273 360 2328 liei
378 2272 532 2342 timorem
557 2270 607 2343 qui
626 2273 723 2326 antem
745 2269 794 2324 Dei
813 2269 949 2325 timorem
967 2272 1068 2340 servat,
1120 2269 1239 2342 illailla„
1254 2287 1290 2342 vr,
1304 2273 1407 2342 31-33).
1424 2271 1469 2326 Eis
1487 2271 1586 2326 omnia
1606 2271 1714 2344 apponi
1733 2270 1800 2326 dicit
1817 2277 1844 2327 et
1856 2269 1918 2325 tradi

250 2368 281 2424 iu
302 2365 536 2424 miserationibus
553 2380 714 2437 pauperum
732 2364 821 2420 Deum
842 2364 947 2436 cogitat
961 2365 985 2400 ⁴⁴
1002 2363 1067 2434 (to).
1118 2365 1168 2438 qui
1188 2381 1309 2437 regnum
1335 2371 1364 2421 et
1381 2365 1520 2437 justitiam
1540 2366 1589 2421 Dei
1609 2371 1755 2438 querunt.
1778 2367 1829 2422 iios
1851 2365 1917 2420 enim

251 2462 392 2536 Operatur
415 2459 493 2517 euim
513 2459 578 2514 ideo
596 2459 619 2494 ⁴⁷
641 2459 710 2532 qitia
733 2457 834 2526 credit,
850 2457 984 2531 quiescit
1004 2474 1069 2514 vera
1119 2459 1253 2516 dominus
1278 2475 1344 2516 com
1361 2459 1462 2532 judicii
1482 2459 1543 2517 dies
1566 2460 1693 2528 venerit,
1715 2460 1753 2516 ad
1774 2459 1915 2532 percipien-

251 2573 311 2614 essa
325 2572 389 2629 quae
405 2553 543 2628 praedicta
555 2559 623 2609 sunt
640 2553 734 2609 uerbis
748 2553 809 2621 oei,
825 2569 876 2608 nec
892 2552 1068 2624 Scriptorum
1119 2553 1186 2609 ditm
1201 2570 1325 2626 regnum
1339 2554 1406 2610 dicit
1420 2553 1534 2610 admitti
1554 2555 1604 2627 qui
1628 2554 1739 2611 luerint
1760 2555 1791 2611 in
1811 2552 1917 2610 Ecclesia

250 2654 379 2708 sancum
407 2665 489 2722 possa
515 2647 649 2718 mentiri;
673 2647 789 2703 arbores
810 2647 1011 2718 infructuosas,
1037 2647 1068 2703 id
1118 2648 1313 2720 ejusopersti.

250 2748 303 2816 est,
329 2743 439 2800 steriles
464 2742 608 2812 homines,
630 2741 723 2798 excidi
748 2745 778 2798 el
799 2741 829 2798 in
859 2741 956 2814 ignem
979 2742 1065 2812 mitti,
1152 2745 1182 2800 ll.
1196 2743 1344 2800 lietoisne
1359 2743 1565 2816 patrimonium
1582 2748 1665 2801 tuum
1684 2745 1760 2802 forte
1783 2741 1916 2799 deiiciatsi

250 2837 455 2896 misericordes
468 2841 564 2894 autem
578 2837 613 2894 ad
631 2852 754 2908 regnum
773 2837 879 2893 vocari.
892 2837 945 2902 Qui
965 2840 995 2892 ei
1009 2838 1066 2892 alio
1088 2818 1091 2828 ¹
1116 2837 1227 2908 operari
1250 2853 1283 2892 ex
1305 2852 1338 2894 eo
1361 2838 1478 2909 largiter
1501 2839 1631 2910 coeperis,
1653 2842 1683 2895 et
1710 2839 1812 2908 nescis,
1832 2837 1915 2904 miser,

248 2935 279 2990 in
304 2933 365 2990 loeo
388 2932 535 3006 operarios
561 2937 590 2988 et
614 2932 773 2990 fructuosos
794 2930 893 2987 lideles
919 2931 1064 3003 appellat,
1116 2931 1192 3003 quia,
1208 2931 1277 2986 dum
1291 2931 1375 2987 times
1389 2948 1426 2988 ne
1440 2947 1485 2988 res
1498 2931 1647 2988 iamiliaris
1661 2933 1784 3003 deficiat,
1800 2933 1852 2988 rita
1864 2931 1915 3004 ipsa

250 3026 434 3084 infructuosis
454 3043 523 3083 uero
548 3029 577 3082 et
598 3023 743 3082 sterilibus
767 3024 853 3080 iidem
877 3025 997 3096 derogat
1020 3025 1064 3080 di·
1116 3031 1144 3080 et
1157 3025 1232 3081 salos
1247 3025 1360 3097 deficit3
1376 3029 1414 3095 et,
1427 3025 1496 3082 dum
1510 3042 1546 3083 nc
1562 3027 1630 3100 quid
1644 3026 1682 3084 de
1702 3029 1787 3084 rebus
1801 3029 1852 3083 tuis
1870 3025 1914 3082 nri·
1974 3027 1975 3038 ¹

250 3139 336 3180 cens:
351 3125 383 3180 Si
394 3125 424 3178 in
435 3121 537 3193 injusto
549 3136 703 3177 mammona
717 3121 772 3191 (20)
787 3121 878 3190 fideles
894 3135 948 3174 non
960 3121 1064 3186 stantis,
1076 3145 1104 3220 C
1117 3123 1224 3175 noctur
1240 3120 1374 3188 attendis,
1394 3136 1450 3176 non
1470 3121 1585 3193 respicis
1604 3123 1681 3194 quod
1700 3123 1761 3195 ipsa
1781 3122 1913 3189 minuaris,

249 3218 322 3289 quod
335 3221 375 3272 cst
387 3233 481 3272 uerum
493 3217 517 3252 ⁴⁸
537 3217 598 3286 quis
617 3216 705 3271 credet
723 3214 799 3269 nobis
810 3215 824 3268 i
837 3215 873 3269 El
891 3215 915 3269 si
930 3215 959 3268 in
977 3215 1064 3269 alieno
1116 3217 1227 3270 amator
1247 3213 1336 3287 magis
1360 3230 1535 3271 mammona
1550 3231 1636 3288 quam
1657 3215 1763 3272 animae
1785 3222 1856 3282 tuae;
1880 3219 1913 3280 nt,

248 3311 341 3382 fideles
354 3327 410 3367 non
419 3312 523 3378 tatutis,
539 3310 612 3380 quod
625 3315 663 3366 est
684 3315 802 3366 oestrum
817 3310 876 3380 quis
894 3307 970 3364 dubit
985 3309 1061 3364 uobis
1116 3307 1184 3362 dum
1198 3307 1282 3364 times
1304 3325 1340 3364 ne
1361 3325 1413 3381 pro
1435 3312 1463 3365 le
1485 3309 1695 3381 patrimonium
1717 3316 1798 3366 tuum
1816 3309 1912 3382 perdas,

250 3407 335 3477 (boc,
352 3421 408 3472 xri,
426 3403 494 3474 titt
1115 3402 1175 3474 ipse
1195 3419 1246 3474 pro
1270 3403 1444 3475 patrimonio
1466 3408 1516 3460 tuo
1541 3421 1644 3478 pereas
1658 3405 1693 3460 ⁴⁴.
1718 3407 1752 3462 Et
1770 3405 1830 3461 idco
1850 3404 1913 3459 bene

286 3501 330 3556 nt.
346 3499 375 3555 Si
388 3499 412 3536 ⁴⁴
434 3498 539 3555 vereris
556 3501 584 3554 et
602 3496 708 3554 metuis
730 3512 777 3564 ne,
794 3496 817 3552 si
838 3497 953 3569 operari
974 3495 1063 3568 pinri-
1114 3498 1265 3569 Apostolus
1296 3499 1400 3554 clamat
1430 3503 1457 3554 et
1489 3497 1557 3555 dicit
1582 3515 1590 3554 ι
1616 3499 1696 3558 Nibil
1727 3500 1862 3556 intulimus
1889 3499 1913 3549 in

251 3611 333 3652 mum
359 3593 488 3667 aceperis,
521 3590 694 3665 patrimonio
724 3594 774 3646 tuo
796 3591 876 3663 larga
901 3591 1065 3663 operatione
1115 3591 1184 3648 bunc
1205 3569 1349 3656 mundum,
1378 3609 1471 3649 uerum
1496 3609 1543 3649 nec
1556 3595 1666 3663 uasere
1694 3595 1763 3666 quid
1781 3607 1912 3664 manemus.

249 3689 332 3746 finito
359 3688 395 3743 ad
420 3687 570 3761 penuriam
596 3686 671 3742 forte
697 3685 846 3757 redigaris,
870 3688 930 3741 esto
954 3685 984 3740 in
1011 3685 1066 3740 hac
1115 3687 1248 3742 Habentes
1271 3689 1364 3758 itaque
1388 3687 1578 3744 cohibitionem
1606 3694 1632 3743 et
1656 3693 1856 3758 tequmentom,
1878 3686 1912 3738 bis

249 3789 333 3857 perte
359 3781 529 3854 intrepidos,
550 3783 610 3836 esto
634 3796 768 3848 securus;
794 3778 871 3836 tiniri
891 3795 950 3835 non
973 3781 1066 3851 potest
1115 3783 1235 3836 contenti
1253 3783 1346 3837 ornus.
1367 3783 1420 3849 Oui
1439 3787 1529 3838 autem
1543 3783 1636 3838 uolunt
1659 3783 1758 3838 diuites
1777 3783 1842 3852 beri,
1856 3779 1911 3833 inci·

251 3877 327 3935 unde
345 3877 376 3932 in
397 3893 466 3932 usus
486 3875 590 3933 Christi
611 3873 797 3946 impenditur,
814 3873 890 3930 unde
912 3890 984 3946 opus
1007 3890 1063 3930 cce·
1115 3875 1187 3930 dont
1204 3877 1234 3930 ia
1254 3877 1428 3931 tentationem
1448 3882 1473 3931 ct
1496 3879 1525 3930 in
1549 3877 1730 3946 muscipulam
1745 3876 1797 3949 (rt)
1816 3881 1839 3930 et
1857 3874 1911 3927 desi·

250 3973 321 4028 leste
335 3969 503 4027 celebratur.
518 3969 704 4027 Nechoctihi
719 3967 755 4024 de
776 3984 842 4024 meo
863 3968 1001 4040 spondeo,
1015 3969 1065 4026 sed
1115 3968 1193 4024 deria
1207 3970 1340 4025 multari
1362 3972 1577 4040 absentiaque
1600 3976 1727 4041 merqunt
1750 3971 1872 4026 bominem
1889 3969 1911 4019 iu

250 4067 284 4122 de
297 4069 456 4121 sanctarum
475 4065 684 4138 scripturarum
702 4062 759 4118 tide
775 4065 805 4117 et
827 4063 930 4119 divino
956 4063 1066 4135 pollici·
1112 4063 1295 4132 perditionem
1325 4069 1350 4120 el
1374 4065 1402 4118 in
1423 4066 1577 4120 interitum.
1603 4065 1696 4122 Rodia
1721 4068 1790 4122 enim
1809 4065 1912 4119 omniun

249 4159 364 4216 tationis
385 4159 553 4215 auctoritate
575 4158 722 4231 promitto.
750 4155 889 4229 Loquitur
912 4174 964 4230 per
984 4157 1062 4215 Salo·
1114 4158 1249 4214 malorum
1272 4163 1310 4214 est
1336 4159 1500 4230 cupiditas:
1526 4173 1609 4229 quam
1634 4160 1750 4230 quidam
1774 4160 1911 4230 appetentes

250 4270 370 4310 monem
387 4253 509 4325 Spiritus
521 4256 634 4308 sanctus
649 4255 679 4307 et
692 4251 760 4306 dicit
776 4271 783 4308 c
799 4253 853 4322 Qui
870 4253 919 4308 dal
929 4255 1063 4330 pauperi·
1113 4253 1352 4322 naufrapaoerunt
1374 4269 1391 4308 a
1410 4253 1472 4322 lide,
1497 4257 1523 4308 et
1544 4255 1718 4310 inseruerunt
1745 4269 1771 4310 se
1792 4250 1910 4308 dotonbas

250 4350 309 4411 bus,
333 4363 474 4418 nunquam
495 4346 598 4416 eqebit3
634 4349 684 4416 qm·
709 4349 798 4402 aulem
828 4349 927 4403 auertit
958 4348 1065 4402 oculum
1114 4346 1333 4415 mullisilii'm„
1349 4345 1433 4417 bib).

249 4457 339 4510 suum,
366 4443 395 4496 in
416 4455 518 4511 maqno
538 4441 654 4511 penuria
674 4442 726 4496 erit
751 4441 853 4511 (Pron,
876 4456 974 4510 xrvnr,
997 4441 1042 4512 27)
1054 4458 1063 4511 ;
1149 4441 1191 4497 iil.
1212 4439 1312 4495 Metuis
1333 4457 1369 4496 ne
1389 4441 1592 4512 patrimonium
1611 4446 1692 4498 tuum
1714 4443 1784 4499 torte
1803 4437 1908 4501 deficiat,

250 4536 404 4592 ostendens
419 4534 619 4591 misericordes
631 4537 716 4607 atque
731 4537 884 4607 operantes
899 4549 985 4606 egere
1005 4550 1062 4590 non
1074 4518 1103 4590 D
1115 4533 1138 4589 si
1161 4533 1274 4606 operari
1300 4551 1334 4590 ex
1354 4552 1388 4591 eo
1410 4535 1531 4608 largiter
1555 4537 1685 4608 coeperis.
1707 4537 1823 4603 Quando
1842 4532 1908 4590 enim

248 4647 339 4704 posse,
364 4630 459 4702 magis
480 4645 582 4702 parcos
605 4631 634 4684 et
656 4628 766 4684 steriles
786 4626 822 4684 ad
838 4627 966 4702 inopiam
986 4631 1063 4700 post·
1114 4629 1221 4685 iactum
1248 4631 1291 4684 est
1313 4631 1346 4685 ut
1363 4629 1442 4701 justo
1467 4633 1584 4702 possent
1604 4631 1703 4687 deesse
1724 4629 1843 4687 subsidia
1862 4625 1907 4696 (itt

937 4771 1040 4836 Variae
1068 4771 1236 4837 lectiones.

276 4903 471 4968 “Negotianti
495 4903 542 4953 Ar.
564 4903 644 4952 Wart.
662 4902 744 4954 Suria.
763 4900 864 4962 bodi,
881 4901 904 4952 3.
921 4903 945 4954 i.
977 4905 1000 4936 ⁴⁴
1029 4901 1119 4964 Quem
1151 4902 1435 4956 defraudavimus.
1469 4906 1490 4938 ⁴⁵
1508 4904 1591 4968 Quia,
1613 4906 1715 4970 inquit,
1739 4905 1812 4956 salus
1835 4901 1905 4950 sans.

242 4973 362 5025 ⁴⁴Deum
376 4972 665 5025 reserationum.
679 4973 733 5022 NG.
749 4972 773 5023 2.
805 4971 971 5037 ⁴⁷0peratur
983 4973 1058 5023 anim
1069 4972 1196 5024 DcoBod.
1212 4975 1266 5038 t,2,
1280 4975 1304 5026 3.
1336 4974 1801 5038 ”Quodvesuumtansoaae
1831 4967 1904 5020 ‘'Std

246 5045 309 5094 llcd.
325 5045 348 5104 i,
358 5045 383 5106 2,
392 5044 417 5102 b,
431 5043 454 5094 l.
470 5043 498 5095 Si
510 5043 578 5106 impr
591 5043 669 5092 osen
703 5044 723 5075 ⁴⁴
737 5041 791 5094 Sed
804 5047 832 5093 et
844 5043 985 5094 abundare
996 5043 1062 5094 iacit
1075 5043 1135 5093 bod.
1149 5046 1165 5093 t
1180 5045 1263 5109 Supra
1285 5045 1395 5095 bomine
1407 5061 1416 5094 :
1428 5045 1578 5110 supplevit,
1597 5051 1622 5095 el
1641 5047 1798 5098 abundavit.
1830 5049 1849 5078 ⁵¹
1865 5043 1905 5091 Per

246 5114 350 5164 multas
371 5115 521 5178 gratiarum
545 5113 669 5164 actiones
691 5113 773 5164 Sarte.
807 5117 827 5150 ⁵⁴
848 5116 900 5166 Par
922 5116 1116 5180 eleemosynas
1138 5115 1220 5166 Suria
1254 5117 1275 5150 ⁴⁴
1290 5116 1477 5182 operantibus
1496 5116 1558 5166 flod.
1583 5119 1606 5166 i.
1639 5118 1660 5150 ⁴⁴
1680 5117 1759 5168 Enim
1775 5115 1830 5168 sod.
1848 5113 1902 5174 t,s.

245 5183 327 5232 Seria.
361 5183 434 5233 ⁵³Sic
451 5184 506 5232 Ver.
523 5183 583 5232 Tou.
602 5183 670 5232 Fora.
683 5181 789 5233 deerant
802 5185 828 5233 in
837 5185 915 5249 impr.
949 5185 970 5219 ⁵⁴
985 5186 1024 5238 Ne
1035 5187 1104 5238 forta
1124 5187 1202 5238 lt'eat.
1218 5186 1295 5238 Ebur.
1315 5189 1383 5239 Fors.
1398 5201 1433 5239 ne
1452 5201 1502 5252 pro
1515 5191 1542 5238 le
1560 5189 1753 5254 patrimonium
1771 5185 1869 5252 perdas,
1881 5179 1903 5230 id

245 5253 305 5318 agis
318 5257 349 5303 ut
363 5254 431 5318 ipsc,
446 5266 495 5320 pro
507 5253 674 5320 patrimonio
686 5266 783 5317 pareas
802 5257 857 5306 Ver.

897 5375 1009 5458 Steph.
1033 5377 1157 5442 Baluzii
1179 5383 1276 5442 notae.

278 5493 326 5559 (ib)
350 5493 399 5545 Ubi
417 5498 504 5545 aulem
526 5493 757 5556 invenitCodex
780 5495 929 5549 Lemouii:
953 5500 1063 5549 lnoeula
1112 5498 1192 5563 epist.
1208 5497 1247 5550 39.

246 5573 334 5619 autem
348 5567 466 5632 pretiosa
480 5567 641 5631 marqarita.
1143 5570 1193 5633 (at)
1223 5568 1406 5634 Muscipulom.
1432 5571 1496 5621 Duo
1524 5569 1587 5622 libri
1609 5573 1713 5624 veteres
1735 5569 1831 5622 addunt
1851 5563 1899 5614 dic-

278 5639 326 5702 (rs)
353 5639 434 5690 Deum
461 5639 565 5703 coqitol.
593 5635 688 5690 Codex
717 5639 813 5691 Sancti
839 5639 951 5704 Albini,
978 5641 1062 5691 Deum
1112 5639 1173 5694 boli.

243 5712 362 5775 [annot.
394 5709 590 5776 Burgundioni
619 5713 646 5762 et
678 5711 886 5774 Lamentanus,
922 5712 973 5762 Deo
1005 5712 1061 5774 soe·
1143 5712 1193 5776 (22)
1221 5713 1311 5765 Darasa
1334 5711 1464 5765 subsidia.
1491 5713 1587 5766 Codex
1608 5713 1703 5766 Sancti
1720 5709 1814 5771 Albini,
1827 5703 1898 5772 possit

246 5785 337 5833 nerot-
1110 5783 1196 5834 deesse
1208 5782 1372 5838 substantia.
1388 5785 1531 5840 sicariam
1552 5787 1683 5854 scripturn
1706 5787 1760 5836 erat
1779 5783 1805 5832 in
1824 5777 1896 5826 Vero

241 5853 324 5922 iiiii)
344 5855 506 5908 Hammona·
520 5851 591 5906 Vide
614 5851 732 5910 catium
754 5852 955 5925 Caicepninum
977 5853 1025 5906 lib.
1041 5867 1059 5920 1,
1109 5854 1199 5908 nenst.
