4076 6190
266 273 323 368 uo
411 375 415 388 ,
940 307 1019 364 sim
1037 308 1064 364 s.
1084 303 1252 364 auruum.
1893 299 1942 356 isc

254 436 327 491 hanc
342 431 515 490 sententiam
535 434 570 489 ab
591 437 706 489 auctore
727 431 813 504 bajus
832 430 900 488 libri
920 431 1076 504 diligenter
1086 471 1114 544 Α
1126 445 1195 502 paca
1207 430 1350 486 viventem
1364 443 1449 484 nemo
1462 443 1511 500 spe
1525 429 1552 483 el
1563 424 1772 497 exspectatione
1784 426 1944 496 martyrem

257 528 405 596 inculcari,
420 549 434 578 a
450 527 542 582 omnis
561 526 708 600 sapientire
726 526 833 582 iontem
852 542 883 580 ec
902 525 1075 598 principium
1126 523 1222 580 dicere
1237 524 1338 594 potuit.

258 639 318 678 esse
337 621 396 678 lleo
418 621 618 678 universorum
634 620 763 690 credere,
780 623 809 675 et
829 619 955 674 actiones
975 634 1076 674 omnes
1162 617 1299 688 Sequitur
1327 617 1399 672 alius
1423 619 1557 672 tractatus
1588 615 1718 672 ‹cdi-ersus
1743 615 1860 683 luderes,
1888 613 1943 686 Cy-

257 733 292 772 eo
307 715 415 772 reterre
430 720 462 771 nt
477 715 517 770 illi
530 729 711 787 quacumque
725 713 759 769 de
773 729 804 770 re
818 713 970 784 placeatur,
986 729 1019 767 ac
1040 727 1076 768 ne
1126 712 1227 784 priano
1249 727 1364 783 prorsus
1386 709 1602 782 abjudicandas.
1624 709 1709 764 l'ulto
1731 708 1882 764 absurdius
1904 708 1947 763 ie-

256 810 384 883 cogitare
412 808 528 882 quidem
555 809 717 882 quidquam
742 808 818 880 quod
844 807 886 864 illi
915 806 1075 878 displiceat;
1127 823 1190 862 cere
1206 806 1253 877 tyni
1272 805 1376 862 libram
1394 805 1427 860 de
1444 805 1608 860 revelatione
1625 803 1729 874 Capitis
1746 803 1947 860 beatitudunis

257 903 367 977 quippe
387 919 453 959 cum
476 919 535 959 non
559 903 651 958 solum
672 900 745 958 dicta
764 905 794 956 et
815 901 899 969 iacta,
919 900 966 956 sed
988 900 1077 955 eliam
1128 902 1255 970 Baptista
1271 899 1347 954 inter
1360 915 1446 970 opera
1464 897 1597 970 Cypriani
1615 896 1776 953 ediderunt.
1792 896 1948 968 Reperitur

259 996 447 1070 cogitationes
458 995 622 1068 judicanda
637 995 703 1050 sint.
719 1015 733 1048 a
747 995 801 1051 Sed
814 995 888 1050 hanc
898 979 1078 1050 ‘sententiam
1127 994 1289 1049 fabulosum
1306 1008 1377 1064 opus
1395 994 1425 1047 in
1445 991 1642 1063 antiquissima
1656 991 1793 1047 Vindelici
1807 987 1960 1062 Spirensis

259 1091 397 1163 Origenes
417 1091 527 1146 tasonis
545 1089 692 1162 propriam
711 1105 769 1145 nou
785 1089 862 1157 lacit,
878 1087 929 1142 sed
949 1093 980 1142 ut
999 1103 1077 1142 com·
1129 1088 1265 1144 editione.
1280 1087 1389 1145 Erasmi
1410 1085 1522 1141 nomini
1542 1101 1598 1141 non
1620 1085 1682 1140 lere
1699 1085 1821 1140 dedecus
1840 1085 1949 1139 inusse-

263 1200 350 1240 mune
360 1183 535 1255 principium
546 1188 752 1239 commemorat
762 1182 892 1237 ominium
902 1181 977 1253 apud
987 1180 1080 1236 Chris·
1129 1185 1197 1237 runt
1211 1184 1243 1238 lt.
1257 1181 1374 1236 Gravius
1392 1185 1419 1235 et
1438 1177 1590 1245 pamelius,
1603 1179 1654 1250 qui
1671 1178 1777 1233 librom
1795 1179 1829 1234 de
1843 1179 1950 1250 duplici

259 1278 352 1334 tianos
375 1277 523 1332 librorum.
549 1275 734 1347 Hieronymus
756 1275 855 1342 Quasi.
875 1277 906 1330 ic
928 1275 1005 1336 oea..
1027 1279 1080 1328 tes·
1129 1279 1263 1346 Martyria
1283 1274 1480 1330 elucubratum
1498 1273 1533 1328 ab
1554 1290 1588 1329 eo
1609 1277 1637 1328 et
1657 1272 1783 1328 affictum
1805 1272 1949 1344 Cypriano

260 1375 337 1426 tatur
358 1369 474 1426 initium
490 1368 605 1426 Genesis
625 1369 654 1423 in
669 1369 852 1425 altercatione
865 1369 972 1425 tasonis
987 1373 1015 1423 et
1028 1369 1081 1424 Pu·
1127 1370 1302 1442 judicarunt.
1323 1369 1361 1424 lta
1382 1368 1436 1423 hoc
1457 1367 1554 1423 libello
1574 1366 1699 1422 diximus
1717 1367 1746 1422 in
1765 1367 1949 1439 praelatione.

259 1467 330 1535 pisci
342 1463 382 1519 sic
395 1463 502 1535 exponi
517 1465 567 1518 :la
581 1464 649 1518 lilio
660 1465 726 1531 lectt
736 1465 805 1518 Deus
816 1463 910 1518 catum
924 1468 948 1518 et
964 1465 1079 1529 imum
1131 1467 1168 1520 lle
1194 1463 1333 1519 duodecim
1353 1462 1538 1518 abusionibus
1561 1461 1653 1517 menti
1676 1460 1761 1516 saria
1787 1464 1855 1515 sunt
1881 1476 1950 1514 con-

260 1558 327 1613 citat
349 1556 435 1612 etiam
457 1555 529 1611 illud
552 1571 584 1610 ex
606 1555 707 1612 eodem
728 1555 801 1611 libro
825 1575 831 1612 :
851 1561 1048 1629 testanteesaia
1068 1563 1081 1612 t
1128 1559 1257 1629 jacturae,
1277 1556 1340 1611 aliis
1355 1555 1426 1610 laico
1442 1555 1555 1610 cuidam
1572 1555 1680 1610 lirardo
1696 1555 1824 1621 nomine,
1839 1553 1902 1609 aliis
1922 1553 1950 1610 S.

260 1657 417 1724 κρεμάμενος,
430 1649 586 1706 bendictio
598 1651 648 1705 lici
659 1652 709 1720 qui
724 1665 858 1722 appensus
875 1655 923 1712 cst,
939 1649 1005 1704 libr.
1020 1666 1038 1703 u
1052 1653 1082 1705 ia
1133 1651 1247 1707 Patritio
1263 1650 1452 1705 ilibemornm
1473 1648 1600 1719 apostola
1619 1647 1860 1720 adjudicantibus.
1875 1647 1953 1718 Opus

261 1746 349 1815 Epist.
363 1744 402 1799 acl
415 1743 508 1800 Galat.
528 1743 574 1797 llis
586 1742 659 1798 adde
673 1742 827 1799 Maximum
847 1741 897 1814 qui
916 1743 979 1799 loco
995 1759 1082 1814 sopra
1132 1745 1292 1816 Airgustino
1315 1743 1451 1798 tribuitur
1471 1743 1501 1796 in
1525 1741 1622 1797 maltis
1645 1741 1790 1797 codicibus
1812 1739 1951 1812 antiquis,

260 1837 347 1892 citato
363 1837 403 1892 ait
423 1853 452 1891 se
471 1836 572 1908 legisse
595 1839 705 1909 septem
723 1836 808 1892 caelos
830 1836 860 1891 in
882 1836 991 1907 dialogo
1003 1839 1081 1892 Jaco-
1094 1841 1121 1914 Β
1133 1855 1165 1894 ae
1186 1854 1251 1894 cum
1274 1837 1352 1892 illius
1371 1835 1505 1908 operibns
1526 1835 1618 1892 editus
1641 1839 1692 1891 est.
1712 1835 1840 1891 Testatur
1860 1835 1953 1890 Fellus

261 1933 304 1986 ais
325 1935 350 1986 et
364 1932 480 2001 Papisci.
499 1930 617 1985 Brevem
637 1932 735 1985 aritern
754 1930 840 1985 luisse
860 1929 936 1985 hanc
954 1935 1082 2002 pertrac·
1133 1932 1201 1988 olim
1223 1933 1252 1987 in
1276 1931 1404 2002 linguam
1426 1929 1585 2000 bogiorum
1611 1929 1782 1985 translatum
1804 1928 1901 1996 luisse,
1924 1932 1953 1984 et

261 2022 403 2078 tatianam
428 2021 535 2078 indicet
555 2022 669 2080 Latinus
695 2023 845 2096 interpres,
868 2024 916 2096 qui
940 2044 954 2074 a
977 2023 1084 2079 ludoici
1132 2025 1161 2080 iu
1186 2024 1333 2081 volumine
1356 2039 1444 2078 manu
1466 2022 1570 2094 scripto
1594 2022 1779 2078 homiliarum
1800 2020 1953 2077 Saroniea-

264 2115 360 2190 177
378 2116 472 2172 cordis
488 2115 663 2172 obstinatam
679 2116 812 2172 duritiam
831 2116 912 2172 brevi
926 2115 1084 2173 monitione
1133 2134 1199 2174 riam
1214 2117 1333 2189 reperiri
1352 2115 1405 2172 sub
1423 2117 1476 2172 hoc
1493 2115 1577 2172 titulo
1593 2133 1599 2170 :
1615 2119 1653 2172 Dc
1665 2115 1805 2172 duodecim
1819 2115 1953 2178 abusion,

262 2226 296 2266 ac
320 2210 381 2265 leni
405 2209 601 2283 increpatione
626 2209 765 2266 mollitam
790 2233 805 2261 a
827 2210 914 2266 luisse
939 2211 1016 2267 dicit.
1039 2210 1084 2267 Sic
1134 2213 1281 2269 secuudum
1295 2211 1507 2282 disputationem
1521 2209 1551 2266 S.
1567 2209 1702 2282 Cypriani
1713 2212 1955 2281 episcopictmar-

264 2305 342 2360 enim
365 2303 583 2359 emendavimus
605 2319 656 2376 pro
677 2319 711 2360 co
732 2303 811 2376 quod
833 2309 917 2361 antea
935 2303 1085 2376 legebatur
1135 2313 1213 2380 tyris.
1237 2313 1271 2365 at
1293 2309 1405 2364 nullum
1428 2324 1543 2380 prorsus
1566 2312 1823 2364 monumentuma
1845 2307 1955 2379 pietate

266 2417 280 2450 a
298 2397 417 2454 neuras
430 2396 598 2453 monitione.
612 2419 626 2447 a
1133 2403 1267 2476 Cypriani
1281 2402 1394 2476 longius
1406 2401 1491 2458 distat
1504 2418 1589 2474 qaam
1603 2399 1795 2474 Gancc178
1809 2402 1953 2471 Cypriani.

299 2491 439 2563 Opimius
459 2495 502 2548 est
520 2491 663 2547 Pometios
682 2493 813 2548 tasonem
833 2490 982 2548 Hebraeum
1002 2491 1085 2546 illum
1134 2497 1211 2554 Nihil
1230 2497 1307 2552 enim
1328 2496 1404 2552 aliud
1425 2495 1511 2551 haber
1530 2499 1636 2568 prater
1655 2495 1847 2567 ineptissimos
1861 2494 1955 2565 ymos,

266 2584 467 2654 christianum,
482 2584 532 2656 qui
552 2584 701 2656 Papiscum
715 2585 845 2641 Judaum
860 2585 1083 2642 Alexandrinum
1135 2608 1194 2648 non
1221 2607 1256 2646 cx
1279 2589 1363 2645 rebus
1386 2590 1523 2661 profanis,
1546 2589 1605 2656 sed,
1626 2589 1704 2660 quod
1726 2590 1814 2643 Turea
1837 2587 1957 2659 dignius

265 2681 300 2738 ad
321 2681 505 2738 christianam
526 2681 697 2754 religionem
720 2682 847 2751 adduxit,
868 2683 1000 2738 eumdem
1024 2699 1085 2737 esse
1136 2702 1224 2758 qaam
1244 2684 1405 2742 Christiano
1426 2683 1568 2738 existimat
1586 2681 1792 2744 Tillemoutius,
1811 2699 1844 2736 ex
1862 2680 1957 2752 Scrip-

264 2791 297 2830 ac
310 2791 377 2830 enm
393 2774 429 2831 de
443 2791 500 2848 quo
512 2777 621 2832 menn'o
634 2775 667 2832 fit
680 2777 751 2839 Act„
766 2791 832 2843 xvix,
848 2781 876 2838 et
887 2792 933 2832 xvi
946 2777 1033 2846 Epist.
1049 2776 1086 2831 ad
1134 2780 1207 2835 turis
1234 2779 1319 2834 sacris
1346 2795 1398 2850 per
1423 2779 1464 2833 las
1490 2787 1519 2832 et
1543 2777 1622 2832 netas
1649 2776 1795 2831 deductos.
1822 2775 1958 2830 Testatur

264 2869 412 2937 llomauos3
433 2869 482 2925 sed
504 2869 582 2925 nullo
603 2885 719 2941 prorsus
740 2875 886 2926 momento
905 2869 1008 2924 nititur
1025 2869 1085 2924 bac
1136 2872 1290 2928 Salmasius
1308 2871 1338 2926 in
1360 2871 1435 2926 notis
1455 2872 1493 2926 ad
1511 2871 1634 2927 Flauiam
1654 2873 1796 2941 Vopiscum
1818 2871 1857 2940 (p.
1877 2869 1955 2938 396),

266 2961 442 3033 corry'ectnra.
468 2963 530 3018 Non
553 2962 672 3018 dubium
699 2963 769 3035 quin
792 2962 893 3019 vixerit
916 2963 1019 3018 sucula
1044 2979 1087 3017 se·
1135 2983 1165 3022 sc
1180 2965 1319 3022 beneficio
1334 2964 1490 3020 doctissimi
1505 2963 1701 3035 jurisconsulti
1718 2963 1808 3018 lureti
1823 2961 1957 3016 habuisse

169 3069 171 3076 ·
265 3055 452 3124 cundo,cnm
472 3053 548 3110 illius
568 3055 735 3128 disceptatio
754 3055 867 3128 cognita
888 3057 967 3112 Celso
987 3055 1084 3112 inerit.
1136 3059 1359 3115 hunclibellum
1375 3075 1462 3114 manu
1480 3058 1617 3130 scripturn
1636 3055 1956 3113 abdzelinomonacho

269 3150 440 3221 Episcopum
456 3153 504 3204 aut
519 3148 619 3204 saltem
639 3149 837 3222 presbyterum
856 3150 944 3206 luisse
963 3149 1087 3205 credide·
1137 3153 1293 3210 lthcmensi
1321 3151 1450 3207 versibus
1481 3151 1623 3206 redditum
1655 3165 1720 3204 cnm
1750 3149 1804 3204 hoc
1834 3148 1920 3203 titulo
1948 3165 1955 3202 :

266 3244 333 3311 rim,
360 3240 504 3315 siquidem
529 3242 664 3314 Papiscus
689 3243 816 3298 veritatis
841 3243 903 3298 luce
927 3243 1084 3316 perculsus,
1138 3269 1152 3299 u
1168 3245 1368 3304 Coenaazelini
1389 3244 1558 3303 [thamensis
1581 3244 1724 3310 monachi,
1747 3257 1835 3314 quern
1859 3241 1959 3296 condi-

268 3341 299 3392 at
319 3335 499 3408 signaculum
520 3339 645 3392 sumeret
659 3337 827 3408 deprecatus
840 3338 971 3392 tasonem
986 3343 1086 3408 postu·
1136 3341 1179 3396 dit
1194 3341 1230 3396 ad
1244 3339 1398 3396 ilenricum
1411 3340 1626 3410 imperatorem,
1639 3338 1768 3394 imitatus
1780 3335 1958 3408 cyprianum

267 3429 344 3486 laxit.
1137 3433 1403 3506 Carthaginensem.
1419 3452 1433 3483 »
1448 3431 1515 3488 Vide
1530 3431 1566 3488 de
1581 3432 1682 3488 eodem
1697 3431 1768 3486 libro
1782 3428 1959 3486 casimirum

302 3523 385 3590 Quod
405 3522 564 3600 spectatad
583 3522 705 3578 latinam
724 3521 925 3594 interpretem,
945 3523 969 3578 is
988 3539 1087 3579 senem
1137 3527 1242 3584 Oudin,
1329 3568 1331 3572 ,

270 3635 301 3674 se
332 3633 394 3674 esse
421 3616 490 3673 dioit
514 3633 547 3672 ao
573 3616 687 3675 Celsum
712 3615 822 3686 vocari;
852 3615 1087 3690 disceptationem
1173 3621 1317 3677 Nonnulla
1339 3619 1394 3677 alia
1419 3635 1525 3676 nomen
1550 3618 1683 3691 Cypriani
1707 3634 1767 3690 praa
1793 3633 1823 3672 se
1848 3617 1958 3686 lerant,

267 3711 377 3768 tasonis
398 3710 509 3766 liebraei
528 3709 676 3766 christiani
696 3713 724 3765 et
744 3708 1089 3782 rapiscitudaiatexan-
1137 3717 1215 3773 velut
1244 3717 1358 3786 Tyronis
1389 3719 1414 3770 et
1440 3717 1545 3772 seneca
1572 3717 1664 3778 Nata,
1689 3729 1758 3785 quas
1783 3710 1959 3784 Cyprianum

269 3803 345 3860 drini
365 3804 461 3859 latinis
478 3803 580 3860 litteris
598 3803 743 3859 illustrare
763 3807 981 3876 aggressusest,
998 3825 1011 3854 a
1029 3803 1089 3859 ani·
1139 3811 1250 3867 auxisse
1270 3808 1414 3865 vocabulis
1433 3808 1658 3864 Christianarum
1681 3806 1751 3861 usui
1765 3805 1838 3878 aptis
1856 3803 1958 3860 existi·

269 3904 367 3958 inante
382 3901 432 3958 llei
451 3917 505 3974 ope
526 3905 554 3956 et
574 3907 685 3958 servata
703 3901 857 3958 verborum
872 3902 1058 3974 proprietate,
1073 3920 1087 3954 a
1139 3907 1200 3960 mat
1217 3907 1282 3976 post
1296 3900 1486 3959 Tritbemium
1501 3902 1648 3970 Gruterus,
1664 3917 1751 3972 aquo
1766 3900 1810 3955 ha
1829 3901 1904 3954 notre
1925 3899 1959 3953 in

269 4002 303 4055 nt
321 3999 569 4072 praeclarissimam
582 3999 740 4070 victoriam,
758 4015 845 4071 qiiam
864 3998 969 4055 veritas
988 4009 1022 4055 ex
1042 4001 1090 4054 Pa·
1138 3999 1233 4055 lucem
1248 3997 1332 4054 editae
1345 3998 1422 4052 sant.
1433 3995 1550 4052 Editnm
1560 4001 1603 4052 est
1616 3995 1651 4050 ab
1662 3994 1760 4066 anglis
1772 3993 1824 4048 sab
1838 3992 1960 4048 nomine

269 4097 340 4170 pisci
364 4097 451 4155 eordc
479 4103 683 4170 reportaverat,
709 4097 745 4152 ad
773 4097 966 4170 cognitionem
994 4097 1089 4153 Graece
1139 4091 1271 4164 Cypriani
1286 4095 1451 4163 computum
1465 4089 1608 4157 Paschale,
1623 4088 1698 4160 quod
1710 4103 1727 4142 a
1739 4088 1825 4143 Paula
1838 4085 1960 4142 dmeono

270 4193 464 4251 nescientium
478 4194 652 4250 transferret.
664 4195 814 4268 Nuncnpat
824 4195 1090 4267 interpretationem
1140 4185 1286 4257 designari
1307 4183 1484 4252 “miminis
1501 4199 1567 4238 tum
1589 4183 1629 4238 til
1649 4181 1822 4253 Cyprianum
1844 4180 1962 4236 &ttoni-

270 4309 353 4348 suam
371 4292 473 4364 vigilio
493 4291 637 4363 episcopo,
657 4297 718 4348 tum
739 4298 770 4348 ut
791 4293 922 4348 sacerdos
941 4295 1090 4365 utriusque
1140 4295 1205 4334 ⁰³¹ss
1227 4277 1307 4334 'tilde
1330 4277 1432 4332 utilem
1454 4275 1654 4350 ⁰⁰¹¹¹P⁰⁵¹¹i⁸³⁰·
1673 4273 1821 4346 Selii}toris
1841 4277 1961 4330 aefflflffl

271 4391 378 4462 linguae
398 4390 507 4461 peritus
522 4393 551 4445 et
569 4391 660 4446 sancti
675 4390 797 4463 Spiritus
816 4390 999 4447 veneratione
1013 4409 1091 4448 vere·
1140 4372 1248 4428 ludim
1274 4378 1458 4443 ⁰⁰mP¹¹¹⁰¹¹¹2
1485 4370 1564 4442 1l¹¹⁰ll
1591 4369 1627 4424 ad
1659 4370 1793 4440 (inimum
1824 4367 1961 4424 (3⁰¹lfifflli

271 4489 391 4557 airadus,
414 4488 581 4544 auctoritate
603 4489 725 4562 Spiritus
749 4489 840 4546 sancti
864 4505 937 4561 opas
961 4506 1091 4561 compro·
1141 4481 1262 4536 annum,
1278 4469 1307 4520 ei
1321 4466 1450 4520 ⁰⁰⁰⁵¹²¹⁰⁵
1463 4465 1598 4519 mimum
1614 4467 1644 4518 et
1656 4465 1763 4534 papum
1779 4461 1961 4533 Peffiucuur·

270 4586 354 4643 barat
372 4591 401 4642 el
417 4587 600 4656 emendarct;
618 4590 681 4642 tum
703 4592 734 4642 ut
753 4588 804 4642 hac
822 4588 915 4660 prima
932 4576 1129 4648 dilectionisl)
1140 4560 1201 4614 N⁰¹¹
1216 4557 1336 4614 ⁰¹¹¹¹²i¹¹⁰
1351 4562 1495 4630 repugnat
1511 4563 1541 4613 ¹¹²
1556 4558 1613 4629 iam
1630 4561 1692 4612 tum
1706 4571 1858 4612 ⁰⁰¹¹v⁰¹⁸¹¹⁵
1871 4554 1962 4610 ΜΝ

1142 4653 1298 4724 Cyprianus
1320 4651 1511 4719 existimetur,
1532 4651 1661 4723 quamvis
1681 4649 1710 4704 id
1733 4649 1848 4705 Pontius
1868 4647 1964 4703 diaco-

1143 4763 1197 4802 nus
1225 4745 1344 4801 suadeat
1368 4745 1459 4800 serius
1484 4745 1648 4816 contigisse.
1672 4743 1728 4800 Sed
1754 4760 1813 4798 ison
1839 4741 1964 4814 quadrat

1143 4840 1228 4911 huius
1245 4838 1390 4910 scriptoris
1408 4838 1472 4910 styli
1490 4837 1637 4894 barbaries
1654 4854 1720 4894 cnm
1739 4836 1880 4908 elegantia
1898 4851 1961 4891 ser-

1144 4933 1235 4990 monis
1257 4948 1344 5005 quam
1366 4932 1506 5005 Cypriane
1528 4931 1557 4986 iu
1579 4930 1744 5002 primordiis
1767 4929 1965 4986 conversionis

1142 5025 1237 5082 studio
1260 5024 1347 5080 luisse
1368 5023 1540 5097 perspicitur
1562 5039 1596 5080 cx
1615 5025 1740 5095 Epistola
1758 5024 1796 5079 ad
1813 5025 1963 5080 Mantum.

1144 5119 1259 5191 Reperit
1276 5118 1370 5175 editor
1382 5117 1546 5175 Oxoniensis
1565 5118 1636 5174 duos
1650 5116 1760 5172 libellas
1773 5116 1826 5171 sub
1841 5116 1965 5173 nomine

1143 5211 1286 5284 Cypriani,
1305 5213 1425 5268 alterum
1447 5211 1545 5279 labne,
1566 5212 1689 5267 alterurn
1706 5225 1797 5282 graece
1811 5209 1963 5280 scriptum.

372 5364 378 5376 .
475 5366 480 5377 .
555 5367 560 5377 .
697 5367 702 5377 ,
882 5367 888 5378 ,
1141 5305 1230 5362 Primi
1246 5304 1344 5361 titulus
1358 5307 1465 5362 Secreta
1478 5303 1845 5377 Gppriauisalteriuslityel
1857 5311 1967 5375 Κυπριᾰ-

273 5365 415 5420 Ραῐῃθὴω
436 5366 634 5423 Tndenhnum
659 5383 824 5440 ⁰p¹⁸⁰⁰p⁰m
849 5367 935 5422 ΜΘ
961 5368 1091 5438 ⁰⁰¹¹J¹⁰¹t3
1142 5421 1195 5457 νου.
1210 5400 1378 5470 Utrumque,
1393 5401 1492 5470 utpote
1504 5397 1667 5454 loedissimae
1680 5395 1887 5470 superstitionis
1903 5397 1967 5468 ple-

273 5461 321 5519 ”d
344 5461 422 5534 (1⁰⁰⁶
445 5463 544 5522 c⁰l⁸¹¹⁸
567 5464 671 5536 Vissssm
697 5482 748 5522 ⁸¹¹⁰
772 5464 808 5521 ‘³⁰
833 5465 932 5521 sutum
956 5464 1093 5539 marim
1144 5508 1224 5560 num,
1240 5492 1303 5547 luce
1318 5507 1432 5562 prorsus
1451 5488 1765 5564 indignumy'ndicavit.
1781 5491 1844 5546 llaec
1861 5496 1966 5546 autem

274 5559 445 5633 Sltmltifflb
461 5577 585 5636 ‘umque
597 5563 639 5618 ⁸st
657 5563 1094 5636 ⁰⁰5l0d5010ffl²lill⁰md⁰⁵fi·
1144 5585 1289 5659 supposita
1307 5584 1438 5641 sidentur
1456 5584 1544 5642 teiam
1561 5585 1702 5658 Cypriane
1720 5583 1909 5652 Andocheno,
1925 5582 1964 5639 de

273 5662 375 5715 natum
388 5659 475 5717 itxisse
493 5677 557 5717 cnm
577 5661 704 5718 mirabili
722 5661 808 5718 modo
828 5661 976 5736 episcopas
993 5660 1095 5718 eonsti-
1144 5695 1201 5752 quo
1212 5679 1274 5752 jam
1287 5678 1370 5735 nobis
1382 5679 1538 5753 agendum,

273 5759 353 5812 tutus
374 5761 426 5827 est,
445 5757 473 5814 id
494 5757 597 5830 vigilio
613 5759 780 5816 Tridentino
801 5759 893 5831 aptari
913 5775 971 5815 non
991 5761 1093 5830 potest,

272 5873 358 5929 quem
378 5857 481 5914 soecrrlo
505 5861 607 5932 qundo
631 5861 752 5916 exeunte
774 5859 804 5915 in
830 5873 944 5915 summa
965 5857 1095 5915 Ecclesiae

270 4684 407 4758 petitione
419 4684 449 4741 iu
463 4684 668 4757 discipulorum
685 4701 838 4740 numerum
852 4684 887 4740 ab
905 4699 938 4739 eo
954 4681 1094 4737 adscisce.

271 4789 361 4840 retur.
376 4785 415 4840 tir
434 4783 537 4855 quibus
553 4783 724 4855 perspicitur
742 4783 855 4839 Celsum
871 4782 900 4837 in
914 4797 977 4837 eam
991 4779 1092 4835 urbem

271 4881 319 4937 cui
332 4886 454 4953 praeerat
467 4881 593 4954 Vigilius,
609 4898 668 4938 non
688 4883 778 4936 multo
797 4887 862 4936 ente
880 4878 990 4934 venisse
1007 4894 1091 4950 quam

272 4978 297 5033 ei
319 4978 374 5033 hoc
396 4993 503 5034 munus
523 4978 649 5034 ollerret.
673 4979 755 5034 Illum
782 4979 811 5033 in
837 4977 910 5032 hanc
934 4975 1034 5030 urbem
1058 4991 1093 5030 ex

273 5073 366 5129 altera
389 5079 468 5146 parte
490 5074 644 5146 provincia
667 5081 792 5132 traxerat
813 5076 890 5130 lama
911 5073 1020 5146 Vigilii;
1039 5089 1093 5128 nec

272 5177 416 5240 senectus,
437 5187 492 5226 nec
514 5171 624 5227 itineris
645 5172 852 5245 longinquitas,
871 5189 923 5227 nec
946 5170 1093 5228 tribulatio

272 5268 378 5341 inopiae
393 5273 479 5341 atque
492 5270 622 5342 penuriae
640 5270 849 5327 deterruerant.
863 5270 944 5325 llunc
958 5267 1092 5340 vigiliam
