4076 6190
483 177 486 186 ’
1003 175 1016 210 ι
1157 185 1159 192 ·
1528 199 1531 208 ,

222 257 272 314 lte
903 255 981 314 vlla
999 257 1026 312 S.
1047 257 1212 314 CYPRIANI.
1845 255 1895 312 lae

219 396 273 436 nec
293 379 383 437 serius
405 379 533 438 collocari
555 381 649 454 potest
670 380 726 436 hoc
748 379 880 436 schisma.
899 381 980 448 Nam,
1002 383 1033 436 ut
1043 380 1308 466 Aprobabiliterin
1321 380 1454 437 eumdem
1467 395 1623 436 numerum
1635 377 1755 436 veniunt
1767 377 1895 436 Donatus

220 475 399 532 demonstrat
414 475 611 531 tillemontius
630 475 960 531 adversusPearsoniam
983 475 1032 546 qui
1082 480 1110 529 et
1132 475 1261 543 Gordius,
1283 476 1318 530 de
1337 475 1438 547 quibus
1457 475 1552 546 agitur
1568 475 1597 529 ia
1618 473 1700 546 epist.
1721 477 1748 541 a,
1768 489 1800 528 ac
1819 473 1894 528 forte

219 567 289 624 illud
308 569 397 624 refert
416 568 453 623 ad
470 584 578 624 anuum
594 571 657 636 258,
677 568 789 624 nullum
809 585 922 642 prorsus
942 571 1033 623 exstat
1082 568 1169 623 etiam
1185 568 1357 640 quintoloco
1371 567 1628 636 Caiuslliddensis,
1639 583 1724 638 quern
1737 567 1894 639 Cyprianus

220 662 377 717 schismatis
393 661 545 734 vestigium
559 662 590 718 in
603 662 732 735 epistolis
744 677 820 718 anno
837 665 890 718 250
903 661 1030 734 seriptis,
1082 677 1098 718 a
1114 661 1315 718 communione
1328 678 1380 718 sua
1397 665 1526 718 removet
1539 678 1593 734 per
1607 661 1689 732 epist.
1706 663 1751 717 28.
1768 659 1895 725 Quatuor

219 772 273 811 nac
291 755 376 827 hujus
394 756 435 811 rei
452 755 587 812 nautium
600 755 692 812 ullum
710 756 865 828 Cyprianus
884 758 1032 828 acceperat
1081 755 1249 827 presbyteri,
1280 757 1404 812 Donatus
1435 761 1464 812 et
1497 755 1681 823 Fortunatus,
1712 755 1835 810 Novatus
1866 758 1895 808 et

219 865 285 905 cum
320 849 454 906 scriberet
486 849 637 921 epistolam
669 853 714 920 36,
745 866 809 922 qua
846 849 1031 906 schismaticis
1080 849 1210 918 Gordius,
1245 850 1414 924 scripserant
1442 849 1479 906 ad
1511 849 1684 922 Cypriacam
1714 849 1799 921 paulo
1826 849 1893 903 ante

219 945 389 1016 erumpendi
400 944 578 1000 occasionem
593 943 681 1000 dedit.
692 945 789 1016 Neque
799 943 884 998 etiam
897 943 1031 998 sariusab
1080 943 1204 1000 schisma
1225 943 1390 1002 Felicissimi
1415 961 1421 1000 :
1448 961 1504 1016 qua
1527 945 1564 1000 da
1589 960 1620 999 re
1644 943 1809 1016 scripserint
1835 957 1895 997 non

218 1038 343 1094 Ecclesia
363 1037 466 1094 deiecit
490 1037 697 1105 Felicissimus;
723 1053 790 1092 nam
812 1037 939 1110 quinque
964 1053 1030 1108 pre·
1080 1037 1188 1094 indicat
1211 1038 1377 1110 Cyprianus,
1394 1038 1444 1094 sed
1470 1037 1642 1094 declaratae
1670 1037 1724 1092 illis
1737 1035 1893 1092 rescribere

218 1131 396 1204 sbyteri,qui
417 1133 490 1188 circe
508 1131 616 1188 Pascha
627 1147 688 1188 sese
705 1131 859 1200 nudarunt,
872 1132 933 1202 jam
954 1131 1031 1186 illius
1081 1132 1174 1187 solum
1196 1147 1254 1188 uon
1273 1131 1408 1204 potuisse,
1432 1132 1546 1204 quando
1567 1148 1583 1187 a
1607 1130 1764 1203 primordio
1786 1145 1893 1201 episco

218 1229 312 1298 partes
325 1225 494 1298 aliquandiu
508 1226 767 1282 occultaloveraut.
1021 1223 1024 1230 ’
1080 1230 1165 1297 patus
1192 1229 1328 1282 statuerat
1352 1225 1425 1280 nihil
1449 1226 1510 1282 sine
1537 1223 1653 1282 coasilio
1680 1223 1749 1278 cleri
1776 1225 1806 1280 et
1832 1222 1892 1278 sine

255 1319 400 1376 Statuerat
421 1320 577 1392 Cyprianus
599 1319 706 1375 Pascha
728 1319 813 1391 hujus
836 1318 904 1374 anni
927 1321 974 1374 Phi
1001 1319 1031 1374 iu
1081 1334 1222 1374 consensu
1252 1318 1340 1390 plebis
1371 1335 1422 1375 sua
1455 1318 1588 1393 privatim
1621 1318 1760 1375 sententia
1793 1332 1894 1392 gerere

219 1413 338 1470 ecclesia
350 1431 401 1470 sua
416 1413 560 1470 celebrare
575 1429 582 1468 :
599 1413 744 1486 pungebat
761 1412 839 1468 enim
854 1413 935 1468 illum
950 1433 965 1462 ιι
980 1428 1029 1468 ex·
1081 1412 1180 1485 (Epist.
1195 1415 1231 1482 6).

218 1507 313 1563 silium
323 1507 382 1578 jam
397 1507 516 1575 biennii,
532 1511 562 1562 et
579 1523 595 1562 a
610 1506 733 1563 vultibus
745 1512 831 1578 atquc
846 1507 934 1563 oculis
952 1506 1029 1578 (suo-
1117 1507 1269 1577 Postquam
1288 1505 1323 1562 de
1340 1505 1466 1578 quinque
1483 1504 1712 1580 presbyterorum
1726 1502 1835 1560 scelere
1850 1502 1892 1559 di·

220 1603 295 1673 ram)
308 1601 438 1673 lugubris
452 1600 604 1673 separatio,
618 1601 698 1656 dolor
708 1600 787 1672 jugis
804 1607 832 1656 et
844 1599 967 1673 gemitus
980 1601 1030 1672 qui
1080 1599 1148 1656 dicit
1162 1599 1327 1672 Cyprianus,
1339 1599 1451 1672 scripsit
1464 1597 1601 1655 universae
1616 1597 1692 1672 plebi
1708 1597 1790 1669 epist.
1804 1597 1850 1665 to,
1862 1596 1892 1652 in

219 1711 283 1751 curm
311 1695 405 1751 solum
434 1693 572 1752 continua
598 1693 805 1750 lamentatione
832 1693 1028 1761 discruciahat,
1081 1711 1138 1764 qua
1152 1693 1395 1749 schismaticorum
1411 1692 1569 1765 nequitiam
1582 1690 1833 1748 nativiscoloribus
1845 1690 1893 1745 de-

216 1790 349 1860 lacryma
387 1789 488 1845 diebus
523 1805 556 1844 ac
588 1788 718 1844 noctibus
743 1788 926 1860 profluentes,
953 1761 1186 1861 quostcribit,
1198 1787 1340 1843 unitatem
1354 1787 1485 1842 Ecclesia
1497 1786 1685 1854 demonstrat,
1701 1791 1730 1841 et
1740 1788 1848 1840 santes
1864 1789 1893 1840 et

218 1882 358 1939 sacerdoti
368 1882 492 1938 necdum
505 1882 699 1954 complexibus
712 1882 849 1954 (suoruml
862 1882 1003 1940 inherere
1015 1903 1029 1934 ιι
1079 1881 1170 1953 lapsos
1195 1880 1333 1951 hortatur,
1359 1881 1426 1936 istos
1446 1879 1564 1952 quidam
1588 1885 1619 1936 at
1643 1881 1837 1950 comparatam
1861 1876 1892 1932 in

217 1975 396 2048 contingeret
415 1977 510 2048 (epist.
527 1977 579 2046 ll).
593 1975 648 2034 Sed
666 1975 733 2030 huic
751 1975 851 2043 dolori,
864 1990 950 2048 quem
965 1991 1030 2047 spes
1080 1975 1277 2048 persecutione
1297 1974 1414 2030 laudem
1438 1978 1580 2042 tueantur,
1603 1974 1656 2030 hos
1678 1988 1744 2029 vero
1765 1975 1797 2027 ιιι
1822 1991 1837 2020 ιι
1862 1971 1892 2025 in

217 2069 323 2126 maturi
342 2069 450 2125 reditus
471 2069 605 2140 leniebat,
622 2069 753 2126 cumulus
766 2069 883 2126 accessit
901 2069 1029 2142 quinque
1079 2067 1206 2124 secunda
1220 2068 1279 2124 hac
1293 2067 1451 2123 tentatione
1465 2084 1526 2140 sper
1542 2071 1570 2124 el
1587 2068 1650 2140 paci
1663 2083 1722 2122 suec
1738 2065 1861 2121 fideliter
1875 2085 1889 2114 ιι

216 2163 448 2238 presbyterorum
469 2162 598 2235 perfidia,
619 2163 669 2234 qui
691 2163 721 2218 in
743 2168 875 2234 apertum
896 2163 1027 2234 schisma,
1079 2162 1226 2217 considant
1233 2180 1242 2232 3
1264 2161 1379 2218 tandem
1400 2161 1524 2217 declarat
1545 2159 1753 2233 persecutionis
1772 2158 1890 2216 novissi·

215 2258 293 2331 qaod
303 2257 412 2313 dudum
425 2256 564 2330 improbis
578 2257 684 2313 animis
695 2256 903 2329 parturiebant,
913 2257 1029 2313 tandem
1078 2271 1156 2310 mam
1172 2255 1246 2310 hanc
1262 2271 1322 2310 esse
1333 2258 1360 2310 ct
1374 2258 1529 2310 extremam
1543 2253 1741 2322 tentationem,
1755 2273 1766 2305 ι
1781 2268 1846 2324 qua¹
1862 2255 1892 2306 et

216 2356 284 2408 aute
305 2351 413 2406 Pascha
432 2349 517 2422 hujus
539 2349 608 2406 anni
626 2353 793 2423 eruperant,
807 2354 837 2406 et
855 2349 1029 2422 Cypriacam
1078 2350 1140 2420 ipsa
1160 2348 1226 2419 cito,
1247 2348 1350 2420 inquit,
1371 2348 1491 2404 Domino
1513 2352 1681 2420 protegente
1700 2347 1840 2416 transibit,
1861 2350 1893 2400 ιιι

215 2444 302 2502 minis
323 2447 352 2500 et
364 2443 473 2500 insidiis
493 2445 551 2500 suis
567 2460 601 2500 eo
616 2443 792 2516 redegerant
813 2448 843 2500 ιιι
856 2443 948 2499 redire
962 2447 1028 2500 ante
1078 2444 1267 2514 repraesenter
1288 2441 1366 2497 vohis
1381 2444 1444 2514 post
1464 2442 1577 2497 Paschae
1595 2441 1669 2498 diem
1692 2457 1758 2497 cum
1773 2440 1891 2512 collegis

214 2539 319 2596 Pascha
331 2555 388 2594 non
404 2537 532 2606 auderet,
544 2555 580 2594 ne
594 2537 655 2610 ipso
672 2537 842 2593 adveniente
858 2559 873 2588 ιι
889 2539 1028 2594 tumultus
1077 2536 1158 2590 meis.
1173 2557 1188 2586 ιι
1213 2535 1350 2592 Observat
1370 2536 1565 2592 Tillemontius
1585 2535 1728 2608 scripsisse
1750 2535 1835 2590 etiam
1858 2550 1892 2588 ea

214 2632 270 2688 illic
289 2631 384 2704 major
402 2631 536 2701 oriretur,
559 2635 589 2687 et
609 2647 673 2687 cum
695 2631 759 2704 paci
780 2635 810 2686 et
830 2631 1028 2703 tranquillitati
1078 2629 1112 2685 de
1133 2645 1163 2684 re
1177 2629 1349 2701 Cypriacam
1370 2630 1406 2685 ad
1421 2631 1539 2696 clerum,
1554 2629 1604 2685 sad
1616 2628 1766 2702 epistolam
1786 2627 1824 2683 ad
1839 2644 1892 2684 nos

214 2726 361 2799 episcopus
376 2725 524 2798 providere
539 2725 568 2780 in
584 2725 717 2782 omnihus
735 2725 846 2794 debeat,
861 2726 922 2796 ipse
937 2729 1026 2781 mate·
1078 2739 1136 2778 non
1158 2725 1330 2795 pervenisse.
1350 2724 1562 2780 Commemorat
1585 2723 1662 2778 enim
1682 2723 1839 2796 Cyprianus
1862 2722 1892 2776 in

213 2820 286 2876 riam
301 2818 434 2875 seditioni
448 2819 557 2875 dedisse
568 2822 598 2875 et
610 2819 840 2891 persecutionem
855 2819 950 2874 denuo
962 2834 1027 2874 era·
1078 2817 1160 2888 epist.
1174 2817 1209 2872 42
1229 2816 1336 2872 litteras
1356 2818 1392 2872 ad
1405 2819 1513 2874 clerum
1536 2817 1611 2873 etad
1631 2817 1743 2888 plebem
1763 2816 1798 2872 de
1817 2817 1889 2872 Feli-

213 2913 341 2969 cerbasse
353 2913 498 2968 videretur
510 2933 524 2962 »ι
541 2911 643 2984 (leitil.
1077 2909 1190 2965 sissimo
1214 2926 1248 2965 ac
1264 2909 1299 2966 de
1318 2911 1379 2981 ejus
1398 2909 1573 2982 presbyterio
1592 2927 1609 2964 a
1630 2927 1659 2966 sa
1683 2909 1811 2982 scriptas,
1825 2926 1890 2982 qua·

247 3006 377 3079 Quinque
390 3005 431 3061 illi
444 3005 612 3078 presbyteri,
630 3021 694 3060 cum
707 3005 768 3076 jam
781 3009 866 3061 antea
879 3007 1025 3078 conjuras·
1076 3007 1105 3059 et
1121 3003 1330 3059 ordinationem
1344 3005 1521 3060 strationem
1535 3004 1576 3059 rai
1591 3009 1677 3076 gestae
1690 3003 1889 3076 loquebantur.

212 3105 275 3156 sent
289 3104 388 3157 contra
402 3099 594 3172 episcopatum
608 3099 752 3171 Cypriani,
767 3099 1210 3204 confessoresnon-vay11,-.
1224 3117 1303 3172 pepp
1315 3115 1469 3186 oppugnas
1478 3118 1663 3186 mmmm
1676 3117 1775 3188 poppa,
1788 3120 1813 3171 ey
1828 3131 1891 3170 cum

211 3195 306 3250 nullos
326 3193 450 3248 adebila
470 3193 605 3265 episcopo
629 3192 788 3248 reverentia
812 3197 976 3249 avocassent
998 3197 1026 3248 ct
1111 3199 1218 3266 callepio
1246 3199 1379 3254 deliberat
1406 3199 1439 3254 de
1464 3214 1549 3254 causo
1577 3201 1734 3270 lapsorum,-
1752 3199 1799 3254 sed
1825 3204 1890 3254 uate

212 3287 241 3342 in
257 3286 323 3342 vitia
335 3285 523 3357 impegissent
535 3301 652 3358 prorsus
670 3284 835 3353 inhonesta,
851 3287 948 3358 palam
967 3307 981 3336 ιι
996 3303 1026 3343 se
1111 3280 1255 3334 concilium
1267 3279 1361 3334 scribit
1376 3280 1477 3334 libram
1489 3280 1521 3334 de
1534 3282 1638 3350 Lepcis,

213 3380 249 3435 ad
272 3379 416 3450 lapsorum
435 3378 600 3452 perniciem
621 3382 761 3434 venenata
783 3394 836 3433 saa
859 3378 1026 3451 deceptione
1111 3381 1168 3436 Pax
1190 3381 1324 3437 divinitus
1348 3383 1490 3456 promissa
1512 3398 1577 3438 cum
1598 3381 1728 3438 Ecclesia
1749 3379 1890 3436 hiricansa

212 3477 370 3542 verterunt,
384 3487 491 3546 eosque
510 3489 526 3527 a
545 3471 657 3528 medela
677 3471 802 3527 vulneris
823 3472 867 3527 sui
886 3494 900 3523 ιι
925 3489 1025 3528 avoca·
1075 3475 1194 3530 tandem
1218 3475 1373 3548 aliquando
1395 3475 1554 3544 affulsisset,
1575 3475 1682 3546 prodiit
1702 3477 1767 3546 post
1785 3472 1891 3528 Pascha

212 3573 287 3635 rant,
304 3569 360 3621 eta
379 3565 550 3622 intermissis
567 3565 698 3638 precibus
712 3571 740 3621 et
758 3566 946 3635 orationihus,
961 3566 1024 3638 qui·
1075 3568 1229 3640 Cyprianus
1242 3585 1257 3626 e
1271 3585 1394 3636 secessu,
1408 3569 1438 3624 iu
1453 3587 1508 3642 quo
1522 3586 1629 3625 annum
1641 3569 1705 3642 jam
1719 3572 1748 3624 et
1763 3572 1890 3639 quatuor

171 3651 173 3663 '
211 3660 265 3717 bus
287 3659 426 3715 hominus
445 3661 530 3732 longa
550 3663 579 3715 et
597 3659 732 3714 continua
751 3659 944 3716 satisfactione
964 3661 1024 3732 pla·
1076 3661 1187 3718 circiter
1197 3677 1308 3718 menses
1320 3663 1436 3719 latebat.
1448 3663 1678 3720 persecutionem
1689 3662 1810 3734 sopitam
1821 3663 1891 3716 triac

212 3753 330 3823 candus,
343 3753 380 3810 ad
394 3753 542 3810 exitiosam
555 3753 744 3810 temeritatem
759 3753 909 3809 mendacio
922 3755 1026 3826 captio
1076 3755 1163 3810 luisse
1182 3756 1222 3810 ait
1234 3756 1266 3812 in
1278 3757 1360 3828 epist.
1377 3761 1421 3824 52,
1438 3758 1558 3813 omuino
1577 3756 1707 3812 sedeam
1728 3756 1814 3811 luisse
1830 3771 1889 3810 non

212 3864 251 3904 sae
274 3846 352 3918 pacis
374 3867 388 3897 ιι
409 3845 573 3901 invitarunt.
595 3846 642 3901 liis
666 3846 752 3902 etiam
778 3846 933 3918 Cyprianus
953 3847 1024 3904 Feli·
1075 3848 1154 3905 dicit.
1170 3851 1288 3918 Revera,
1303 3849 1430 3922 quaudiu
1447 3851 1517 3906 vixit
1535 3851 1644 3919 Decius,
1659 3851 1720 3923 ejus
1734 3850 1891 3906 crudelitas

212 3940 316 3996 cissimi
340 3939 474 4008 schisma,
499 3944 530 3994 ut
552 3939 669 3995 occultis
691 3939 864 4006 auctoribus,
884 3940 1024 3997 attribuit.
1076 3959 1191 4015 semper
1212 3945 1368 4000 metuenda
1385 3944 1439 4001 luit
1460 3944 1636 4001 Christianis.
1651 3944 1722 4000 ilinc
1742 3945 1891 4003 Cornelius

212 4033 347 4099 Quamvis
372 4039 415 4090 tot
441 4033 515 4088 mala
541 4032 576 4089 ab
604 4032 747 4106 ejusmodi
774 4033 937 4090 hominibus
964 4040 1026 4090 orta
1075 4052 1158 4108 papa.
1188 4053 1285 4092 mense
1315 4039 1399 4093 lunio
1432 4041 1548 4108 electus,
1577 4038 1694 4093 sedehat
1723 4039 1888 4110 intrepidus,

212 4133 316 4198 essem,
335 4144 394 4183 aon
420 4128 537 4200 optabat
556 4133 651 4183 umen
670 4127 830 4199 Cyprianus
852 4132 883 4184 ut
902 4145 931 4184 se
951 4128 1025 4184 ultro
1075 4134 1145 4186 teste
1161 4132 1313 4203 Cypriano,
1327 4131 1409 4203 epist.
1424 4135 1458 4188 sa
1478 4133 1517 4204 (p.
1534 4131 1589 4203 aa),
1606 4151 1619 4182 ιι
1634 4133 1732 4188 Roma
1748 4131 1776 4186 in
1793 4147 1890 4187 sacer·

213 4222 361 4294 ejicerent,
380 4222 426 4277 sed
449 4220 630 4287 sententiam,
646 4237 733 4293 quam
754 4221 827 4276 illius
847 4219 1026 4292 indulgentia
1076 4223 1164 4280 dotali
1176 4225 1324 4294 cathedra,
1339 4241 1371 4280 eo
1390 4230 1517 4297 tempore
1532 4241 1598 4282 cum
1617 4229 1755 4298 tyrannus
1769 4225 1891 4280 infestas

212 4313 383 4386 effugerant,
395 4313 431 4370 de
445 4331 474 4370 se
489 4313 542 4385 ipsi
554 4315 690 4384 tulerant,
699 4319 726 4370 et
736 4334 750 4365 ιι
764 4314 799 4370 de
812 4314 861 4371 Dei
872 4314 1025 4386 providen-
1075 4318 1270 4373 sacerdotibus
1291 4319 1340 4374 Dei
1351 4318 1437 4374 landa
1454 4326 1539 4392 atque
1558 4318 1675 4376 infanda
1694 4317 1888 4374 comminare-

212 4410 260 4478 tia‚
277 4432 291 4460 ιι
306 4409 361 4464 hoc
375 4425 428 4464 nec
440 4408 555 4464 volente
571 4424 623 4462 nec
640 4413 757 4480 optante
770 4409 921 4480 Cypriano,
935 4409 1025 4464 immo
1076 4414 1131 4466 tur.
1147 4429 1161 4463 ιι
1179 4412 1239 4467 Νοιι
1254 4411 1367 4467 videtur
1381 4428 1450 4484 ergo
1464 4413 1537 4468 hanc
1551 4429 1651 4485 pacem
1667 4413 1778 4468 uliares
1791 4411 1889 4468 couci-

214 4507 244 4559 et
263 4502 429 4574 ignoscente
446 4508 474 4558 et
494 4505 613 4569 tacente,
632 4522 646 4552 ιι
661 4518 759 4573 poenas
778 4519 848 4574 qaas
862 4503 1169 4578 meruerantDliasse,
1180 4505 1713 4577 quemiuy'ectusltcciometusabusio
1724 4505 1891 4578 Prisco,qui

213 4596 407 4670 rependerunt
422 4618 435 4648 n
459 4595 563 4670 (laia).
578 4595 664 4652 Miror
683 4612 751 4652 saue
768 4597 907 4674 Nouatum
925 4597 953 4650 iu
968 4597 1026 4652 Aa·
1075 4615 1139 4653 cum
1151 4599 1323 4654 Macedoniae
1337 4605 1480 4672 praeesset,
1491 4599 1645 4671 imperium
1660 4604 1846 4672 occupaverat
1860 4600 1890 4656 iu

210 4692 320 4748 aclibus
336 4691 507 4763 Cyprianicis
523 4707 558 4746 ex
572 4706 693 4746 numero
706 4690 833 4762 quinque
847 4689 1023 4762 presbytero·
1076 4691 1130 4748 hae
1151 4692 1308 4764 provincia,
1323 4698 1352 4748 et
1374 4693 1446 4749 vires
1461 4709 1525 4748 suas
1549 4709 1615 4749 cum
1635 4693 1732 4749 Gothis
1754 4693 1891 4750 adversus

210 4802 276 4840 rura
301 4785 398 4855 eximi,
412 4801 476 4839 cum
501 4783 658 4857 Cyprianus
680 4784 714 4839 de
729 4799 762 4838 eo
785 4783 814 4838 ia
837 4783 967 4854 epictiti
987 4785 1025 4839 sic
1075 4785 1890 4859 Deciumconjuurerat.RedeuntiCyprisnolaetissimum

211 4879 345 4951 loquatur
359 4895 366 4932 r
384 4899 398 4928 ιι
411 4877 487 4934 idem
498 4881 540 4933 est
551 4879 673 4933 Novatos
686 4877 735 4949 qui
745 4875 821 4948 apud
835 4892 886 4931 nos
898 4876 1025 4948 primum
1075 4879 1270 4954 spectaculum
1281 4881 1346 4950 luit,
1357 4887 1385 4937 et
1395 4880 1535 4953 plurimos
1548 4881 1734 4948 confessores,
1745 4881 1774 4936 in
1785 4881 1891 4952 quibus

212 4971 362 5026 discordia
380 4976 409 5026 ct
429 4970 590 5026 schismatis
608 4971 774 5026 incendium
794 4971 956 5038 seminavit,
976 4971 1025 5043 qui
1075 4973 1226 5029 etlcminse
1241 4974 1403 5046 etvirgiaes
1416 4974 1535 5046 etpueri
1548 4975 1703 5043 enitebant,
1715 4978 1744 5029 et
1756 4979 1891 5031 caeteram

213 5065 352 5136 quosdam
373 5064 436 5119 istic
449 5081 483 5120 er
498 5064 634 5120 iratribus
650 5065 685 5120 ab
701 5064 835 5136 episcopo
853 5065 1023 5136 segregavit,
1074 5067 1211 5123 stantium
1224 5067 1447 5136 multitudinem,
1464 5069 1567 5140 quibus
1580 5068 1651 5123 nihil
1665 5069 1737 5124 tanti
1750 5068 1844 5124 iuerat
1859 5074 1892 5124 ut

212 5158 261 5230 qui
283 5159 312 5213 iu
338 5157 397 5230 ipsa
424 5157 623 5229 persecutione
650 5158 686 5214 ad
713 5159 881 5214 evadendas
903 5159 1023 5214 fratrum
1074 5161 1255 5233 imperatoris
1269 5162 1353 5217 edicti
1363 5163 1549 5234 parerent,in
1567 5162 1686 5217 ecclesia
1702 5169 1892 5234 congregatos

213 5254 322 5308 mentes
342 5251 398 5306 alia
420 5250 552 5324 quaedam
578 5252 737 5322 persecutio
757 5257 860 5308 nostes
879 5253 941 5308 luit.
963 5255 1024 5324 lpse
1074 5254 1891 5327 intueri.Sedeumsollicitudinedistringebautlapsi,non

213 5348 256 5401 est
281 5345 330 5417 qui
351 5343 557 5400 Felicissimum
581 5345 732 5401 satellitem
751 5361 834 5400 suum
858 5345 1022 5418 diaconum,
1074 5348 1115 5404 illi
1131 5348 1250 5421 quidem
1268 5349 1318 5420 qui
1331 5365 1397 5404 vere
1411 5354 1438 5403 et
1452 5363 1485 5404 cx
1501 5348 1597 5404 animo
1613 5349 1811 5420 poeaitentiam
1829 5365 1893 5404 anr-

212 5455 265 5494 nec
285 5437 471 5512 permittente
495 5453 542 5494 me
564 5454 616 5494 nec
640 5439 755 5509 sciente,
776 5455 828 5494 sua
849 5438 972 5496 factione
995 5444 1023 5496 et
1073 5442 1150 5514 plexi
1161 5443 1283 5510 lucrant,
1296 5458 1364 5497 nam
1374 5442 1434 5498 istis
1444 5443 1548 5498 miram
1561 5441 1590 5497 in
1601 5440 1720 5498 modum
1730 5443 1891 5514 gratulatus

211 5533 366 5590 ambitione
387 5531 543 5602 constituit,
557 5537 611 5588 etc.
628 5554 642 5584 o
668 5533 735 5589 Erat
756 5533 843 5589 eliam
864 5549 898 5589 ex
919 5533 1022 5590 eodem
1072 5537 1174 5604 fuerat,
1187 5535 1271 5608 eique
1282 5537 1447 5594 ostenderat
1457 5537 1595 5592 Dominus
1608 5559 1622 5586 ιι
1630 5535 1848 5609 quidejusmodi
1859 5541 1890 5592 et

210 5643 343 5695 numero,
360 5624 456 5700 119
474 5629 506 5680 ut
525 5628 643 5683 testatur
661 5626 818 5700 Cyprianus
831 5627 861 5682 in
880 5627 960 5700 epist.
978 5630 1021 5696 55,
1074 5629 1175 5705 120
1192 5630 1261 5686 tales
1275 5629 1347 5686 servi
1362 5631 1397 5686 de
1412 5632 1473 5704 ejas
1485 5630 1661 5703 benignitate
1675 5634 1885 5702 ureraantur5u

209 5721 392 5786 Fortunatus,
426 5735 511 5792 quem
544 5719 718 5776 schismatici
745 5721 1021 5796 pseudoepiscopum
1073 5723 1886 5799 sedquiseapostatisetperlldisy'unrerant,autpeccatuar

208 5815 461 5894 Carthaginensem
477 5818 574 5891 postea
591 5819 734 5874 crearunt.
751 5817 812 5876 Duo
827 5815 874 5874 alii
894 5833 950 5873 nou
966 5815 1020 5876 im·
1074 5831 1158 5876 suum
1170 5815 1245 5873 lurto
1259 5815 1629 5892 quodamabscoudcrc,aut
1644 5815 1886 5892 cognitumpoeui-
