3978 6204
89 231 133 288 os
762 227 923 286 nrrsroea
942 227 1076 285 cxxvrn
1259 230 1261 239 ·
1705 223 1757 282 tas

90 355 160 409 uide
179 352 239 408 istis
255 351 377 408 tenebris
397 353 428 408 et
446 352 558 424 laqueis
578 351 680 411 mnndi
703 369 755 408 nos
777 367 893 424 quoque
904 363 995 436 Auos
1008 350 1136 422 discipuli
1159 350 1246 407 secuti
1265 349 1341 422 apud
1364 347 1515 421 praesidem
1530 343 1622 404 dicere
1636 345 1755 403 debere·

90 445 556 518 robisenminteorosetgloriosos
578 447 652 502 tiens
674 443 787 514 libaret,
804 445 893 518 utqui
944 461 1016 512 mus,
1044 444 1121 516 prior
1152 444 1227 516 apud
1254 446 1315 499 aeta
1341 443 1516 515 proconsulis
1552 441 1754 514 pronuntiasti,

88 539 223 595 charitatis
240 545 269 594 et
282 539 359 610 pacis
385 538 498 594 vinculo
518 540 643 610 copulati
667 543 766 595 contra
780 539 892 594 bereti·
944 542 972 595 et
988 537 1057 594 tuba
1084 553 1188 592 canens
1215 537 1262 592 llei
1287 537 1400 606 milites,
1427 537 1585 592 coelestibus
1606 537 1695 591 armis
1710 536 1755 592 in·

88 649 175 688 corum
197 632 320 703 injurias
343 636 373 686 et
391 647 536 704 pressuras
552 631 703 704 gentilium
717 632 803 688 simul
818 631 895 688 steti·
944 635 1074 700 structos,
1091 631 1128 686 ad
1145 629 1356 702 congressionis
1378 629 1510 702 pralium
1533 630 1671 698 excitasti,
1686 633 1715 684 et
1728 629 1756 684 in

87 743 151 794 mus,
167 724 275 796 pariter
286 725 315 780 in
331 725 429 797 regnis
448 724 607 781 caelestibus
622 725 807 797 gelideamus.
820 723 894 796 Opto
943 726 1002 782 acie
1015 725 1109 796 perime
1121 739 1254 796 pugnans
1267 723 1388 794 spiritali
1403 722 1495 794 gladio
1507 723 1653 778 diabolum
1667 724 1756 778 iuter-

85 835 137 886 ros,
160 817 314 874 beatissimi
335 835 368 874 ac
387 817 565 874 dilectissimi
588 817 701 886 tratres,
716 818 757 890 [in
773 818 893 874 llemino
944 803 1046 888 tacisti,
1062 817 1179 890 agmina
1193 833 1306 890 qnoque
1326 817 1447 872 fratrum
1473 817 1540 871 bine
1564 820 1592 872 et
1611 817 1678 872 inde
1694 833 1755 872 rer-

1 971 2 978 ,
85 913 151 968 bene
167 912 265 968 valera
279 912 410 969 claustri
423 911 699 985 semparetnbique
717 910 893 968 meminisse.
943 912 986 968 bis
1012 911 1067 966 tuis
1087 910 1281 982 composuisti,
1304 913 1334 965 ut
1357 908 1468 966 insidia
1490 909 1605 964 inimico
1630 909 1756 980 undique

265 1027 362 1102 420
389 1028 554 1085 Epysqoqu
577 1029 708 1084 mum·
943 1005 1139 1073 tonderentur,
1154 1009 1182 1059 et
1199 1003 1345 1060 cadaveris
1365 1004 1421 1075 (or)
1435 1002 1652 1074 ipsius,publiei
1670 1002 1757 1056 hostis

85 1133 172 1191 [pomo
214 1131 302 1199 mgm
336 1135 421 1186 ,Bm
464 1145 576 1186 Imm.
594 1135 673 1188 pm·
705 1134 789 1185 om·
816 1135 875 1198 up,
943 1100 1025 1155 nervi
1038 1097 1141 1154 concisi
1155 1097 1339 1154 calcarentur.
1358 1096 1447 1152 Crede
1468 1095 1562 1162 nobis,
1579 1094 1756 1162 charissime,

175 1170 192 1195 Ἰ
303 1169 323 1197 Ἰ
423 1169 577 1270 '’nxmrf
678 1169 685 1195 ⁸
793 1170 800 1196 ⁸
877 1169 894 1196 Ἰ
945 1193 1081 1264 quoniam
1102 1207 1156 1246 non
1185 1194 1261 1246 esta
1283 1188 1573 1260 centesimopreemic
1596 1187 1692 1243 minor
1711 1192 1758 1243 tna

86 1306 237 1359 smmum,
268 1307 375 1360 namur,
411 1308 511 1348 runcis
536 1309 567 1348 as
594 1307 714 1350 ricroms
737 1307 895 1348 aaaronsun
945 1285 1082 1341 innocens
1103 1285 1210 1348 anima,
1233 1301 1297 1355 qnae
1320 1300 1372 1339 nec
1390 1283 1486 1340 saculi
1506 1283 1614 1354 primos
1639 1282 1759 1354 impetus

377 1397 412 1438 an
431 1397 596 1438 cursianum.
944 1379 1049 1445 timuit,
1064 1395 1116 1434 nec
1129 1378 1171 1434 ire
1184 1377 1513 1443 inexsilinmrecnsavit‚
1527 1393 1580 1432 nee
1594 1375 1757 1447 relinquero

86 1498 280 1550 mmmm
300 1523 332 1536 ,,,
344 1495 534 1566 gpssyoymss
553 1499 578 1552 ,o
600 1495 662 1550 du„
675 1495 897 1565 gemmoso
945 1472 1088 1528 civitatem
1116 1471 1266 1539 dubitavit,
1290 1487 1341 1526 nec
1361 1469 1390 1525 in
1412 1471 1521 1526 deserto
1545 1470 1606 1524 loco
1631 1484 1759 1523 commo·

114 1584 192 1638 anuo
207 1600 294 1653 qoam
307 1587 588 1654 rospomconomy
607 1589 646 1639 oo
666 1584 808 1655 moyam
825 1599 895 1655 m.
946 1567 1003 1624 rari
1018 1568 1039 1602 ⁶¹
1064 1566 1193 1636 horruit;
1219 1571 1257 1636 et,
1281 1564 1418 1638 quoniam
1440 1563 1536 1619 miritis
1555 1563 1757 1618 documentum

114 1673 259 1735 mom,
282 1679 377 1744 oypoo
400 1688 459 1742 ow
485 1675 639 1742 oratiorum
661 1675 893 1728 acyronomcono.
946 1659 1128 1716 confessionis
1144 1659 1233 1728 dedit,
1249 1659 1310 1731 ipsa
1323 1661 1480 1730 martyrum
1494 1655 1572 1730 prior
1582 1655 1670 1711 duxit.
1683 1655 1757 1710 Alios

1 1808 2 1833 Χ
114 1767 186 1823 nem,
202 1767 261 1816 tum
273 1777 323 1832 oro
340 1762 523 1818 consolatione
538 1763 684 1830 litteo-offo,
698 1766 755 1818 tum
767 1777 818 1832 pro
832 1762 895 1817 ooo.
908 1731 934 1804 Β
947 1755 1025 1810 ellim
1040 1759 1068 1808 et
1083 1753 1219 1825 martyria
1234 1751 1363 1808 iacienda
1374 1751 1501 1824 extimplo
1516 1766 1566 1805 suo
1579 1750 1755 1822 provocavii3

1 1887 2 1923 ,
113 1850 254 1906 εἰάίουηα
280 1852 372 1906 misso
402 1854 446 1908 lte
465 1867 495 1906 eo
512 1856 604 1906 eutem
626 1851 700 1922 quod
716 1851 894 1908 tresdiuersae
944 1851 1037 1904 eines
1053 1853 1163 1902 nutum
1187 1853 1345 1919 martyrum
1366 1845 1402 1902 de
1424 1843 1755 1915 saeculojamexceden-

114 1939 230 2008 epistota
249 1941 389 2010 rescripta
408 1944 473 1994 suat
489 1940 527 1994 od
551 1941 660 1996 unicum
678 1939 821 2010 Cypriani,
838 1939 894 1994 eol·
944 1941 1015 1996 tium
1034 1940 1109 1996 socia
1124 1957 1185 1996 esse
1200 1940 1293 2012 coepit,
1309 1939 1357 1995 sed
1372 1955 1437 1995 cum
1452 1941 1480 1994 et
1499 1938 1602 1993 tuturis
1615 1937 1757 1994 coelestem

116 2027 193 2097 lipare
216 2034 258 2083 est
279 2030 308 2082 ta
335 2028 450 2084 diuersis
474 2028 581 2084 metalli
605 2029 708 2096 fodinis
735 2033 894 2085 constitutos
943 2033 1097 2090 amicitiem
1111 2034 1261 2106 copulavit.

113 2117 197 2182 lilii&
219 2118 361 2187 θΡῑδῦθΡθθ
380 2119 429 2187 qui
448 2132 492 2171 ⁶⁰⁵
510 2118 643 2172 imbuiti-
661 2118 740 2184 (2²²⁰d
753 2122 895 2188 mimi
979 2130 1021 2186 iii.
1036 2133 1134 2201 Agunt
1153 2144 1222 2200 erge
1238 2127 1290 2182 tibi
1307 2125 1458 2182 nobiscnm
1477 2125 1605 2182 damnati
1618 2125 1758 2195 maximas

115 2207 225 2276 &¹⁰¹⁰
240 2207 288 2268 8⁰·
302 2206 350 2261 'tif
358 2207 424 2261 Μ’
436 2205 540 2260 'titiam
551 2208 582 2275 di
597 2209 705 2260 mettim·
944 2222 1021 2294 apud
1043 2224 1131 2278 [lenm
1160 2221 1276 2294 gratias,
1304 2220 1445 2294 Cypriane
1465 2219 1658 2288 dilectissime,
1680 2217 1760 2292 quod

114 2313 132 2368 i.
147 2312 293 2385 Cypriane
305 2311 390 2368 tratri
411 2311 606 2381 Nemesianus,
630 2311 742 2368 nativus
765 2313 852 2382 Felix,
865 2319 893 2370 et
942 2315 1043 2372 litteris
1066 2315 1122 2371 tuis
1140 2314 1296 2372 laborantia
1317 2319 1431 2387 pectora
1462 2314 1606 2383 recreasti,
1634 2312 1757 2368 fustibus

84 2405 166 2460 lictor
173 2405 203 2460 in
217 2403 341 2461 Domino
353 2411 492 2460 aeternam
504 2404 637 2461 salutern.
646 2407 766 2478 Semper
779 2407 894 2478 magnis
942 2410 1086 2466 vulnerata
1100 2408 1228 2466 membra
1244 2408 1359 2478 curasti,
1371 2407 1559 2480 compedibus
1578 2407 1665 2480 pedes
1679 2408 1753 2480 liga·

86 2499 205 2554 sensibus
217 2515 275 2571 pro
290 2498 428 2570 temporis
447 2497 611 2554 conditione
630 2498 892 2556 litteristnisloen-
942 2507 985 2559 tos
1009 2503 1157 2576 resolvisti,
1184 2501 1342 2558 semitonsis
1378 2502 1478 2574 capitis
1493 2502 1517 2538 ⁸¹
1555 2502 1758 2574 capillaturam

85 2595 122 2646 tus
136 2610 173 2662 es,
188 2592 333 2665 Cypriane
349 2591 531 2648 dilectissime
543 2608 550 2658 ;
561 2591 666 2663 quibus
684 2591 799 2648 assidue
814 2594 893 2651 lectis
942 2596 1110 2668 adaquasti,
1132 2596 1266 2651 tenebras
1300 2595 1419 2652 carceris
1445 2595 1623 2666 illuminasti,
1645 2598 1758 2652 mentes

1 2755 2 2758 Ἴ
85 2691 108 2740 et
119 2687 192 2757 pravi
204 2686 394 2758 corriguntur
414 2691 442 2740 et
462 2686 544 2740 bonae
559 2685 626 2740 lldei
648 2686 781 2742 homines
794 2703 891 2743 corro-
942 2689 1051 2746 metelli
1065 2690 1094 2745 in
1109 2691 1227 2762 planum
1242 2689 1519 2758 deduxisti,naribns
1532 2690 1619 2745 etiarn
1630 2689 1759 2762 fragran-

85 2779 221 2836 berantnr.
238 2781 314 2834 lium
336 2778 413 2860 enim
436 2795 493 2834 non
519 2777 624 2833 desinis
647 2780 809 2836 tractatibus
836 2781 892 2838 tuis
943 2785 1018 2839 testi
1043 2784 1129 2840 liores
1153 2783 1325 2854 imposuisti,
1351 2787 1379 2838 et
1411 2787 1519 2838 tetrum
1543 2782 1662 2839 odorem
1686 2783 1758 2839 iorni

87 2877 257 2929 sacramenta
276 2873 393 2940 nrrdsre,
409 2873 448 2928 sie
462 2888 513 2928 nos
527 2872 556 2927 in
572 2871 660 2929 fideti
680 2874 750 2930 iacis
763 2867 892 2930 erescere
941 2877 1082 2934 exclusisti
1095 2879 1129 2932 ⁶⁸.
1156 2877 1232 2932 Fecit
1250 2879 1347 2931 autem
1371 2881 1401 2932 ct
1425 2883 1607 2948 prosecutum
1627 2877 1756 2932 ministe-

1 3007 2 3014 ,
88 2967 162 3022 etde
183 2967 291 3023 soecrrlo
317 2966 452 3022 homines
470 2965 507 3021 ad
527 2965 727 3022 credulitatem
746 2967 890 3024 accedere.
943 2971 1017 3026 rinm
1031 2976 1112 3026 tunm
1129 2975 1158 3026 et
1178 2969 1289 3035 Quirini
1305 2969 1478 3025 dilectissimi
1498 2970 1588 3025 nostri
1605 2970 1682 3042 quod
1706 2987 1760 3042 per

1 3115 2 3118 ,
87 3060 146 3116 liam
161 3076 344 3132 quaecunque
359 3059 435 3115 bona
445 3059 474 3114 in
488 3059 587 3114 multis
600 3059 744 3114 libristnis
757 3059 889 3130 intulisti,
945 3063 1156 3120 Herennianum
1177 3063 1231 3134 (65)
1254 3063 1494 3135 hypodiaconum,
1516 3067 1544 3119 et
1561 3062 1717 3118 lucianum
1730 3067 1758 3118 et

86 3154 185 3210 nescius
197 3155 298 3226 ipsum
310 3156 338 3209 te
356 3151 436 3208 nobis
458 3152 614 3226 designasti
620 3169 630 3223 ;
656 3170 685 3209 es
702 3153 779 3209 enim
794 3155 818 3189 ⁶⁰
832 3106 931 3210 om·C
943 3159 1097 3214 ltaximnm
1123 3163 1151 3213 et
1172 3157 1336 3214 rimantium
1361 3157 1505 3229 acolythos
1530 3157 1759 3214 distribuendum

88 3247 159 3302 nibus
172 3245 342 3303 bominibus
356 3245 385 3301 in
399 3250 520 3302 tractatu
535 3245 638 3318 major,
658 3245 687 3303 in
708 3263 840 3304 sermone
853 3247 895 3304 fa·
943 3252 1078 3307 misistiil
1102 3268 1279 3323 quoacunque
1303 3249 1516 3306 necessitatibus
1534 3266 1687 3322 corporum
1704 3252 1754 3307 de-

87 3341 201 3408 condior,
215 3341 246 3396 in
263 3339 380 3395 consilio
396 3340 562 3412 sapientior,
585 3340 615 3395 in
638 3339 778 3412 patientia
792 3341 897 3413 simpli·
942 3346 1057 3401 fuerant
1075 3345 1213 3417 expediri.
1239 3343 1334 3400 Simus
1354 3361 1424 3416 ergo
1447 3343 1625 3399 orationibus
1655 3347 1759 3400 nostris

88 3433 147 3500 cior,
162 3435 190 3488 in
215 3433 354 3506 operibus
380 3433 498 3505 largior,
516 3433 545 3488 in
572 3433 751 3488 abstinentia
774 3435 897 3490 sanctior
943 3438 1110 3494 alterutrum
1132 3439 1289 3510 adjutores,
1316 3443 1344 3492 et
1358 3453 1502 3509 rogemus,
1517 3437 1588 3493 sicut
1605 3438 1758 3502 mandasti,

1 3563 2 3576 2
88 3525 112 3580 in
124 3527 256 3600 obsequio
273 3525 418 3596 humilior,
433 3531 461 3582 et
474 3525 504 3580 in
522 3529 587 3582 aetn
607 3526 686 3581 bono
701 3527 894 3584 innocentior.
944 3538 975 3587 nt
989 3533 1077 3587 llenm
1091 3536 1120 3587 et
1134 3531 1315 3587 Claristnmet
1328 3532 1451 3603 Angelos
1463 3532 1492 3587 in
1503 3530 1636 3587 omnibns
1650 3532 1759 3587 actibus

1 3631 2 3636 ’
88 3619 138 3674 Scis
150 3627 178 3676 et
198 3622 275 3692 ipse,
296 3619 471 3690 charissime,
494 3625 623 3676 nostrum
650 3621 773 3692 optabile
793 3628 891 3678 return
942 3626 1045 3682 nostris
1061 3625 1221 3682 habeamus
1236 3625 1374 3681 iuratores.
1389 3625 1527 3696 Optamus
1543 3631 1582 3694 te,
1597 3624 1697 3700 422
1712 3627 1760 3681 do·

89 3729 140 3768 esse
153 3715 227 3787 qued
238 3720 268 3770 te
282 3714 438 3781 videamus,
453 3712 601 3768 doctorem
616 3718 645 3768 et
660 3717 819 3769 amatorem
839 3717 891 3787 (ss)
944 3720 1019 3775 mine
1032 3720 1129 3787 irater,
1151 3735 1264 3792 semper
1282 3719 1356 3774 bene
1378 3719 1470 3774 valere
1495 3722 1524 3773 et
1547 3720 1636 3775 nostri
1657 3720 1758 3776 memi-

89 3809 219 3877 nostrum,
235 3807 276 3864 ad
297 3823 429 3863 coronam
448 3823 560 3878 magnas
583 3806 765 3864 confessionis
791 3824 892 3880 perre-
942 3811 1028 3869 nisse
1043 3814 1139 3870 Saluta
1153 3812 1313 3884 omnesqui
1329 3817 1425 3868 tecum
1448 3813 1647 3870 sentences
1669 3815 1760 3870 nostri

1 3923 2 3928 ¹
92 3901 166 3956 nime.
942 3906 991 3978 qui
1007 3907 1155 3962 nobiscnm
1169 3908 1236 3961 siant
1251 3908 1278 3960 te
1292 3911 1392 3961 amant
1412 3909 1442 3960 st
1462 3905 1598 3975 smutmrt,
1621 3910 1652 3962 et
1665 3907 1760 3964 sidera

120 3993 202 4070 421
222 3995 258 4050 ll.
275 3997 356 4066 Nam,
374 3993 557 4067 qnasibonus
570 3999 598 4049 et
611 4009 692 4050 varus
705 3994 812 4064 docter,
823 3996 892 4068 qnid
942 3999 1119 4055 desiderant.

744 4095 872 4162 ¹Variae
897 4099 1068 4165 lectiones.

117 4196 134 4228 ⁵⁹
149 4195 242 4247 Fidem
269 4196 337 4243 Voss.
356 4193 379 4244 2.
412 4193 434 4225 ⁶⁰
454 4191 564 4243 Etenim
586 4191 716 4243 omnibus
732 4193 787 4244 ΝΟ.
805 4195 829 4244 t.
862 4195 1187 4249 ‘incrustaturas
1223 4200 1244 4232 ⁶¹
1266 4197 1411 4263 Capitibus
1433 4199 1487 4249 tiu.
1521 4197 1542 4232 ⁸¹
1563 4197 1758 4262 Flagrantibus

95 4264 152 4314 Voss.
166 4267 189 4317 Ξ.
224 4269 245 4300 ¹⁴
257 4263 420 4316 Diseussisti
434 4266 502 4313 Pam.
520 4261 574 4314 NG.
587 4263 611 4312 t.
631 4264 697 4313 Voss.
712 4263 737 4313 t.
770 4264 792 4296 ⁶⁵
807 4265 958 4318 Mandestis
972 4269 1040 4318 Pom.

723 4337 837 4421 Steph.
867 4339 991 4405 Balnzii
1018 4348 1116 4408 netae.

116 4448 158 4510 (63)
173 4449 206 4499 ls't
230 4453 385 4500 amatorem.
403 4447 457 4496 ista
483 4445 538 4498 duo
555 4444 690 4496 voeabula
709 4459 767 4498 non
788 4447 892 4500 baben·
942 4457 1020 4514 paret
1033 4456 1060 4504 te
1073 4453 1167 4504 minus
1187 4453 1271 4504 saluti
1290 4453 1432 4504 communi
1452 4467 1537 4517 qnam
1558 4454 1626 4504 sorti
1644 4454 1763 4517 privata

92 4519 298 4570 turinediiione
315 4517 440 4578 Manutii,
454 4517 502 4583 qui
523 4516 630 4580 primus
651 4517 726 4569 banc
745 4518 891 4583 epistolam
900 4489 1092 4576 D'intenuare.
1108 4540 1123 4574 a
1137 4525 1206 4575 Nam
1229 4525 1257 4574 in
1287 4525 1372 4576 veteri
1398 4523 1495 4576 codice
1518 4537 1570 4576 ms.
1593 4525 1760 4576 monasterii

91 4589 173 4640 edidit.
195 4593 301 4642 Desunt
325 4590 410 4640 etiam
440 4587 468 4638 in
492 4587 588 4640 codice
621 4587 827 4652 Moyssiacensi.
866 4591 894 4640 ln
944 4596 1035 4646 saneti
1047 4595 1164 4660 Remigii
1185 4594 1329 4646 Ramensis
1355 4597 1490 4659 seriptum
1509 4599 1554 4645 ast
1571 4609 1652 4659 quem
1673 4594 1760 4644 umori

92 4657 213 4722 lurensi,
226 4665 253 4712 ei
268 4661 297 4711 in
313 4657 492 4710 Lamoniuno.
511 4657 628 4710 Exstant
646 4661 740 4710 antem
761 4659 790 4709 in
811 4659 895 4724 pluri·
943 4667 1059 4729 priuato.

92 4728 136 4780 bus
148 4732 353 4796 elisantiquis,
367 4731 450 4780 stiam
465 4729 495 4780 in
510 4729 663 4782 Veronensi
687 4732 715 4780 et
732 4731 897 4784 ineditiona
975 4738 1027 4801 (dt)
1050 4739 1202 4790 cnduoaris.
1229 4740 1293 4789 Duo
1313 4737 1377 4788 libri
1404 4740 1510 4788 veteres
1537 4735 1643 4788 babent
1673 4734 1762 4788 ‹Ca-

93 4801 248 4854 llorelliana.
275 4802 439 4854 Emendabe
463 4803 567 4861 autem,
593 4799 656 4850 data
684 4801 895 4864 occasionalo-
945 4807 1044 4859 dusera
1065 4809 1152 4873 ipsius
1171 4809 1279 4882 publici
1305 4808 1394 4858 hostis
1417 4811 1446 4858 et
1467 4807 1552 4880 nerui·
1572 4807 1677 4858 conatui
1702 4807 1759 4860 ρει.

94 4875 235 4926 enmralde
249 4874 412 4924 mendosum
429 4874 457 4922 in
475 4871 591 4936 epistola
618 4871 650 4920 ³5
672 4872 747 4922 auiti
772 4874 894 4937 episcopi
945 4874 1081 4922 curentur.
1110 4889 1125 4918 s>
1148 4871 1196 4923 Sic
1222 4875 1303 4922 etiam
1326 4875 1382 4920 tres
1408 4867 1564 4933 anglicani.
1587 4869 1629 4920 lta
1648 4882 1762 4934 queque

93 4941 255 5005 Viennensis,
282 4945 330 5010 qui
351 4944 393 4995 sie
418 4943 503 4996 babet
530 4959 536 4992 s
561 4959 576 4990 a
592 4943 661 4996 Nam
688 4956 736 5007 per
764 4945 895 5008 majorem
944 4940 1077 4994 babuisse
1093 4941 1281 4994 veronensem
1296 4940 1422 4994 omnium
1441 4939 1667 5005 antiquissimum
1689 4940 1761 4992 mihi

93 5013 179 5068 demus
199 5017 295 5078 Tullii,
312 5016 361 5080 qui
376 5027 499 5068 amoram
529 5017 607 5066 inum
628 5015 781 5066 Dominum
801 5029 895 5068 meum
945 5017 1118 5076 compertum
1141 5018 1190 5066 ost.
1212 5014 1263 5066 llis
1284 5012 1496 5066 auctoritatibus
1513 5010 1599 5065 tultus
1626 5011 1761 5064 constitui

94 5083 289 5149 sigismundum
308 5101 324 5138 a
343 5092 421 5151 patre
433 5090 491 5146 tuo,
505 5103 520 5133 s
544 5087 596 5136 ete.
620 5085 737 5138 Multum
759 5087 836 5144 torsit
850 5087 896 5140 hie
945 5097 1039 5136 veram
1050 5084 1208 5138 lectionem.
1227 5085 1295 5136 Nam
1309 5087 1442 5148 practerea
1458 5087 1565 5134 certum
1578 5086 1621 5136 ast
1632 5095 1690 5134 non
1700 5095 1761 5135 esse

93 5155 161 5210 loeus
173 5161 264 5212 sirum
275 5158 536 5224 praestantissimum
548 5155 687 5208 iacobum
706 5156 893 5210 sirmondum.
945 5155 1025 5220 plura
1039 5154 1174 5208 cadavera
1188 5155 1216 5206 in
1230 5169 1287 5206 nno
1300 5154 1390 5206 hoste.

94 5227 178 5293 ltaque
195 5229 333 5282 idbarele
352 5229 463 5293 injuria.
484 5229 520 5278 itt
542 5227 565 5276 sl
587 5226 754 5278 Sirmondus
779 5229 897 5284 vidisset
977 5227 1024 5288 (⁶3)
1050 5227 1101 5277 Pet·
1122 5227 1331 5280 Herennianum·
1361 5224 1458 5277 C0d0¹
1491 5223 1639 5277 Rementlfl
1672 5225 1763 5278 88Ποῑί

94 5304 204 5356 retorem
218 5302 320 5354 librum
337 5301 408 5356 Petri
432 5299 570 5352 tiernusii
589 5300 726 5351 senatoris
746 5300 895 5355 Gratiano·
945 5297 1081 5361 Dionysii.
1106 5317 1120 5344 «ι
1145 5299 1198 5348 Par
1218 5296 1342 5350 Felicem
1358 5295 1569 5348 Herennianum
1589 5295 1762 5362 hypodiaco-

1 5433 2 5438 *
95 5371 203 5436 polliani,
217 5373 326 5424 nullum
341 5373 368 5422 in
389 5370 574 5434 explicatione
599 5369 684 5433 hujus
702 5371 756 5421 loci
772 5370 895 5422 laborem
945 5382 1013 5419 num
1039 5371 1065 5420 et
1088 5368 1242 5420 Lucienum
1267 5371 1294 5420 et
1316 5368 1472 5420 Maximum
1500 5370 1530 5419 et
1553 5369 1709 5431 Angustum
1735 5370 1763 5418 et

95 5438 229 5496 tabuisset
256 5443 303 5496 Sic
320 5444 396 5496 enirn
421 5441 555 5505 scriptum
574 5443 617 5490 est
640 5443 668 5491 in
693 5440 764 5494 libro
777 5441 827 5494 ille
851 5455 898 5494 ve·
946 5439 1103 5491 Amandum
1125 5440 1317 5505 presbyterum
1341 5437 1571 5496 distribuendam,
1595 5458 1609 5486 o
1633 5441 1686 5492 etc.
1715 5437 1763 5491 Sic

1 5509 2 5578 i
97 5511 266 5566 terinaeus
284 5527 333 5578 per
346 5515 479 5577 majoram
495 5511 595 5563 domus
618 5515 684 5574 tum,
707 5513 754 5577 qui
777 5511 896 5566 damna·
946 5511 1028 5561 etiam
1051 5511 1138 5562 terme
1166 5513 1194 5562 in
1217 5509 1327 5562 duobus
1354 5509 1524 5575 anglicanis.
1548 5509 1632 5560 Hunc
1654 5509 1762 5560 lieren·

97 5587 170 5636 terem
184 5585 317 5636 domnum
336 5597 429 5638 meum
451 5582 662 5648 sigismundum
682 5597 698 5634 a
720 5587 896 5648 patratum»
945 5583 1061 5632 nianum
1083 5582 1219 5634 Batonius
1237 5584 1317 5646 putat
1340 5581 1421 5632 illum
1444 5592 1506 5633 esse
1529 5594 1578 5645 per
1601 5593 1685 5645 quem
1709 5577 1762 5642 Cy·

97 5657 140 5704 stc.
166 5655 216 5708 Ubi
242 5659 332 5708 tamen
366 5653 560 5719 reponendum
590 5657 632 5706 eet
666 5659 813 5707 amatorem
845 5668 896 5720 pre
945 5654 1069 5718 prianns,
1082 5667 1146 5706 cum
1161 5653 1336 5714 assetexsul,
1348 5652 1531 5718 pecuniarum
1544 5650 1667 5702 subsidia
1687 5649 1763 5702 misit

99 5723 272 5781 damnatorem.
288 5725 393 5781 Similis
414 5725 572 5778 emendatio
593 5725 721 5778 fortassis
738 5725 897 5780 adhibenda
946 5724 983 5776 ad
993 5724 1167 5778 contessores
1181 5724 1217 5776 ad
1230 5723 1343 5778 maulia
1359 5723 1513 5778 damnatos.

1 5803 2 5819 t
100 5800 134 5845 est
146 5799 219 5863 epist.
234 5799 260 5850 li
284 5798 389 5853 Nicolei
410 5797 491 5866 Papa
507 5798 529 5862 1,
548 5799 576 5850 in
599 5810 655 5862 qua
671 5797 772 5862 legitur
788 5813 794 5848 ;
813 5797 895 5863 «ap-
