4090 6188
271 249 338 307 rrae
749 245 853 306 unua.
866 239 1048 305 mnwnbnt
1067 235 1219 302 nissam.
1237 229 1453 305 crematum.
1848 249 1904 307 ries

260 375 395 450 colligere
409 375 551 448 poterant,
566 373 597 430 in
613 389 670 448 quo
687 373 750 431 loco
763 377 960 450 apostolorum
982 372 1076 448 passio
1088 371 1299 458 ATestamenti
1342 374 1504 433 universam
1550 373 1735 433 oeconomiam
1775 379 1913 454 antitypum

259 469 392 542 baptismi
407 468 524 524 nomine
545 467 632 526 etiam
649 469 838 544 intelligenda
857 475 910 526 est.
927 469 1077 526 Videamus
1127 484 1197 538 esse,
1211 486 1276 542 qnae
1298 467 1385 526 luerit
1405 469 1434 525 in
1451 468 1586 526 universa
1607 469 1705 526 itidem
1722 473 1818 528 Veteris
1836 475 1905 531 Testa

261 580 330 636 ergo
353 567 469 620 rectene
493 563 555 620 heac
581 569 667 638 atque
689 562 817 638 legitime
836 563 975 638 procedat
994 579 1078 638 argu·
1128 561 1218 620 menti
1231 563 1387 620 oeconomia
1401 562 1593 621 adumbrata:
1610 564 1728 638 proinde
1747 581 1807 622 cum
1820 568 1914 640 qnidin

259 657 412 714 mentatio.
1127 661 1249 731 utraque
1262 657 1419 716 oeconomia
1441 657 1532 714 simile
1546 658 1717 731 repererint.
1733 659 1761 716 id
1780 677 1830 716 oua
1842 661 1914 718 etiam

295 749 310 826 5
324 755 351 808 9.
366 781 402 794 —-
414 751 610 810 Recolendum
624 751 720 827 itaque
731 752 875 828 imprimis
896 752 974 826 quod
992 767 1077 826 snpr-
1125 752 1290 822 admittunt,
1304 751 1383 826 quod
1395 749 1463 808 alibi
1484 751 1627 826 nuspiam,
1641 755 1675 809 nt
1696 751 1725 809 in
1743 753 1772 808 id
1788 771 1868 828 genus
1883 755 1913 812 si-

259 845 319 902 rius
338 846 427 904 etiam
450 847 662 905 observavimus
680 847 729 922 (l),
745 864 805 904 non
823 847 898 904 dicta
912 847 998 904 modo
1019 847 1075 904 llo·
1126 845 1560 904 militudinibnsasimilitudine
1573 849 1727 920 prototypa
1734 845 1770 903 ad
1778 849 1913 922 antitypum

257 939 332 997 mini
350 941 451 1012 noemi,
465 941 513 1000 sed
525 947 555 998 et
574 942 659 1012 iacta,
674 958 739 1014 φιω
752 941 869 1016 quidem
892 943 1001 1016 scriptis
1023 941 1073 997 ha·
1126 939 1245 997 solidam
1256 943 1413 1016 agnoscant
1425 943 1457 999 et
1469 940 1631 1016 legitimam
1646 943 1912 1015 argumentationem.

256 1033 362 1092 bemus
374 1035 458 1093 hodie
478 1036 621 1108 mandata,
636 1035 806 1109 prophetica
821 1051 893 1108 esse,
908 1039 938 1092 et
959 1035 989 1092 in
1010 1053 1074 1110 per·
1125 1037 1159 1094 Et
1169 1033 1285 1108 quidem
1297 1052 1331 1094 ea
1344 1035 1514 1094 certitudine
1536 1037 1643 1092 certam
1665 1037 1849 1108 agnoscebant
1868 1039 1911 1095 hu·

258 1134 379 1202 petuum
401 1129 533 1186 Ecclesiae
551 1146 636 1186 ursum
658 1129 827 1204 conscripta,
843 1133 875 1186 nt
897 1129 1020 1203 proinde
1039 1147 1075 1186 ex
1122 1127 1251 1201 jusmodi
1265 1130 1546 1203 argumentationem
1561 1146 1626 1203 quse
1638 1145 1703 1186 cnm
1718 1147 1751 1188 ea
1768 1131 1913 1190 obscuritate

258 1221 289 1278 id
303 1239 394 1296 genus
407 1223 499 1280 lactus
513 1240 571 1280 non
585 1223 621 1280 sit
634 1223 731 1294 iutilia,
746 1229 778 1279 ut
790 1225 894 1295 putent
908 1224 1006 1298 vulgo,
1024 1224 1074 1280 sed
1124 1223 1269 1279 conciliari
1281 1229 1376 1296 posset
1398 1240 1462 1297 qua
1481 1223 1546 1297 styli
1564 1223 1711 1297 symbolici
1731 1229 1759 1280 et
1777 1225 1913 1298 prophetici

257 1316 360 1390 solida,
375 1315 600 1390 argumentatio.
618 1317 704 1374 liecte
722 1317 822 1390 itaque
837 1316 983 1375 concludit
1005 1316 1073 1374 Ter·
1125 1316 1184 1374 iere
1198 1317 1324 1391 genuina
1339 1324 1392 1387 est,
1408 1317 1447 1373 ita
1460 1317 1561 1374 saltem
1576 1321 1684 1374 certam
1705 1321 1735 1375 nt
1753 1318 1840 1376 locum
1853 1319 1912 1376 inte-

255 1411 438 1468 tullianusex
451 1409 574 1484 eoquod
599 1405 737 1468 Dominus
749 1415 808 1470 tarn
822 1429 875 1486 por
890 1409 1071 1490 sanguinem¹
1123 1412 1180 1468 rim
1195 1411 1339 1486 relinquat
1350 1409 1440 1468 libero
1461 1411 1613 1468 hominnm
1631 1411 1760 1486 arbitrio,
1774 1412 1812 1468 ita
1824 1418 1913 1469 certam

259 1521 346 1579 qnam
367 1522 421 1577 per
441 1521 545 1580 aquam
571 1503 691 1576 venerit,
712 1505 882 1563 Christianis
904 1505 992 1563 etiam
1014 1511 1073 1563 tem
1123 1509 1155 1562 nt
1168 1505 1333 1563 hominibus
1352 1505 1478 1564 cordatis
1499 1505 1614 1563 abunde
1635 1505 1756 1563 sufficiat
1774 1507 1808 1563 ad
1823 1507 1914 1580 prauim

256 1597 440 1672 sanguinem,
462 1615 550 1672 quam
574 1616 689 1672 aqurarn,
710 1616 772 1658 esse
794 1601 967 1674 proficuum.
989 1601 1073 1658 Recte
1121 1599 1281 1674 prudenter
1300 1600 1516 1659 instituendam.
1529 1602 1573 1657 lta
1587 1599 1811 1674 quibuscumque
1822 1599 1914 1657 Veteris

255 1693 362 1749 iterum
378 1710 458 1750 exeo
476 1693 552 1768 quod
564 1693 735 1768 sanguinem
750 1695 860 1768 pariter
873 1711 906 1752 ac
929 1710 1035 1769 aquam
1056 1711 1073 1751 e
1122 1695 1296 1753 Testamenti
1317 1694 1387 1752 locis
1406 1694 1530 1768 aliquam
1552 1693 1695 1751 habemus
1715 1709 1793 1769 aqna
1810 1693 1913 1752 mentic-

255 1788 374 1844 vnlnere
396 1787 493 1844 lateris
516 1787 654 1856 emiserit,
672 1789 843 1863 sanguinem
856 1806 972 1864 quoque
991 1755 1201 1862 illumBnem,
1216 1807 1248 1847 ea
1266 1789 1364 1846 omnia
1385 1789 1514 1847 reierunt
1538 1789 1623 1846 etiam
1645 1790 1719 1846 sacri
1740 1789 1913 1862 scriptoresad

256 1897 354 1940 exusu
365 1883 427 1939 iore
439 1882 583 1940 Ecclesioe.
599 1883 640 1939 Ne
655 1899 722 1940 raro
735 1882 823 1940 nimia
838 1883 1027 1956 permittatur
1041 1883 1072 1938 in
1121 1883 1191 1942 Nori
1201 1882 1377 1941 Testamenti
1397 1897 1501 1958 aquam
1519 1881 1730 1956 baptismalem,
1744 1889 1773 1940 et
1790 1899 1848 1957 qne
1868 1882 1914 1938 siut

256 1975 311 2032 boc
333 1992 424 2049 genus
436 1975 739 2050 argumentationibus
761 1976 889 2046 licentia,
905 1977 1073 2034 observetur
1122 1979 1265 2036 innostro
1287 1977 1431 2052 baptismo
1455 1977 1551 2034 oliicia
1571 1975 1750 2034 observanda
1768 1977 1831 2033 inde
1849 1977 1912 2032 colli·

255 2067 398 2142 imprimis
419 2087 452 2126 aa
471 2087 536 2144 quaa
558 2070 605 2126 hic
630 2071 790 2144 protulerat
806 2069 996 2128 Tertullianus
1019 2071 1072 2126 llo-
1123 2077 1204 2146 gnnt.
1220 2073 1261 2128 lta
1275 2072 1346 2131 etin
1361 2071 1410 2127 illo
1429 2071 1647 2128 Atheniensium
1666 2069 1704 2127 de
1727 2072 1813 2128 muris
1829 2069 1913 2142 ligneis

255 2161 328 2220 mini
348 2164 480 2238 exempla
493 2180 552 2221 non
568 2163 793 2222 extraordinaria
814 2163 911 2236 fuisse,
927 2165 976 2221 sed
996 2164 1072 2222 ordi·
1121 2167 1236 2223 oraculo
1266 2165 1477 2238 Themistocles,
1506 2181 1572 2222 cnm
1603 2165 1817 2222 Atheniensium
1844 2179 1913 2220 cansa

254 2257 346 2316 naria.
368 2259 400 2314 ln
417 2257 572 2315 ordinariis
586 2257 667 2314 facile
680 2257 836 2316 admittent
860 2258 1015 2316 adversarii
1028 2259 1071 2314 ri·
1122 2259 1229 2318 editum
1243 2259 1445 2333 perpenderet,
1459 2257 1526 2315 inde
1546 2257 1769 2331 prudentissime
1783 2258 1911 2331 colligebat

252 2355 313 2410 tam
336 2351 449 2410 Domini
467 2352 629 2427 exemplum
652 2369 712 2409 esse
732 2353 971 2410 Christianorum.
986 2353 1069 2418 Quod
1121 2371 1154 2414 ex
1168 2354 1387 2412 Atheniensium
1401 2351 1524 2428 proinde
1541 2354 1668 2410 moribus
1690 2369 1750 2411 esse
1770 2352 1910 2425 intelligen-

254 2449 352 2504 autem
377 2461 428 2520 per
453 2447 624 2520 sanguinem
643 2447 751 2520 pariter
768 2464 802 2504 ac
825 2451 930 2521 aquam
949 2448 1069 2517 venerit,
1121 2450 1201 2507 dum.
1226 2449 1261 2507 Et
1286 2463 1352 2506 cum
1379 2447 1493 2505 oracula
1517 2449 1618 2518 Luxia,
1643 2447 1773 2521 llelpbici
1797 2448 1912 2504 nimirum

253 2539 283 2596 id
298 2557 385 2598 nemo
400 2539 511 2598 dubitet
531 2541 600 2614 quin
623 2541 677 2597 tale
697 2543 734 2598 sit
752 2541 782 2598 in
804 2558 859 2614 quo
882 2558 949 2598 enm
964 2541 1071 2598 imitari
1120 2542 1267 2618 Apollinis,
1289 2543 1398 2617 pariter
1430 2559 1463 2599 ac
1488 2543 1651 2600 ludaeorum
1684 2542 1911 2616 prophetissam
1937 2604 1939 2609 .

253 2633 405 2706 possimus,
420 2634 497 2708 quod
512 2633 607 2708 ipsum
628 2651 682 2692 nos
696 2635 836 2693 ordinarii
856 2652 923 2692 voce
938 2633 1071 2709 intelligi·
1120 2642 1214 2695 essent
1238 2637 1275 2695 ad
1298 2637 1435 2709 litteram,
1460 2637 1510 2694 sed
1536 2635 1702 2710 symbolice,
1725 2637 1814 2711 potius
1838 2649 1911 2707 arpo·

253 2744 336 2800 mus;
351 2728 428 2802 quod
442 2728 707 2801 porroetiamcnm
726 2729 867 2803 sanguine
883 2745 989 2802 aquae
1011 2729 1071 2786 rul-
1120 2733 1230 2803 nenda3
1247 2731 1277 2788 id
1298 2747 1383 2805 porro
1406 2729 1595 2805 quarendum
1618 2729 1713 2802 duxit,
1739 2729 1835 2804 ecquid
1852 2731 1912 2783 esset

253 2837 323 2880 1¹⁰l0
343 2821 439 2880 Ῑθῑθΐῑθ
459 2824 611 2894 minuit,
636 2823 667 2879 id
691 2840 807 2898 ‹11¹⁰<1110
827 2823 984 2881 ⁰⁰n00d8¹¹¹
1005 2839 1069 2879 ¹¹¹0·
1119 2831 1149 2888 in
1169 2833 1231 2906 jam
1251 2832 1406 2888 constituta
1426 2829 1645 2887 Atheniensium
1670 2829 1742 2903 Rep.
1765 2829 1836 2903 quod
1858 2841 1910 2883 cnm

253 2919 309 2976 dici
328 2921 586 2978 extraordinarium
600 2938 660 2978 non
685 2920 771 2980 fuisse
793 2922 817 2979 si
838 2922 873 2979 de
894 2939 967 2997 aqua
990 2922 1069 2996 peri·
1118 2925 1211 2983 muris
1225 2925 1330 2998 ligneis
1352 2923 1461 2998 aliquid
1483 2922 1602 2980 haberet
1618 2922 1706 2981 affine
1722 2925 1785 2992 (nec
1804 2920 1911 2978 enimin
1999 2941 2000 2948 ¹

253 3014 342 3071 cardii
356 3013 392 3073 sit
401 3015 633 3090 intelligendum.
648 3016 821 3074 Observatur
837 3033 924 3090 porro
940 3016 1067 3074 secundo
1118 3037 1218 3078 muros
1238 3019 1353 3077 noviter
1366 3019 1551 3076 exstruendus
1565 3017 1660 3092 ipsum
1675 3017 1808 3074 innuebat
1828 3029 1910 3071 oracu-

250 3107 441 3166 Ghristianam
453 3109 543 3166 sitam
558 3110 599 3166 ita
610 3109 641 3167 in
656 3111 735 3168 Novo
753 3112 932 3170 Testamenta
946 3111 1068 3168 describi
1078 3131 1106 3208 (q
1118 3115 1188 3186 lum)
1205 3119 1234 3172 et
1248 3129 1315 3171 vero
1334 3113 1405 3170 nihil
1424 3115 1487 3169 erat
1505 3112 1580 3185 quod
1599 3111 1629 3167 in
1649 3112 1722 3168 urbe
1742 3125 1804 3184 que
1821 3108 1911 3165 riribus

253 3202 336 3276 quasi
349 3201 428 3278 quod
441 3219 459 3259 a
473 3203 587 3260 Christo
599 3203 635 3260 ed
647 3204 778 3262 litteram
792 3206 960 3280 gestumsit,
972 3205 1001 3261 id
1015 3222 1067 3262 nos
1117 3210 1234 3266 floreret
1256 3207 1490 3280 commerciisque
1516 3205 1680 3276 maritimis,
1709 3205 1744 3262 ds
1769 3219 1822 3278 quo
1847 3201 1907 3260 muri

251 3296 370 3370 mystice
392 3312 492 3369 gerere
505 3295 670 3356 debeamus.
688 3301 730 3356 lta
751 3316 818 3356 eum
833 3316 867 3356 eo
887 3300 963 3356 mori
984 3299 1068 3356 debe·
1116 3304 1157 3362 illi
1172 3304 1265 3377 apn'us
1278 3305 1406 3377 possent,
1423 3315 1509 3374 quam
1533 3299 1569 3357 de
1589 3299 1710 3356 nasibus
1733 3297 1854 3371 intelligi.
1867 3297 1910 3350 liec
1998 3349 1999 3356 ,

250 3409 325 3464 mus,
338 3411 404 3452 cum
420 3411 453 3452 co
474 3395 612 3469 crucifigi,
625 3413 694 3454 cum
716 3414 751 3456 eo
767 3398 956 3471 ignominiam
976 3399 1064 3472 terre,
1115 3411 1181 3456 sero
1201 3397 1308 3471 aliquid
1321 3395 1427 3470 opponi
1449 3393 1479 3451 in
1498 3393 1675 3452 contrarium
1688 3397 1781 3467 potest
1794 3392 1827 3447 de
1840 3389 1909 3462 hujus

251 3505 317 3548 cuns
330 3506 364 3546 ec
382 3490 505 3565 sepeliri,
520 3507 671 3566 resurgere
686 3498 715 3550 et
736 3493 887 3552 ascendere
905 3494 936 3551 in
951 3493 1064 3550 caelum.
1115 3491 1375 3566 argumentationis
1397 3487 1612 3558 incertitudine,
1626 3487 1706 3560 quod
1729 3501 1786 3544 non
1805 3486 1838 3542 sit
1858 3497 1908 3539 om·

253 3584 373 3642 Notatur
384 3585 482 3652 tertio,
496 3585 558 3642 haee
573 3585 609 3642 de
621 3586 725 3645 Christi
744 3586 925 3660 passionibus
942 3604 1004 3645 esse
1019 3588 1066 3644 rel
1114 3585 1197 3644 ninm
1210 3585 1270 3644 lure
1285 3585 1500 3659 prophetiarum
1519 3583 1761 3656 oraculorumque
1777 3591 1908 3639 commum

250 3683 389 3756 primario
402 3683 603 3759 intelligenda,
617 3687 650 3740 nt
663 3701 828 3758 quanquam
847 3689 927 3758 geste
946 3685 1003 3742 sint
1028 3685 1064 3742 ab
1115 3680 1151 3740 ab
1166 3681 1233 3756 ipsis
1246 3695 1334 3755 usque
1347 3685 1534 3752 utrorumque
1547 3679 1680 3736 exordiis.

250 3792 285 3834 eo
306 3779 447 3836 nonnulla
469 3778 662 3836 imitationem
682 3784 810 3836 nostram
831 3780 954 3838 fortasse
983 3796 1064 3854 supe·
1149 3775 1165 3852 ξ
1189 3779 1233 3834 l0.
1254 3807 1289 3818 —
1311 3777 1374 3832 llaec
1398 3773 1493 3850 itaque
1519 3775 1614 3833 omnia
1640 3769 1812 3831 validissime
1826 3781 1907 3843 proce·

248 3873 356 3946 mutia3
374 3877 462 3947 atque
485 3889 585 3946 passus
607 3877 661 3944 est,
677 3890 729 3930 nos
753 3874 854 3931 eadem
875 3874 934 3948 pati
956 3873 1063 3932 debea-
1113 3873 1194 3942 dent,
1217 3869 1241 3927 si
1264 3863 1366 3945 quinto
1388 3869 1417 3926 id
1439 3885 1555 3944 quoqne
1577 3871 1766 3942 supponatur,
1784 3881 1825 3922 res
1843 3863 1907 3919 itas

248 3981 325 4024 mus.
340 3967 460 4025 Notatur
471 3973 584 4041 quarto,
599 3966 638 4024 ita
649 3968 761 4043 optime
777 3968 813 4026 de
833 3985 919 4026 sensu
940 3969 1064 4043 prophe·
1113 3964 1289 4040 propheticis
1304 3964 1377 4038 typis
1389 3968 1608 4038 repraesentatas
1622 3963 1658 4019 ad
1674 3963 1843 4036 perpetuum
1856 3953 1907 4012 atti-

250 4060 297 4116 tias
318 4061 443 4132 judicari
466 4077 549 4134 posse
576 4062 601 4119 si
626 4067 711 4135 typus
733 4063 917 4137 propheticus
939 4063 977 4120 ad
1000 4079 1064 4120 rem
1113 4060 1208 4117 nnisse
1223 4057 1353 4115 Ecclesia
1367 4073 1460 4115 osum.
1475 4059 1545 4124 Qua
1558 4049 1907 4128 animitaperpetuumiu

247 4157 346 4210 nomm
359 4153 467 4210 alludat
480 4154 511 4212 in
525 4155 609 4228 praxi
627 4157 757 4216 Ecclesiae
768 4153 804 4214 ab
828 4174 863 4215 eo
877 4161 1063 4232 repraesenta·
1111 4155 1180 4212 trina
1200 4159 1277 4226 sunt,
1297 4170 1331 4210 ee
1353 4153 1411 4210 lieo
1434 4168 1509 4209 cura
1529 4167 1590 4209 esse
1612 4148 1802 4208 certissimum
1821 4146 1867 4213 est,
1880 4155 1906 4196 ea

247 4252 318 4304 tam.
340 4245 377 4304 Ut
406 4247 484 4304 enim
507 4246 538 4304 in
563 4250 736 4322 propheticis
759 4252 1062 4325 representadonibus
1112 4249 1235 4307 maxime
1255 4247 1415 4305 necessaria
1435 4253 1469 4304 ut
1488 4251 1567 4303 certo
1585 4243 1679 4318 aliquo
1703 4241 1814 4301 decreto
1835 4233 1906 4294 sahi·
1996 4281 1997 4291 ,

247 4341 277 4396 id
289 4346 400 4398 certum
413 4346 467 4412 est,
480 4358 541 4399 non
563 4343 608 4400 aui
626 4344 718 4417 gratia
740 4347 852 4418 typum,
867 4347 917 4404 sed
941 4347 1063 4422 antitypi
1111 4343 1235 4401 ficentur
1244 4361 1254 4414 ;
1269 4359 1302 4400 ea
1316 4341 1353 4398 ad
1362 4339 1534 4416 primarium
1549 4339 1599 4396 Dei
1610 4339 1641 4395 in
1661 4335 1832 4412 propheticis
1843 4343 1905 4404 sym·

247 4435 284 4492 ab
300 4437 547 4511 eoreprsesentari
567 4439 657 4496 alteo
680 4455 742 4497 esse
763 4439 958 4513 designatum,
971 4441 1011 4498 ita
1031 4441 1061 4498 id
1111 4437 1185 4494 bolis
1198 4435 1347 4494 eonsilium
1369 4434 1540 4509 pertinuisse
1558 4431 1703 4490 censenda
1727 4431 1801 4488 sunt.
1823 4431 1852 4484 ln
1871 4421 1906 4478 his

247 4545 359 4604 quoquc
381 4511 492 4589 certum
512 4537 555 4590 est
576 4547 637 4590 non
655 4533 735 4606 alibi,
761 4551 848 4608 quam
872 4535 903 4591 in
926 4507 1210 4606 Ecclesia,Ditaque
1223 4544 1288 4588 cum
1309 4528 1379 4604 quid
1402 4527 1614 4586 accuratissime
1635 4525 1768 4600 quadrat,
1784 4539 1839 4580 non
1857 4519 1905 4574 ior·

241 4624 313 4682 illud
324 4625 486 4700 antitypum
505 4642 566 4684 esse
585 4627 786 4700 querendum.
800 4629 836 4686 Ut
849 4627 968 4702 proinde
991 4645 1061 4703 quo·
1111 4627 1184 4685 tuito
1198 4625 1229 4683 id
1252 4623 1339 4694 casui,
1354 4623 1406 4681 sed
1421 4623 1580 4680 certissimo
1598 4619 1792 4678 Providentia
1805 4611 1905 4674 consilio
1995 4647 1996 4658 2

245 4717 299 4776 ties
321 4725 421 4794 aptum
451 4721 574 4780 occurrit
594 4721 624 4778 in
647 4722 770 4782 Ecclesia
792 4723 956 4796 antitypum
982 4723 1060 4796 quod
1110 4719 1294 4778 tribuendum
1309 4721 1361 4776 est.
1379 4718 1450 4776 Cum
1465 4733 1534 4790 ergo
1545 4731 1610 4789 qum
1626 4714 1662 4770 de
1675 4711 1789 4772 bomini
1801 4707 1905 4766 adventu

242 4815 312 4886 typo
334 4816 505 4872 examussim
527 4815 711 4890 respondeat,
732 4833 785 4874 nec
806 4817 841 4875 de
862 4817 917 4874 alio
939 4819 1059 4891 quaetio
1109 4816 1233 4889 legimns
1251 4829 1420 4889 peraqnam
1440 4815 1470 4869 et
1490 4809 1672 4882 sanguinem,
1692 4808 1727 4865 de
1746 4801 1903 4879 squaedam

242 4912 296 4979 est,
309 4923 347 4966 an
363 4909 400 4965 ab
420 4925 454 4967 eo
469 4910 563 4984 magis
579 4910 617 4966 ad
630 4909 726 4967 rivom
745 4910 935 4984 exprimatur,
952 4911 991 4970 ita
1004 4912 1058 4969 du·
1109 4912 1139 4966 et
1162 4909 1301 4982 sanguina
1326 4925 1342 4964 e
1363 4905 1460 4964 lateris
1485 4906 1603 4961 vulnere
1626 4899 1839 4977 profluentibus,
1860 4907 1901 4967 pm

239 4999 325 5058 bituri
346 5019 404 5060 non
421 5005 511 5076 possit
532 5003 602 5078 quin
626 5003 657 5060 id
684 5004 781 5078 ipsum
804 5001 892 5062 Dens'
905 5005 1056 5078 designare
1108 5003 1173 5078 styli
1194 5001 1356 5078 prophetici
1376 5001 1526 5071 idiomate,
1541 4997 1735 5072 symbolorum
1758 4994 1843 5052 ricem
1862 4987 1901 5044 ob

239 5094 378 5166 voluerit;
391 5114 444 5155 nec
457 5102 501 5156 ast
517 5098 549 5156 in
566 5098 621 5156 hae
643 5099 900 5172 argumentationis
919 5101 1056 5158 methodo
1108 5097 1267 5169 timuerint;
1281 5113 1347 5154 cum
1360 5113 1394 5152 ea
1406 5095 1437 5153 in
1452 5097 1609 5168 utrumque
1621 5092 1700 5149 hunc
1714 5087 1837 5147 Ecclesia
1848 5083 1904 5153 bap

241 5186 390 5261 (inillissm
403 5191 482 5265 quod
497 5193 708 5250 lascivientibus
721 5192 845 5267 ingeniis
859 5195 1054 5268 permittatur.
1106 5193 1226 5250 tismum
1239 5190 1387 5266 aptissime
1407 5189 1580 5246 conveniant
1587 5205 1597 5258 3
1619 5203 1685 5244 cnm
1704 5183 1776 5241 niun
1795 5181 1828 5238 sit
1840 5171 1902 5250 quod

238 5279 287 5337 Est
306 5280 337 5338 id
364 5299 432 5342 sane
459 5291 590 5344 veterum
619 5287 753 5345 omnibus
779 5287 907 5346 moribus
936 5289 1055 5346 omnino
1106 5286 1272 5344 dubitemus
1295 5285 1365 5358 quin
1390 5287 1546 5358 perpetuus
1569 5285 1688 5354 uterque
1716 5277 1825 5336 iuturus
1845 5268 1902 5326 sit:
1993 5335 1994 5352 Χ

237 5379 474 5450 consentaneum,
488 5381 663 5456 quicumque
678 5386 745 5440 sunt
767 5382 798 5439 in
819 5383 1054 5457 propheticorum
1104 5383 1190 5454 plane
1210 5377 1404 5454 sequitur,ita
1428 5393 1489 5434 esse
1512 5377 1666 5434 Dominum
1689 5365 1901 5432 commodiane

234 5469 430 5544 symbolorum
464 5474 703 5549 interpretatione
731 5477 844 5535 versati.
867 5477 899 5534 Id
923 5494 989 5536 cum
1015 5478 1052 5535 ob
1103 5475 1335 5550 intelligendum.
1355 5473 1520 5530 Praesertim
1542 5473 1621 5529 serto
1640 5469 1663 5526 si
1683 5467 1713 5524 id
1731 5479 1839 5540 quoquc
1859 5456 1900 5512 ob·

237 5566 334 5626 oculos
353 5566 495 5628 haberent
513 5568 583 5628 Nori
606 5571 780 5630 Testamenti
805 5571 957 5646 scriptores
981 5572 1052 5631 Nori
1104 5571 1243 5639 serretur,
1257 5565 1357 5625 nihuc
1370 5567 1452 5638 typos
1469 5559 1585 5620 Domini
1606 5559 1760 5618 sumamus
1781 5559 1812 5611 ut
1834 5563 1896 5624 prta

260 5842 295 5912 (¹)
306 5843 339 5902 ln
350 5842 467 5904 ΒΜ.
478 5843 529 5903 cni
538 5841 641 5910 autu
658 5845 710 5903 tds
726 5845 841 5904 Uriatis
855 5845 1002 5916 paneam,
1019 5849 1084 5920 eto..
1099 5842 1183 5918 quau
1195 5849 1250 5904 neo
1261 5837 1358 5902 decuit
1370 5837 1502 5914 ementi
1513 5832 1664 5910 adiungere
1680 5825 1819 5892 ministri·
