3978 6204
19 275 78 367 ’ἐξ
119 268 121 271 ’
154 370 155 373 q
255 300 302 359 sn
669 383 674 393 Ι
710 305 740 385 s.
761 306 918 364 curarant
937 309 1074 365 necnon
1093 309 1179 365 runs
1197 310 1219 364 ι.
1239 336 1273 349 -
1293 310 1473 367 cersrouAE.
1862 325 1905 401 in

44 985 88 1067 ,¹
180 1020 184 1034 ‹
255 989 333 1045 tione
360 989 456 1046 divina
479 998 645 1061 avocentur,
667 1008 719 1049 nec
741 993 877 1050 molestiis
900 997 929 1058 et
949 993 1070 1064 negotiis

256 422 340 491 Quod
361 429 453 482 totum
477 427 563 482 tiebat
584 428 619 483 de
640 429 810 485 auctoritate
835 435 863 485 et
885 430 1068 503 dispositione
1080 430 1307 516 Arindicatum.
1330 433 1403 504 Opto
1424 449 1482 503 vos,
1503 432 1605 490 iratres
1628 434 1788 507 charissimi,
1810 459 1907 517 semper

255 521 363 588 divina,
380 524 411 575 ut
425 521 474 592 qui
486 520 700 592 operationibus
721 523 827 578 divinis
847 524 1025 593 insistebant,
1040 526 1069 580 in
1119 523 1193 580 bene
1207 525 1302 581 velere
1317 527 1350 580 ¹⁸.

256 614 334 669 nulla
348 630 378 668 re
391 621 589 683 avocarentur,
604 632 656 672 nec
671 618 797 688 cogitare
808 620 859 673 aut
877 634 962 690 ogere
980 635 1068 675 siecu-

255 707 324 763 laria
337 710 519 779 cogerentur.
535 711 604 774 066
617 726 694 765 6666
707 712 778 766 ratio
797 714 826 766 et
844 711 937 767 terma
949 712 980 767 in
995 713 1070 768 claro
1385 689 1548 748 EPISTOLA
1566 691 1663 748 LXV„-

255 803 380 870 tenetur,
413 805 444 858 ut
468 803 570 875 quiin
598 805 721 860 Ecclesia
748 805 861 861 Domini
888 805 1069 863 ordinatione
1120 817 1239 882 (Essem,
1259 823 1358 880 ur,ta;
1379 820 1488 881 Paniai,
1519 820 1622 885 Rigalt,
1638 823 1909 894 Bains,axvu;l>sris.,

255 895 425 967 clericat89)
444 903 660 968 promoventur,
681 898 710 954 in
733 900 812 954 nullo
831 900 867 955 ab
886 900 1068 956 administra·
1149 897 1230 1009 {alti
1243 889 1322 1026 ῙὶῑΡῦρι
1335 891 1437 1026 {ffim’
1457 903 1553 957 fflllli
1569 891 1715 957 (3091ῑῦ916
1732 895 1819 961 Ε91316
1835 902 1909 967 RQ,

1227 996 1234 1020 ,
1275 998 1283 1024 ,
1315 999 1321 1012 .
1385 999 1391 1010 .

257 1081 353 1157 399
367 1085 551 1141 saecularibus
565 1085 728 1158 alligentur,
739 1086 788 1142 sed
798 1087 828 1142 in
842 1086 950 1143 honore
960 1088 982 1122 ¹⁵
992 1102 1069 1159 spor·
1119 1105 1153 1145 so
1181 1105 1350 1161 srsrusuna,
1370 1111 1394 1150 r.
1415 1111 1453 1162 ιι.,
1482 1112 1516 1150 66
1535 1111 1670 1153 usncrsuo
1688 1114 1854 1174 ansmrsssr,
1873 1122 1912 1172 nur

255 1178 411 1233 tulantium
424 1178 557 1248 fratrum,
574 1186 711 1252 tanquam
728 1180 853 1236 decimas
874 1197 909 1237 ex
930 1181 1069 1237 fructibus
1362 1199 1514 1241 uovoruno
1533 1202 1687 1245 consensu.

255 1270 437 1342 accipientes,
453 1272 488 1327 ab
502 1273 582 1329 altari
597 1277 626 1329 61
642 1273 786 1330 sacrificiis
795 1290 852 1329 non
866 1274 1010 1344 recedant,
1020 1276 1070 1331 sed
1118 1308 1318 1364 mmmm
1358 1339 1392 1350 -
1435 1311 1502 1368 Cum
1544 1315 1726 1381 Martiam,

256 1364 1068 1439 dleaonoctecoelestibusrebusetspiritualibusserviant.
1154 1398 1312 1467 episcopus,
1353 1400 1505 1456 Novam·
1540 1408 1640 1458 gemm
1676 1410 1799 1469 secutus!
1827 1412 1914 1465 munos

294 1461 328 1514 ll.
353 1458 433 1523 Quod
459 1459 583 1532 episcopi
610 1465 800 1516 antecessores
824 1461 912 1517 nostri
940 1462 1069 1535 religiose
1153 1485 1315 1555 segma,
1330 1493 1356 1543 θ,
1375 1504 1405 1544 se
1424 1494 1605 1548 communione
1622 1498 1776 1550 mmmm
1794 1500 1914 1567 gpgwpo,

255 1552 470 1609 considerantes
484 1558 514 1607 et
525 1552 676 1608 salubriter
688 1553 882 1625 providentes,
896 1559 1071 1611 censuerunt
1154 1589 1216 1630 ,um
1245 1592 1295 1646 pe,
1319 1579 1433 1634 scisma
1454 1586 1615 1650 separasse,
1640 1588 1729 1639 monet
1751 1584 1912 1655 Stephanum,

1762 1320 1914 1377 Arelatensis

28 1640 99 1705 t
159 1689 161 1693 .
254 1663 292 1702 ne
323 1646 388 1718 quis
418 1646 508 1701 irater
533 1647 672 1702 excedens
699 1647 732 1702 ad
760 1649 877 1704 tutelam
904 1649 948 1703 rel
972 1665 1069 1705 curam
1153 1678 1287 1721 summum
1318 1668 1492 1736 evenissem,
1525 1674 1556 1722 ue
1584 1685 1636 1739 pro
1664 1687 1716 1726 sua
1745 1677 1914 1737 aueeoreeflse,

254 1739 389 1795 clericum
410 1740 581 1806 nominaret,
602 1756 634 1795 ac
658 1740 681 1795 si
706 1741 844 1812 quiahoc
866 1742 986 1810 iecisset,
1010 1758 1068 1799 non
1155 1753 1266 1808 absence
1288 1755 1347 1818 etio,
1371 1757 1458 1811 alium
1481 1758 1511 1810 en
1537 1757 1621 1813 iocum
1642 1760 1701 1828 ejus
1725 1760 1873 1829 megenum,
1893 1769 1915 1817 pe

255 1833 404 1889 ollerretur
427 1850 478 1905 pro
497 1849 530 1889 eo
554 1835 587 1902 ¹⁸,
612 1850 664 1889 nec
688 1834 861 1890 sacrificium
883 1852 936 1906 pro
960 1809 1108 1892 dormi-B
1156 1849 1213 1898 snm
1240 1844 1324 1915 lapsis
1347 1849 1404 1900 tum
1430 1861 1480 1915 per
1504 1846 1583 1901 iliam
1606 1848 1736 1916 seductis,
1758 1856 1818 1905 acta
1837 1855 1915 1922 peni·

256 1926 334 1981 tione
365 1927 419 1996 (90)
448 1927 510 1997 ejus
536 1926 736 1983 celebraretur.
762 1929 860 2000 Neque
886 1930 963 1984 cuim
991 1930 1068 2002 apud
1156 1935 1250 1996 tentia,
1266 1948 1326 2004 par
1346 1935 1436 1998 detur,
1450 1940 1475 1990 61
1497 1935 1534 1989 ad
1554 1936 1701 1993 Ecclesiam
1720 1939 1820 1995 reditas
1840 1955 1918 1995 mace·

255 2020 345 2076 altare
360 2020 408 2074 liei
424 2024 553 2076 meretur
572 2022 715 2077 nominari
734 2023 763 2077 in
783 2022 963 2090 sacerdotum
982 2040 1068 2095 prece
1154 2022 1249 2079 datur.

169 2136 172 2140 ·
255 2114 305 2184 qui
322 2113 357 2168 ab
370 2114 454 2169 altari
466 2114 628 2170 sacerdotes
643 2119 672 2171 et
684 2115 827 2171 ministros
841 2117 995 2188 1911161611
1006 2133 1070 2174 avo-
1341 2122 1720 2208 (11116166.1,661.,1993.1

255 2223 330 2262 care.
345 2209 378 2262 m
391 2206 454 2263 ideo
475 2208 579 2277 Victor,
594 2224 671 2278 cum,
686 2214 785 2264 contra
798 2209 924 2266 formam
936 2227 1028 2282 nuper
1039 2212 1069 2267 in
1153 2241 1155 2246 ·

255 2301 374 2357 concilio
393 2318 410 2356 a
430 2300 624 2358 sacerdotibus
648 2303 754 2371 domm,
780 2303 941 2359 Geminium
964 2305 1069 2361 Fausti·
1308 2307 1404 2384 400
1436 2308 1597 2366 artsromt
1630 2312 1744 2368 LXVlll.

253 2412 324 2450 num
348 2395 548 2467 presbyterum
570 2412 655 2451 ausus
677 2397 714 2452 sit
738 2402 860 2453 tutorem
886 2398 1067 2469 constituere,
1120 2427 1240 2489 (pmmq
1259 2439 1279 2490 Ι,
1297 2430 1326 2491 ⁴3
1349 2429 1457 2492 Μελ,
1476 2430 1579 2494 Rigalt,
1601 2432 1821 2496 gaqu,‚3uv,1,3
1840 2433 1921 2494 pagg,

158 2520 161 2527 ·
253 2504 312 2544 nou
334 2492 378 2544 est
402 2490 479 2560 quod
503 2505 555 2561 pro
577 2489 749 2545 dormitione
773 2482 834 2561 ejus
854 2492 930 2562 apud
952 2507 999 2547 vos
1021 2493 1070 2548 liat
1150 2498 1340 2561 navu50mn,
1356 2498 1436 2563 lips,
1451 2501 1656 2564 nxvu5Routh„
1674 2502 1751 2564 11611,
1766 2502 1834 2564 scs,
1849 2513 1884 2563 ιιι,
1898 2517 1920 2565 p.

58 2566 69 2648 ζ
87 2582 110 2623 ¹,
168 2635 170 2640 ,
254 2581 368 2650 oblatio,
383 2587 434 2638 aut
445 2582 606 2653 deprecatio
632 2584 726 2655 aliqua
747 2585 866 2640 nomina
889 2585 951 2656 ejus
973 2586 1003 2641 in
1022 2588 1070 2642 Ec·
1150 2571 1298 2633 ”ami
1422 2577 1424 2583 ’

254 2676 338 2731 alesia
361 2676 582 2747 frequentetur,
609 2680 641 2731 ut
667 2677 846 2733 sacerdotum
873 2681 894 2713 ¹²
922 2679 1069 2735 decretum
1119 2711 1318 2763 ARGUMENTUM·
1332 2737 1367 2748 -
1382 2707 1447 2763 ΟΜ
1462 2710 1595 2766 Basilides
1605 2715 1630 2765 et
1642 2711 1791 2780 Mam-ssus,
1805 2712 1920 2780 episcopi·

254 2769 386 2840 religiose
410 2771 439 2823 et
461 2771 624 2825 necessarie
652 2771 759 2826 lactum
785 2776 912 2827 serretur
935 2789 952 2826 a
976 2773 1067 2841 nobis,
1155 2797 1227 2866 laps,-
1254 2801 1339 2852 essem
1368 2801 1394 2852 ep
1420 2798 1519 2853 libellis
1545 2799 1713 2855 &offlam-2
1743 2800 1921 2862 contaminasti

254 2863 340 2918 simul
356 2867 385 2919 et
398 2864 508 2919 caeleris
524 2864 658 2919 iratribus
676 2864 760 2920 detur
774 2867 938 2936 exemplum
957 2867 1070 2938 nequis
1155 2885 1251 2939 mama
1265 2885 1492 2955 oppressissem
1506 2890 1663 2959 coepiscopis
1676 2890 1780 2944 clarum
1792 2893 1817 2943 et
1829 2887 1922 2957 plebem

253 2956 413 3012 sacerdotes
426 2959 452 3012 et
470 2956 614 3012 ministros
635 2958 685 3012 Ilei
705 2957 788 3014 altari
803 2959 864 3029 ejus
886 2965 914 3014 et
939 2960 1069 3015 Ecclesia
1154 2975 1358 3042 Hispaniarum,
1381 2976 1454 3043 quoe
1477 2979 1506 3029 m
1528 2976 1612 3030 locum
1635 2992 1728 3031 eorum
1754 2976 1881 3033 gapenum
1900 2979 1922 3028 ei

37 3054 77 3108 ¹,.'·
151 3111 156 3129 ί
253 3050 432 3106 vamntesad
449 3052 597 3106 saculares
619 3052 763 3107 molestias
781 3051 908 3108 devocet.
922 3053 1070 3108 Observari
1154 3062 1265 3116 Felicem
1288 3062 1408 3130 legitima
1425 3063 1550 3118 electione
1571 3065 1790 3130 substituissentg
1814 3078 1922 3136 6663161·-

253 3144 331 3199 661ι6
348 3143 500 3206 decaetero
514 3146 622 3216 poterit
636 3161 672 3199 66
690 3145 763 3200 ultra
775 3146 828 3200 hoc
843 3144 894 3200 liat
912 3146 984 3200 circa
1002 3163 1106 3261 per·C
1156 3152 1204 3204 tim
1225 3166 1296 3217 cam,
1314 3151 1397 3219 jacta
1419 3153 1538 3209 cornelii
1556 3158 1700 3222 amintam,
1722 3155 1838 3226 episcopi
1860 3153 1925 3221 lapsi

253 3253 352 3292 sonam
369 3236 551 3307 clericorum,
568 3237 681 3309 siquod
703 3255 778 3294 nunc
799 3239 908 3294 iactum
922 3243 964 3294 est
981 3239 1069 3294 inerit
1153 3240 1192 3294 ad
1202 3243 1391 3310 penitentium
1409 3242 1517 3311 quidem
1529 3242 1664 3311 agendam
1682 3245 1795 3300 admitti
1816 3248 1922 3314 possmt,

940 3402 1045 3467 Variae
1070 3402 1239 3467 lectiones.

283 3533 303 3564 ¹⁵
333 3531 453 3581 Donarla
479 3530 535 3582 NG.
562 3532 585 3582 2.
641 3534 661 3566 ¹⁸
690 3534 741 3583 Pro
774 3547 807 3585 eo
833 3534 1011 3595 sacrificinm,
1039 3547 1093 3585 uec
1128 3548 1177 3598 pro
1208 3533 1373 3585 dormitione
1407 3535 1477 3584 sam.
1507 3531 1583 3584 libor.
1613 3533 1677 3585 liod.
1706 3536 1730 3586 2.
1761 3535 1815 3585 NG.
1844 3534 1873 3588 l.
1899 3532 1922 3581 1.

253 3599 273 3633 ¹⁷
288 3600 398 3652 oblatio
413 3602 506 3667 aliqua
520 3604 634 3656 nomine
651 3606 711 3669 ejus
730 3606 758 3655 in
774 3604 909 3666 Ecclesia,
924 3609 956 3655 ut
976 3605 1152 3656 sacerdotum
1173 3604 1277 3655 11611.
1302 3605 1363 3654 Tic.
1388 3606 1445 3655 Aut
1461 3602 1596 3670 delegatio
1616 3605 1711 3669 aliqua
1733 3605 1847 3655 nomine
1868 3605 1923 3667 eius

255 3670 328 3720 Cori.
378 3671 398 3704 ¹⁸
427 3674 522 3724 1166661
547 3687 614 3740 seqq.
639 3676 665 3724 in
687 3677 758 3726 Lam
784 3674 861 3725 Eine.
883 3675 937 3725 NG.
960 3678 992 3737 l;
1015 3680 1040 3726 et
1062 3675 1165 3742 quidem
1188 3676 1305 3737 formale
1322 3676 1374 3725 isto
1395 3675 1564 3725 uoiedictnrio
1591 3678 1616 3726 ia
1636 3690 1696 3728 nass.
1715 3676 1851 3740 plerisque
1869 3688 1920 3738 per

117 3807 119 3814 .
183 3742 184 3745 ’
252 3744 329 3806 petuo
345 3741 425 3792 abest.

900 3807 1013 3890 Steph.
1037 3806 1160 3871 Baluzii
1181 3812 1280 3872 notae.

252 3957 309 3994 non
331 3948 487 4007 agnoscunt
510 3945 569 3996 alim
593 3944 737 4008 editiones,
762 3950 877 4010 excepta
902 3946 1065 4009 Anglicana,
1146 3971 1177 3983 -
1202 3944 1374 3996 Dormitioae.
1403 3945 1497 3997 liortls
1524 3957 1636 4006 nomen,
1661 3951 1694 3998 ut
1728 3946 1764 3997 ad
1790 3943 1925 4009 epistolam

253 4028 316 4078 quae
337 4016 520 4079 Rigaltianam
541 4016 678 4078 imitatur,
697 4030 788 4081 neque
810 4019 905 4069 vetera
927 4017 1066 4082 exempla·
1116 4019 1224 4068 tertiam
1247 4017 1376 4068 obsecrat
1396 4016 1541 4081 Rigaltius,
1564 4021 1702 4081 quantum
1726 4020 1854 4084 poterant
1875 4013 1925 4064 eri-

251 4087 291 4136 ria
317 4085 398 4139 Certe
419 4101 623 4151 supervacanea
642 4091 684 4138 est
701 4092 727 4138 et
743 4088 858 4139 inutilis.
874 4089 971 4153 ltaque
992 4093 1066 4141 recte
1115 4089 1213 4140 tabant
1240 4088 1389 4140 Christiani
1416 4087 1452 4138 ob
1480 4100 1558 4151 spem
1580 4088 1794 4140 resurrectionis
1817 4090 1844 4137 et
1867 4087 1925 4134 vite

252 4158 420 4210 Reinhertus
432 4160 508 4210 illam
523 4160 666 4224 expunxit.
685 4161 740 4211 Nos
757 4161 844 4212 secuti
859 4174 957 4211 sumus
973 4165 1066 4212 vetera
1116 4161 1300 4224 sempiternas.
1324 4159 1421 4223 ltaque
1442 4172 1492 4222 pro
1518 4162 1627 4210 mortuo
1649 4158 1784 4211 dicebant
1806 4156 1926 4223 pramis-

253 4231 421 4294 exnmplarla
435 4234 463 4281 61
478 4236 584 4282 veteres
598 4231 742 4282 editiones.
1116 4245 1189 4289 sum,
1203 4234 1231 4282 61
1243 4244 1291 4293 pro
1309 4233 1397 4280 morte
1415 4229 1534 4290 obitum,
1549 4242 1707 4290 excessum,
1725 4230 1925 4285 dormitionem,

283 4300 333 4364 (891
353 4300 526 4352 ordinatione
551 4300 657 4352 clerica.
683 4301 720 4351 Et
739 4301 814 4354 hauc
835 4315 947 4367 quoque
972 4303 1067 4355 lectio·
1116 4306 1145 4353 et
1164 4301 1392 4364 assumptionem,
1412 4302 1452 4351 uti
1474 4301 1554 4352 lacile
1578 4304 1650 4352 esset
1670 4301 1790 4365 probare
1809 4299 1926 4350 testimo-

251 4385 317 4422 nem
346 4372 461 4435 praelam
490 4373 525 4424 ob
548 4373 758 4436 congruentiam
789 4387 854 4424 cum
881 4374 952 4438 stylo
978 4375 1067 4425 sancti
1117 4373 1170 4423 niis
1192 4371 1367 4432 Tertulliani,
1389 4370 1531 4435 Cypriani,
1555 4372 1729 4435 Hieronymi,
1754 4374 1783 4422 et
1807 4369 1926 4420 aliorum.

253 4441 394 4506 Cypriani,
413 4445 541 4507 quamvls
560 4458 619 4494 eam
638 4457 693 4493 non
712 4445 860 4507 repererim
874 4446 928 4495 nisi
943 4446 971 4494 in
986 4445 1066 4508 quin·
1116 4443 1187 4495 Vide
1210 4443 1402 4494 adnotationes
1425 4442 1531 4492 Erasmi
1556 4443 1584 4493 in
1607 4446 1692 4506 caput
1712 4456 1746 4493 rx
1769 4442 1861 4492 Lucae.
1879 4440 1926 4487 As·

252 4527 308 4578 que
341 4514 420 4566 libris
450 4515 593 4566 veteribus
624 4519 653 4566 61
684 4516 712 4564 16
746 4514 866 4567 editione
898 4515 1065 4566 Manutiana.
1117 4515 1303 4580 sumptionem
1324 4513 1407 4575 Petri,
1425 4515 1645 4578 assumptionem
1666 4513 1747 4564 Pauli
1771 4514 1925 4563 616661616-

172 4620 176 4629 ·
251 4585 414 4637 Morelliane
444 4590 473 4638 61
504 4600 579 4638 6666
608 4591 686 4638 vetus
721 4586 810 4638 codex
841 4589 933 4650 regius
963 4569 1179 4641 habentDrum
1202 4597 1276 4648 saepe
1300 4585 1388 4646 reperi
1409 4585 1438 4634 in
1464 4585 1586 4648 antiquis
1607 4583 1754 4636 codicibus
1777 4584 1826 4648 qui
1850 4581 1929 4632 conti·

249 4658 419 4708 ordinatione
449 4657 583 4717 clericali,
609 4658 776 4709 Veronensis
806 4662 834 4710 et
864 4659 911 4710 alii
939 4663 1000 4710 octo
1030 4659 1066 4709 od
1115 4661 1182 4707 nent
1209 4658 1280 4706 vitas
1305 4659 1474 4706 sanctorum.
1498 4655 1570 4706 Nota
1593 4658 1635 4706 est
1658 4654 1927 4715 controversiaque

251 4729 446 4780 ordinationem
478 4729 614 4791 clericam,
645 4734 752 4780 veteres
781 4729 916 4781 editiones
944 4734 972 4780 et
1004 4733 1066 4780 octo
1115 4741 1175 4778 mro
1200 4731 1294 4778 nostro
1317 4726 1429 4778 emersit
1451 4727 1480 4776 in
1505 4726 1622 4777 ecclesia
1648 4725 1799 4776 parisiensi
1823 4727 1927 4788 propter

251 4804 344 4851 vetera
358 4801 525 4865 exemplaria
537 4802 574 4852 aei
592 4802 786 4853 ordinationem
803 4800 959 4853 clericalem.
973 4800 1065 4851 Editio
1115 4799 1341 4861 assumptionem
1360 4797 1527 4848 beatissimae
1546 4797 1666 4861 Virginis
1687 4797 1792 4847 Mariae.
1814 4796 1872 4874 Non
1891 4795 1928 4842 est

253 4885 315 4922 mea
344 4873 523 4923 confirmatur
548 4873 631 4924 eliam
658 4874 821 4924 auctoritate
848 4871 988 4937 Cypriani,
1017 4872 1065 4937 qui
1114 4868 1200 4933 hujus
1226 4869 1280 4919 loci
1303 4881 1365 4918 eam
1389 4871 1546 4919 retrectare.
1570 4865 1643 4917 illud
1668 4869 1781 4917 tentum
1807 4865 1926 4942 dicam:

251 4942 329 5005 epist.
347 4943 388 5004 33,
409 4959 471 5008 pag.
491 4944 531 5005 lii,
552 4943 621 4994 dixit
641 4960 646 4991 :
667 4962 681 4990 «
698 4944 855 4995 Merebatur
874 4944 937 4995 talis
956 4942 1065 4994 clericas
1112 4941 1251 4991 ioannem
1279 4940 1381 5004 Papam
1407 4937 1486 4989 XXII
1511 4941 1622 5002 putasse
1647 4937 1725 4987 illam
1753 4936 1881 5015 nondum.
1902 4946 1928 4982 ιιι

251 5012 433 5064 ordinationis
454 5015 599 5065 ulteriores
621 5013 731 5079 gradus.
756 5033 770 5061 6
791 5016 860 5066 item
883 5015 913 5064 in
938 5015 1064 5066 versione
1115 5011 1218 5063 coelum
1238 5011 1320 5062 ivisse
1342 5014 1370 5061 et
1388 5010 1465 5060 illam
1486 5022 1543 5058 non
1564 5009 1728 5059 intraturam
1749 5008 1780 5058 iu
1802 5005 1929 5072 gaudium

251 5083 381 5145 Epistola
406 5084 569 5145 Firmiliani,
595 5099 655 5148 pag.
681 5086 727 5136 119
752 5101 758 5133 :
783 5104 796 5130 «
820 5085 878 5136 Sibi
902 5088 1065 5151 potestatem
1114 5083 1227 5134 Domini
1240 5082 1284 5133 sui
1301 5085 1365 5132 ante
1381 5080 1454 5132 diem
1468 5079 1575 5144 judicii.
1590 5079 1661 5131 Vide
1678 5083 1762 5130 notes
1778 5071 1928 5129 nostresad

252 5154 360 5205 clericae
375 5156 558 5207 ordinationis
571 5159 754 5207 assumentes.
772 5175 786 5202 6
1115 5156 1185 5206 vites
1199 5155 1334 5218 Paparum
1348 5152 1596 5211 ascalonensium,
1610 5165 1670 5215 pag.
1688 5151 1747 5202 189.
1895 5217 1899 5227 Ι

283 5225 332 5286 (99)
361 5227 413 5277 Pro
446 5227 611 5277 dormitione.
640 5227 700 5278 Hoc
727 5227 789 5279 loco
823 5241 932 5278 rursum
968 5226 1066 5279 obser·
1147 5228 1196 5289 (91)
1224 5225 1375 5276 Sacerdotes
1409 5227 1434 5273 et
1468 5223 1613 5273 ministros.
1649 5220 1747 5273 Codex
1783 5220 1928 5274 Furensrs,

27 5257 84 5388 ἶ
141 5308 146 5319 ·
252 5297 343 5347 venda
366 5301 408 5348 est
428 5298 538 5349 inscitia
560 5301 587 5348 at
605 5297 712 5348 incuria
736 5302 860 5348 veterum
881 5299 1065 5350 librariorum.
1116 5317 1130 5344 «ι
1155 5297 1318 5349 Sacerdotes
1343 5301 1370 5347 et
1396 5296 1446 5346 Dei
1471 5295 1613 5344 ministros
1635 5293 1670 5343 ab
1695 5291 1797 5342 altario
1820 5292 1881 5354 eius
1904 5290 1929 5336 el

49 5366 54 5385 ι

249 5367 314 5418 Duo
333 5366 395 5417 libri
410 5372 517 5419 veteres
533 5381 582 5433 pro
598 5368 755 5419 dormitione
768 5368 873 5419 habent
890 5370 1065 5432 ordinatione,
1116 5369 1234 5421 ecclesia
1263 5370 1399 5439 evacuant
1426 5364 1461 5416 ad
1492 5366 1641 5416 saeculares
1673 5363 1820 5414 molestias
1850 5360 1930 5411 dero-

250 5438 320 5489 lalso
351 5441 379 5490 61
406 5440 499 5504 inepto
529 5451 622 5489 sensu.
651 5439 725 5490 idem
755 5439 905 5490 dicendum
936 5441 971 5492 de
998 5454 1067 5493 voce
1116 5443 1222 5489 cant.»
1330 5481 1332 5483 ,
1792 5504 1798 5515 ἡ

250 5509 406 5573 deprecatio,
434 5523 498 5575 quse
523 5511 606 5573 paulo
634 5514 696 5573 post
723 5510 858 5574 sequitur,
882 5524 931 5574 pro
956 5525 1013 5577 qua
1036 5513 1066 5562 in
1148 5537 1175 5545 -
1193 5509 1336 5561 ministros.
1351 5509 1494 5560 Editloues
1515 5506 1623 5557 Erasmi
1644 5509 1670 5557 et
1688 5504 1811 5556 Morellti
1829 5499 1931 5553 addunt

252 5580 413 5632 Corbeiensi
439 5585 464 5633 el
494 5583 521 5632 in
548 5581 671 5632 Fuxensi
698 5582 798 5645 legitur
823 5581 958 5645 delegatio.
984 5584 1067 5648 Angli
1115 5595 1177 5633 snos
1191 5581 1288 5631 1661166.
1304 5581 1365 5644 ligo
1380 5580 1452 5631 banc
1471 5578 1616 5642 epistolam
1631 5577 1725 5628 inveni
1740 5577 1771 5627 16
1789 5575 1821 5625 19
1840 5584 1931 5654 exem·

252 5653 547 5717 mouentitaquoque
566 5653 701 5716 scripturn
716 5666 778 5703 esse
793 5653 820 5703 in
838 5652 964 5703 Tbuano.
985 5652 1067 5715 Quod
1116 5653 1240 5718 pleribus
1266 5653 1402 5717 antiquis,
1428 5655 1455 5703 et
1482 5652 1510 5701 in
1537 5651 1616 5701 nullo
1642 5661 1739 5701 eorum
1765 5659 1855 5710 reperi
1880 5643 1931 5691 lroc

18 5682 88 5792 ei’s‘*
146 5751 147 5755 κ
251 5737 349 5773 varum
369 5738 424 5776 non
443 5728 493 5776 est.
517 5724 626 5790 Quippe
647 5724 691 5776 lim
713 5725 776 5775 dure
793 5738 887 5786 voces,
906 5730 953 5776 661
974 5725 1066 5788 depre-
1116 5723 1345 5776 additamentum.
1360 5724 1524 5787 Recteergo
1543 5723 1670 5774 lecerunt
1685 5718 1872 5771 Manutiuset
1887 5712 1931 5765 alli

110 5831 120 5863 2
200 5849 201 5854 .
250 5796 331 5921 pppis,
345 5797 373 5848 in
392 5796 440 5848 illo
459 5795 570 5858 desunt,
586 5796 739 5851 etnihilin
754 5811 850 5850 earum
864 5797 927 5849 loco
947 5797 1067 5863 positum
1117 5794 1186 5871 illud
1202 5795 1376 5862 abjicientes.
