4076 6190
157 272 189 325 bl
919 270 1104 328 PltAEFthtl.
1806 269 1842 326 62

151 397 209 449 tale
224 394 395 466 peccaverit.
414 413 427 445 a
443 393 613 464 Exagitabat
628 409 697 464 ergo
711 394 883 449 Novatianus
901 393 1052 449 catholicos
1066 395 1214 468 episcopos
1227 394 1304 466 quod
1318 409 1383 450 oum
1396 393 1567 450 Libellatieis
1580 393 1836 454 communicarent.

152 491 208 546 aee
226 495 323 544 tamen
339 489 473 546 omnibus
485 489 652 545 libellaticis
667 505 797 544 concessa
811 505 866 560 pax
883 488 912 543 in
927 489 1054 556 concilio,
1073 487 1123 543 sed
1139 487 1293 542 iistautum
1306 485 1355 554 qui
1368 483 1567 556 paenitentiam
1582 489 1714 556 egerant.
1729 487 1837 549 Quam-

151 581 256 636 obrem
280 581 388 634 trustra
403 586 502 634 auctor
517 579 737 636 Observationum
758 581 787 634 ia
808 579 1001 634 bibliothecam
1020 577 1150 649 pluribus
1172 575 1290 648 probat,
1309 572 1385 643 quod
1410 589 1426 626 a
1450 573 1562 632 nemine
1584 578 1726 644 negatur,
1746 573 1837 632 libelli

149 669 266 723 crimen
279 668 340 724 siue
356 668 523 740 poenitantia
537 667 687 723 dimissum
705 685 762 722 nou
774 668 873 722 inisse.

186 759 285 814 Altera
295 775 359 829 pars
372 757 475 813 decreti
485 757 566 812 lacila
578 757 742 812 illustratur.
756 760 795 812 Αε
814 762 841 812 l⁰
856 758 974 831 quidem
983 759 1066 826 illud,
1084 779 1098 806 ιι
1112 756 1273 812 sacrificatis
1292 755 1322 810 iu
1336 753 1413 808 exitu
1425 752 1584 821 subveniri,
1603 775 1617 804 a
1628 769 1687 809 non
1698 755 1837 825 preniten-

148 847 221 900 tiom
233 845 271 900 ad
281 852 443 900 extremum
455 845 585 918 spiritum
598 845 821 916 producendam,
838 845 887 902 sed
903 846 932 900 in
944 846 1023 917 gravi
1039 847 1139 901 morbo
1155 845 1309 900 finiendam
1324 841 1441 908 indicat,
1456 841 1546 895 necin
1558 857 1647 912 poenae
1657 841 1707 898 sed
1717 843 1841 899 inbene-

149 935 208 990 licii
220 937 283 991 loco
298 935 445 992 decretum
461 935 524 1002 luit,
540 935 563 989 si
583 934 698 1006 quidem
711 935 868 1006 Cyprianus
883 935 912 990 iu
932 935 1018 1006 Epist.
1040 952 1075 992 nu
1093 935 1189 990 nimiae
1204 931 1378 988 remissionis
1393 930 1584 1000 suspicionem
1596 931 1631 986 ab
1651 931 1706 986 hoc
1724 931 1837 987 decreto

149 1030 293 1092 removet,
310 1041 343 1078 ac
358 1024 498 1079 rationem
512 1023 605 1078 reddit
615 1039 667 1078 cur
678 1024 802 1096 episcopi
819 1023 940 1080 adhunc
953 1023 1102 1080 lenitatem
1117 1029 1145 1077 et
1158 1019 1371 1092 indulgentiam
1385 1018 1592 1074 descenderint.
1609 1024 1639 1074 2⁰
1651 1019 1729 1074 idem
1743 1020 1839 1075 decro-

149 1117 215 1166 tum
230 1115 321 1168 refert
331 1114 360 1167 in
376 1113 462 1186 Epist.
478 1129 529 1178 mv,
541 1112 590 1168 sed
606 1113 689 1183 praelo
702 1113 805 1169 clarius
819 1131 825 1168 :
841 1135 855 1164 (ι
870 1114 1065 1170 statueramus
1074 1114 1133 1184 jaim
1138 1111 1261 1184 pridem,
1274 1110 1375 1181 inquit,
1389 1109 1475 1164 frater
1486 1109 1662 1176 charissime,
1672 1109 1839 1180 participato

149 1201 279 1258 invicem
293 1202 443 1257 nobiscum
462 1201 588 1270 consilio,
603 1205 636 1256 ut
649 1202 697 1273 qui
711 1202 740 1256 in
755 1202 964 1273 persecutionis
975 1201 1156 1258 intestatione
1170 1199 1342 1272 supplantati
1359 1199 1394 1254 ab
1408 1198 1570 1254 adversario
1584 1203 1612 1254 et
1624 1198 1693 1268 lapsi
1709 1197 1838 1263 luissent,

150 1293 183 1344 et
197 1290 343 1345 sacrificiis
359 1307 388 1345 se
403 1290 506 1345 illicitis
518 1291 717 1353 maculassent,
733 1296 852 1362 agerent
865 1291 913 1344 diu
929 1290 1127 1362 paenitentiam
1138 1289 1264 1362 plenam,
1276 1293 1306 1344 et
1320 1289 1341 1343 si
1357 1287 1515 1359 perieulum
1525 1285 1702 1342 infirmitatis
1713 1292 1839 1358 urgeret,

150 1395 256 1449 pacem
269 1380 321 1434 sub
335 1380 391 1434 ictu
406 1381 505 1435 mortis
519 1379 689 1449 acciperent.
704 1401 718 1430 o
732 1381 802 1435 Tota
816 1396 861 1435 res
874 1397 942 1452 ergo
956 1381 986 1435 in
997 1397 1030 1436 eo
1043 1379 1162 1434 vertitur
1176 1377 1285 1450 utquid
1299 1376 1334 1431 sit
1348 1376 1515 1447 paenitentia
1527 1376 1620 1447 plena,
1637 1381 1733 1430 utrum
1748 1378 1840 1430 totum

150 1466 219 1522 ritae
237 1473 352 1539 tempus
371 1469 528 1540 complexa,
548 1485 584 1523 an
603 1470 680 1524 certo
695 1468 818 1540 quodam
840 1468 931 1542 spatio
948 1469 1064 1523 delinita
1085 1467 1183 1536 luerit,
1205 1465 1391 1537 expendatur.
1410 1468 1444 1520 llt
1458 1463 1488 1518 id
1508 1463 1590 1518 lacila
1612 1463 1781 1536 perspicitur
1804 1479 1840 1518 ex

153 1557 243 1628 Epist.
264 1574 325 1626 aix,
347 1557 395 1612 uhi
416 1557 545 1629 queritur
572 1557 731 1629 Cyprianus
750 1558 826 1630 quod
848 1557 963 1625 Victori,
987 1555 1131 1628 quondam
1150 1555 1334 1628 presbytero,
1359 1570 1457 1626 pacem
1480 1553 1662 1608 concessisset
1680 1551 1840 1624 Therapius

150 1666 165 1696 a
184 1651 340 1718 antequam
356 1647 550 1718 poenitentiam
569 1646 684 1717 plenam
698 1645 819 1718 egisset,
834 1650 899 1700 ante
912 1645 1072 1716 legitimum
1085 1647 1113 1698 et
1127 1645 1245 1717 plenum
1263 1641 1460 1697 satisfactionis
1484 1648 1612 1712 tempus,
1629 1640 1689 1694 sine
1706 1639 1796 1710 petitu
1812 1644 1841 1694 et

148 1737 329 1792 conscientia
343 1737 442 1809 plebis,
465 1737 543 1791 nulla
557 1735 722 1792 infirmitate
742 1751 774 1790 ac
795 1735 960 1791 necessitate
977 1741 1106 1807 cogente.
1129 1755 1142 1783 »
1166 1733 1231 1788 Erat
1246 1747 1315 1802 ergo
1331 1729 1503 1801 praeiinitnm
1525 1729 1639 1802 aliquod
1660 1725 1835 1798 poenitentiae

156 1829 288 1898 tenipus,
312 1826 391 1897 cujus
412 1825 601 1880 imminuendi
616 1826 743 1896 potestas
758 1829 819 1879 erat
834 1839 920 1894 penes
933 1824 1106 1895 episcopum,
1122 1821 1206 1876 modo
1221 1836 1304 1876 causa
1318 1819 1411 1890 aliqua
1424 1815 1517 1889 gravis
1532 1817 1683 1872 incidisset.
1700 1815 1837 1870 [tamdem

151 1915 333 1986 poenitentia
346 1915 437 1986 plenae
450 1914 597 1970 notionem
613 1913 778 1986 suppeditat
793 1912 881 1983 Epist.
897 1929 966 1980 xxii,
982 1912 1012 1966 in
1027 1928 1082 1983 qua
1094 1909 1250 1982 Cyprianus
1262 1914 1288 1963 et
1303 1908 1350 1962 alii
1369 1923 1434 1962 eum
1449 1923 1483 1963 co
1497 1905 1620 1978 episcopi
1633 1907 1669 1961 de
1682 1903 1839 1975 virginibus

151 2020 218 2075 quae
235 2019 304 2058 cum
320 2003 450 2058 mascmis
464 2002 651 2074 deprehensae
666 2002 696 2056 in
710 2001 812 2057 eodem
827 2001 899 2056 lecto
913 2001 1036 2068 lucrant,
1051 1999 1215 2066 decernunt,
1230 1999 1269 2066 ut,
1285 2019 1299 2046 o
1317 1997 1341 2051 si
1354 1996 1550 2068 poenitentiam
1564 1995 1649 2066 hujus
1663 1993 1754 2048 illiciti
1769 2009 1839 2048 con·

149 2093 267 2146 cubitus
281 2091 323 2145 sni
340 2093 452 2164 egerint
465 2095 521 2148 eta
536 2107 565 2148 sa
581 2091 704 2146 invicem
715 2089 894 2158 recesserint,
909 2090 1095 2162 inspiciantur
1109 2087 1224 2144 interim
1238 2086 1361 2156 virgines
1374 2085 1408 2140 ab
1421 2083 1617 2140 obstetricibus
1633 2083 1796 2154 diligenter,
1811 2086 1840 2138 et

150 2183 174 2235 si
190 2181 319 2252 virgines
331 2181 453 2237 inventas
469 2181 586 2250 luerint,
601 2187 717 2254 accepta
730 2179 988 2236 communicatione
1003 2178 1036 2232 ad
1054 2177 1207 2232 Ecclesiam
1220 2175 1463 2240 admittantur...·,
1484 2174 1506 2228 si
1521 2177 1618 2230 autern
1640 2174 1674 2228 de
1688 2173 1728 2228 eis
1743 2172 1840 2244 aliqua

150 2277 288 2342 corrupta
309 2271 395 2326 luerit
419 2272 606 2343 deprehensa,
627 2275 691 2342 agat
715 2267 912 2342 poenitentiam
935 2267 1062 2339 plenam,
1078 2265 1144 2338 quia
1165 2281 1229 2338 quas
1251 2265 1305 2319 hoe
1325 2263 1431 2318 crimen
1447 2261 1582 2331 admisit,
1598 2279 1656 2318 non
1674 2260 1770 2316 inariti
1790 2260 1840 2315 sed

149 2360 259 2416 Christi
274 2359 405 2415 adultera
427 2366 489 2428 cst;
512 2364 542 2414 et
555 2359 620 2415 ideo
641 2360 783 2414 aestimato
796 2359 872 2431 justo
893 2361 1032 2427 tempore,
1053 2359 1153 2428 postea
1167 2351 1357 2424 exomologesi
1376 2352 1458 2421 lacta,
1474 2352 1509 2406 ad
1528 2349 1681 2407 Ecclesiam
1703 2349 1809 2405 redeat.
1825 2369 1839 2398 a

150 2450 250 2506 Brevis
263 2466 331 2521 ergo
342 2449 510 2521 poenitentia
524 2449 645 2521 integris
656 2447 813 2519 virginibus
823 2445 991 2518 imponitur,
1003 2443 1247 2514 corruptisautem
1257 2443 1343 2514 plena
1357 2464 1371 2491 ι(
1386 2448 1414 2496 et
1421 2443 1498 2512 justo
1508 2445 1637 2514 tempore
1652 2440 1812 2496 estimato:
1826 2460 1840 2490 »

152 2545 182 2594 et
204 2537 455 2610 quemadmodum
475 2539 506 2592 in
528 2539 646 2593 concilio
666 2535 882 2609 Carthaginensi
903 2532 1040 2589 sancitum
1054 2536 1087 2587 ut
1107 2532 1177 2604 lapsi
1192 2532 1306 2586 interim
1323 2531 1555 2599 admitterentur,
1580 2527 1731 2585 saerillcati
1749 2529 1840 2600 poeui-

150 2629 276 2683 tentiam
289 2629 405 2698 plenam
420 2633 547 2700 agerent,
563 2629 602 2684 ita
616 2629 702 2684 etiam
713 2629 766 2683 hoc
781 2628 842 2682 loco
853 2625 1013 2680 decernunt
1028 2621 1153 2694 episcopi
1165 2625 1195 2674 ot
1204 2619 1327 2692 virgines
1340 2620 1455 2675 interim
1468 2619 1664 2692 inspiciantur,
1679 2623 1707 2674 et
1720 2618 1841 2690 integris

152 2717 182 2772 in
197 2717 354 2772 Ecclesiam
368 2717 510 2785 admissis,
523 2724 662 2791 corruptae
673 2717 868 2791 poenitentiam
884 2716 1000 2786 plenam
1014 2717 1112 2784 agant.
1128 2715 1158 2768 3⁰
1169 2711 1197 2768 Si
1211 2711 1357 2766 sacrificati
1369 2728 1420 2782 per
1432 2716 1522 2766 totum
1537 2711 1599 2766 viia
1611 2715 1723 2782 tempus
1735 2707 1838 2764 addicti

150 2806 331 2878 penitentie
350 2805 486 2872 luissent,
502 2823 616 2862 necesse
637 2823 695 2862 non
715 2807 814 2861 luisset
829 2825 842 2855 e
858 2809 889 2859 ut
904 2803 1136 2858 examinarentur
1150 2817 1243 2856 causas
1259 2807 1286 2855 et
1301 2800 1458 2855 voluntates
1472 2806 1499 2855 ct
1512 2799 1694 2855 necessitates
1709 2799 1837 2871 singule·

152 2911 218 2950 rum
234 2912 242 2964 ;
258 2918 271 2946 a
284 2897 343 2966 sed,
360 2898 389 2950 ut
405 2895 534 2951 observat
546 2895 752 2963 Tillemontius,
770 2893 878 2950 nullum
894 2908 1009 2964 prorsus
1023 2889 1190 2959 discrimen,
1205 2889 1301 2945 nullus
1315 2889 1440 2944 delectus
1453 2888 1614 2944 exstitisset.

649 3033 715 3088 lllll.
729 3047 807 3086 -oa
826 3045 931 3086 caarsrr
949 3045 976 3084 m
997 3043 1173 3084 ancaamsrn
1192 3041 1351 3081 ransunrn.

189 3146 326 3201 Ecclesiae
348 3145 479 3201 doctrina
502 3146 536 3202 de
559 3163 681 3220 corpore
702 3153 730 3201 et
747 3145 885 3217 sanguine
906 3144 1017 3200 Domini
1034 3142 1140 3215 apertis
1158 3142 1291 3214 Cypriani
1312 3142 1479 3199 testimoniis
1498 3140 1670 3197 continetur.
1694 3138 1838 3211 Quidquid

154 3235 190 3290 de
206 3235 382 3290 Eucharistia
391 3235 526 3307 predicat
537 3236 564 3292 S.
581 3239 692 3308 llartyr,
706 3253 739 3291 eo
754 3237 860 3306 spectat
873 3239 905 3289 ut
917 3233 996 3289 notio
1010 3232 1056 3287 illa
1066 3231 1251 3286 confirmetur
1261 3247 1347 3302 qnam
1361 3233 1453 3302 prima
1469 3231 1614 3287 auditione
1629 3229 1735 3287 Christi
1748 3227 1837 3283 verba

153 3325 259 3378 animis
278 3324 412 3379 afferunt.
430 3324 553 3396 Perspiei
573 3329 668 3396 potest
682 3325 758 3380 illius
778 3323 918 3378 sententia
939 3337 975 3376 ex
995 3321 1039 3376 his
1058 3337 1122 3393 quae
1145 3319 1182 3374 de
1203 3320 1388 3374 sacramentis
1410 3320 1611 3374 hereticorum
1632 3318 1756 3374 disserit.
1779 3318 1838 3372 Cur

154 3413 234 3467 enim
253 3412 283 3468 in
299 3413 385 3483 Epist.
398 3429 459 3480 cxx,
477 3435 492 3463 (ι
505 3413 710 3470 Eucharistiam
725 3413 788 3468 lieri
809 3411 885 3484 apud
901 3411 964 3466 illos
979 3409 1096 3466 omnino
1115 3425 1173 3463 non
1193 3425 1273 3479 posse
1289 3429 1302 3459 o
1324 3407 1466 3476 censebat,
1483 3409 1537 3462 nisi
1552 3407 1618 3479 quia
1632 3405 1739 3462 Christi
1754 3405 1840 3460 verba
1942 3423 1945 3428 Δ

155 3503 191 3557 ab
206 3503 265 3558 illis
279 3504 382 3557 frustra
404 3503 583 3574 pronuntiari
604 3502 798 3568 existimabat,
821 3501 927 3555 frustra
942 3499 1066 3554 invocari
1089 3497 1224 3570 Spiritum
1248 3503 1387 3565 sanctum,
1412 3501 1445 3552 ut
1468 3515 1571 3570 panem
1594 3502 1622 3552 et
1637 3497 1733 3551 vinum
1754 3494 1842 3550 saciat

154 3609 262 3662 corpus
277 3595 307 3646 ct
324 3591 493 3662 sanguinem
507 3591 632 3648 Christi?
651 3591 694 3647 Sic
714 3590 801 3645 etiam
816 3587 995 3643 Firmilianus
1017 3591 1047 3642 ut
1068 3587 1167 3658 probet
1183 3603 1240 3642 non
1256 3587 1322 3641 satis
1338 3603 1398 3641 esse
1412 3587 1446 3642 ad
1463 3587 1581 3642 effeetus
1595 3589 1839 3640 sacramentorum

155 3689 186 3736 ut
201 3681 335 3738 Ecclesia
352 3698 450 3752 preces
470 3687 498 3737 et
511 3683 583 3737 ritus
595 3687 753 3750 serrantur,
773 3679 906 3749 exemplo
925 3677 1014 3732 utitur
1027 3676 1133 3730 insanae
1152 3674 1299 3746 cujusdam
1323 3676 1498 3731 muliercula
1512 3693 1576 3748 quae
1594 3675 1760 3747 frequenter
1773 3687 1840 3728 ausa

156 3771 261 3840 luerat,
276 3775 307 3826 ut
322 3791 337 3819 u
359 3776 386 3826 et
403 3771 581 3826 invocatione
599 3786 656 3826 non
672 3767 880 3840 contemptibili
899 3765 1057 3820 sacrificare
1075 3782 1106 3819 se
1126 3781 1229 3836 panem
1248 3768 1278 3819 et
1292 3765 1499 3820 Eucharistiam
1522 3766 1616 3820 lacere
1634 3763 1794 3830 simularet,
1810 3765 1839 3815 et

153 3860 326 3916 sacrificium
341 3861 458 3916 Domino
469 3877 527 3916 non
542 3860 602 3914 sine
622 3861 796 3914 sacramento
809 3856 898 3912 solitas
913 3854 1121 3926 predicationis
1135 3853 1259 3910 offerret.
1274 3876 1287 3904 o
1305 3855 1377 3909 illud
1387 3871 1457 3926 argo
1470 3853 1641 3910 discriminis
1654 3851 1836 3909 Firmilianns

155 3957 184 4004 et
196 3950 357 4021 Cyprianus
372 3949 447 4004 inter
461 3947 671 4004 Catholicorum
681 3952 710 4002 et
723 3946 920 4002 hereticorum
931 3941 1137 4000 Eucliaristiam
1149 3943 1302 4014 ponebant,
1316 3943 1394 4015 quod
1404 3944 1542 3999 haereticis
1553 3943 1689 4014 Spiritum
1706 3945 1836 3995 sanctum

154 4037 358 4094 invocantibus
376 4039 452 4095 nulla
474 4038 556 4094 fieret
575 4037 716 4094 donorum
736 4036 866 4103 mutatio,
887 4035 1097 4091 Catholicorum
1117 4036 1213 4088 autem
1230 4048 1326 4104 preces
1345 4049 1494 4105 nunquam
1515 4033 1568 4088 hoc
1589 4029 1715 4086 mirabili
1736 4028 1839 4085 ellectu

156 4129 303 4182 carerent.

192 4215 270 4269 Adeo
287 4229 454 4285 persuasum
468 4217 497 4270 et
509 4215 687 4286 exploratum
702 4217 764 4269 erat
782 4213 922 4286 Cypriane
941 4213 976 4268 de
990 4211 1113 4267 mirabili
1129 4211 1176 4266 illo
1201 4208 1396 4266 ecclesiastica
1419 4209 1601 4265 invocationis
1622 4208 1733 4275 ellectu,
1751 4212 1782 4262 ut
1803 4207 1838 4262 de

157 4304 245 4375 lapsis
258 4307 326 4358 ante
337 4309 489 4374 purgatam
502 4303 704 4358 conscientiam
719 4301 994 4358 communicantibus
1004 4301 1098 4356 dicere
1108 4316 1166 4356 non
1182 4299 1294 4354 dubitet
1306 4299 1355 4354 lib.
1371 4299 1403 4354 de
1413 4301 1492 4370 Lapa.
1505 4299 1544 4370 (p.
1563 4297 1622 4369 l86)
1639 4315 1645 4352 :
1660 4319 1673 4348 ι(
1689 4297 1736 4352 Vis
1748 4296 1836 4352 inler-

156 4397 204 4447 tur
219 4391 332 4464 corpori
347 4390 409 4463 ejus
427 4397 455 4448 et
471 4391 611 4464 sanguini,
628 4394 656 4447 et
670 4393 734 4464 plus
747 4391 831 4446 modo
849 4391 878 4445 in
893 4390 1048 4444 Dominum
1057 4387 1189 4444 manibus
1201 4393 1287 4458 atque
1304 4403 1353 4442 ore
1368 4387 1549 4460 delinquunt,
1567 4403 1654 4459 quam
1670 4403 1735 4442 cum
1747 4385 1839 4443 Domi-

158 4495 229 4534 num
249 4481 436 4551 negaverunt.
456 4499 469 4527 u
494 4479 556 4534 Non
570 4496 638 4550 ergo
659 4479 716 4534 sola
734 4479 789 4533 lide
811 4494 912 4549 corpus
934 4478 1036 4534 Christi
1059 4477 1088 4532 in
1110 4476 1284 4532 Eucharistia
1298 4476 1430 4545 sumitur,
1455 4476 1502 4531 sed
1524 4492 1588 4532 vere
1609 4481 1638 4532 et
1652 4477 1688 4532 ab
1713 4473 1839 4548 indignis

157 4568 226 4639 ipsis
241 4567 414 4639 percipitur;
437 4582 489 4622 nce
503 4583 606 4640 corpus
619 4567 655 4622 ab
677 4567 775 4622 anima
794 4572 822 4622 el
845 4566 991 4622 divinitate
1013 4571 1175 4638 separatum
1193 4572 1244 4633 est,
1269 4565 1319 4622 sad
1342 4567 1403 4638 ipse
1425 4566 1560 4622 [lominus
1574 4567 1663 4635 adest,
1681 4584 1713 4622 ac
1728 4567 1759 4622 in
1774 4581 1839 4620 eum

159 4655 295 4710 manibus
316 4659 345 4710 et
365 4671 414 4710 ore
431 4654 601 4726 delinquunt
621 4654 668 4726 qni
690 4653 806 4726 indigne
823 4657 1045 4710 communicant.
1065 4654 1134 4710 ltine
1156 4655 1248 4726 ipsam
1260 4654 1374 4709 Domini
1392 4654 1570 4725 majestatem
1596 4654 1692 4709 adesse
1712 4653 1840 4708 declarat

159 4743 187 4797 in
203 4743 307 4799 eodem
320 4743 392 4800 libro
406 4758 413 4798 :
429 4743 468 4798 sic
481 4744 556 4798 enim
569 4743 695 4816 loquitur
710 4743 745 4798 de
761 4743 855 4815 puella
870 4760 945 4815 quae,
960 4761 976 4799 a
989 4744 1098 4800 nutrice
1118 4741 1154 4798 ad
1168 4741 1286 4809 idolum,
1301 4742 1405 4798 deinde
1420 4759 1435 4796 a
1449 4742 1617 4813 parentibus
1631 4743 1666 4797 ad
1682 4740 1837 4798 Ecclesiam

158 4829 262 4899 delata,
286 4830 454 4903 sauguinem
475 4831 597 4898 Domini,
623 4846 710 4902 quem
729 4831 861 4886 diaconus
878 4832 1030 4888 reluctanti
1045 4830 1201 4899 inluderet,
1214 4845 1274 4884 non
1293 4829 1354 4884 sine
1368 4829 1496 4899 singultu
1510 4829 1620 4899 rejecit.
1637 4849 1651 4881 a
1667 4831 1699 4886 ln
1719 4845 1838 4901 corpore

158 4924 247 4990 atque
267 4933 316 4973 ore
330 4919 445 4982 violato,
466 4917 570 4988 inquit,
590 4917 762 4974 Eucharistia
781 4933 950 4988 permanere
969 4935 1028 4975 non
1046 4919 1147 4992 potuit.
1162 4916 1357 4975 Sanctificatus
1372 4916 1403 4971 in
1417 4917 1530 4972 Domini
1543 4918 1683 4990 sanguine
1697 4921 1782 4990 potus
1803 4919 1839 4976 de

159 5008 277 5078 pollutis
298 5006 453 5062 visceribus
474 5007 579 5078 erupit.
600 5007 689 5062 Tanta
712 5011 755 5062 est
775 5010 902 5078 potestas
928 5007 1057 5076 Domini,
1081 5013 1159 5063 tauta
1181 5005 1336 5076 maiestas!
1364 5024 1378 5057 s
1403 5007 1481 5076 (Pag.
1511 5007 1583 5076 las.)
1609 5007 1710 5063 Narrat
1732 5008 1838 5066 ibidem

158 5095 317 5166 Cyprianus
329 5093 406 5149 aliud
421 5093 610 5149 miraculum:
627 5114 641 5143 u
654 5095 690 5150 Et
703 5094 818 5167 quidem
831 5095 913 5164 alius,
927 5095 1030 5167 inquit,
1044 5095 1111 5167 quia
1125 5098 1152 5150 et
1165 5095 1226 5166 ipsa
1239 5094 1394 5150 maculatus
1413 5093 1549 5150 sacrificio
1566 5111 1583 5150 a
1596 5095 1744 5153 sacerdote
1762 5097 1836 5153 cele-

158 5182 241 5238 brato
263 5186 376 5254 partem
397 5197 463 5237 cum
483 5181 593 5237 ceteris
612 5197 698 5237 ansus
719 5185 763 5237 ast
773 5183 894 5239 latenter
907 5183 1043 5254 accipere,
1057 5187 1187 5239 sanctum
1200 5182 1315 5238 Domini
1329 5182 1414 5238 edere
1426 5185 1456 5237 et
1471 5186 1648 5240 contrectare
1663 5200 1720 5240 non
1735 5187 1838 5255 potuit,

158 5271 286 5328 cinerem
305 5269 379 5324 terra
399 5285 429 5325 se
452 5269 557 5342 apertis
584 5269 718 5326 manibus
744 5269 865 5328 invenit.
888 5271 1064 5331 Documento
1092 5271 1178 5328 unius
1200 5277 1347 5326 ostensum
1368 5273 1412 5326 est
1439 5271 1589 5327 Dominum
1616 5273 1750 5328 recedere
1773 5290 1838 5330 cum

160 5363 291 5430 negatur.
305 5379 320 5407 o
336 5357 399 5413 Non
414 5373 481 5430 ergo
494 5357 623 5429 panisar
642 5357 775 5414 manibus
789 5359 877 5430 hujus
889 5358 1015 5414 hominis
1031 5362 1197 5428 evanuerat,
1216 5358 1265 5414 sed
1284 5359 1344 5431 ipse
1358 5359 1495 5415 eominus
1508 5364 1675 5418 recesserat.
1694 5359 1840 5435 63-64

159 5448 224 5502 liae
232 5445 491 5518 autamCyprianus
503 5462 538 5500 ea
548 5451 645 5501 mente
655 5446 778 5511 disserit,
792 5449 825 5501 ut
834 5446 996 5503 hominihus
1009 5463 1111 5518 parum
1124 5451 1207 5504 caute
1217 5447 1505 5513 communicantibus,
1515 5449 1584 5521 quid
1595 5449 1629 5505 de
1638 5450 1693 5506 hoc
1705 5451 1842 5522 mysterio

159 5534 310 5590 sciendum
333 5535 369 5590 sit
391 5535 534 5605 explanet.
561 5533 754 5599 Quamobrem
776 5535 858 5592 facile
881 5535 1051 5607 perspicitur
1077 5550 1134 5606 quo
1158 5552 1243 5591 sensu
1270 5536 1371 5608 primis
1394 5536 1507 5592 saeculis
1530 5537 1591 5594 haec
1613 5537 1717 5594 Christi
1745 5539 1840 5607 verba,

160 5639 215 5681 noc
230 5640 279 5680 aar
301 5637 404 5680 coneus
427 5639 513 5691 asca,
532 5638 579 5690 ,arc
598 5639 644 5678 aar
658 5639 778 5694 sirenis,
799 5629 871 5691 etc,
891 5623 1016 5695 episcopi
1034 5623 1209 5694 acciperent,
1226 5637 1292 5676 cum
1312 5639 1344 5678 ex
1364 5622 1408 5678 his
1429 5623 1602 5680 concludant
1622 5623 1726 5682 Christi
1740 5641 1843 5696 eorpus

159 5719 188 5768 et
207 5712 380 5784 sanguinem
398 5711 484 5780 sumi,
503 5711 532 5766 in
554 5711 647 5785 ipsum
668 5711 823 5768 Dominum
840 5712 933 5768 creet
953 5709 1083 5765 manibus
1095 5708 1261 5782 delinquere
1287 5709 1336 5782 qui
1355 5709 1472 5783 indigne
1485 5701 1705 5782 communicant,
1719 5717 1839 5784 potesta-

160 5808 221 5860 tem
243 5801 356 5859 Domini
378 5804 408 5858 et
428 5801 609 5876 majestatem
634 5801 742 5873 adesse,
764 5817 797 5857 ac
815 5800 911 5874 ipsum
935 5799 1090 5856 Dominum
1113 5813 1171 5860 uon
1188 5797 1256 5872 ,sine
1281 5797 1418 5856 miraculo
1442 5815 1458 5855 e
1482 5799 1617 5858 manibus
1638 5801 1838 5860 contaminatis
