3978 6204
103 247 142 302 sss
660 239 760 304 ursan
781 247 824 303 on
844 247 967 308 atauo
987 245 1162 306 vinositas.
1698 239 1750 298 no
1796 199 1803 212 “

101 373 257 442 recognoscat
281 369 345 442 (θὸ),
368 370 469 426 adsue
491 371 608 444 premia
635 377 664 427 et
684 373 822 444 promissa
834 390 1024 469 irc-Agrege
1043 373 1215 446 virginitatis
1232 373 1334 442 arceri,
1354 389 1389 428 ne
1413 369 1547 442 contagio
1569 387 1620 426 suo
1634 371 1750 426 caeteras

100 466 202 522 cicutam
223 469 364 520 removent
382 467 411 520 et
434 463 585 530 excludet,
617 466 766 538 increpans
786 469 884 540 rigore
935 469 1064 540 polluant
1077 468 1146 524 dum
1161 468 1245 522 simul
1258 465 1353 542 457
1368 468 1487 540 degunt,
1498 483 1533 521 no
1546 466 1668 537 perdant
1679 464 1749 518 alias

99 556 201 614 censoris
215 561 242 612 at
251 557 355 628 judicis
373 558 470 615 dicat:
485 559 563 632 Opus
578 559 630 614 hoc
646 575 744 616 mcnm
760 578 816 618 non
830 565 883 630 ast,
934 577 1112 635 quecunque
1126 561 1284 633 perierunt.

98 668 137 706 occ
155 651 242 724 imago
267 657 363 708 nostra
388 655 440 708 est.
469 653 568 710 Cutem
597 654 666 710 laiso
693 655 884 712 medicamine
969 657 1055 712 xvttt.
1082 657 1115 710 Et
1139 655 1276 728 quoniam
1300 654 1484 710 continentias
1506 655 1649 710 bonurn75
1666 669 1746 725 qun·

97 744 208 816 polluisti,
221 745 327 800 crinem
342 745 473 803 adultero
487 747 582 802 colore
597 748 726 818 mutasti,
740 765 882 822 expugna·
934 750 1032 816 rimus,
1046 749 1203 821 perniciosa
1218 764 1341 819 quicque
1356 753 1384 804 et
1397 747 1498 802 intesta
1510 747 1676 803 vitemustt.
1691 749 1747 802 Nec

96 841 161 893 tsest
180 838 325 894 mendacio
342 839 439 906 iacies,
462 839 554 912 figura
567 845 702 914 corrupta
723 845 775 910 cst,
791 843 883 899 vultus
932 843 981 898 illa
1003 847 1143 915 pretereo
1168 857 1243 914 que,
1266 842 1333 898 dum
1357 841 1533 914 negligentia
1560 841 1589 895 iu
1604 857 1684 896 usum
1699 857 1745 896 ve-

94 933 183 986 nienus
195 934 243 986 est.
261 932 347 988 Deum
362 932 459 990 videre
474 949 533 990 non
547 933 663 1006 poteris,
679 935 795 1007 qrrando
810 937 882 992 ocrrli
933 937 1026 1006 ninnt,
1049 941 1148 992 contra
1167 936 1284 1008 pudicos
1303 940 1332 991 et
1352 935 1462 990 sobrios
1479 951 1573 990 mores
1597 934 1745 990 licentiam

24 1043 25 1060 ¹
94 1025 125 1080 toi
143 1041 195 1080 non
216 1028 281 1081 sant
298 1042 371 1098 quos
393 1028 467 1082 Dens
491 1027 569 1092 iacit,
594 1029 642 1084 sed
669 1045 739 1100 quos
755 1029 882 1085 diabolos
932 1030 983 1087 sibi
1011 1031 1046 1086 de
1062 1031 1244 1102 usurpatione
1266 1029 1406 1086 lecerunt.
1423 1028 1566 1094 Quasdam
1580 1045 1638 1082 non
1658 1027 1747 1098 pudet

24 1107 25 1110 ¹
93 1119 276 1174 iniecitlllom
301 1125 332 1175 tn
353 1125 508 1188 sectataes,
536 1121 637 1178 rutilos
655 1127 741 1194 atque
757 1124 882 1195 depictos
932 1124 1106 1180 nubentibus
1137 1125 1274 1180 interesse
1305 1124 1381 1196 (68),
1410 1127 1440 1178 ct
1469 1123 1499 1177 iu
1527 1122 1572 1176 illa
1599 1120 1744 1176 lascivien-

93 1209 170 1262 orolos
198 1207 249 1280 (66)
275 1211 415 1281 serpentis
438 1211 548 1268 imitata
570 1228 611 1280 es,
635 1212 669 1268 de
692 1212 808 1268 inimico
832 1219 881 1271 tuo
932 1217 1005 1272 tium
1021 1217 1076 1290 (69)
1089 1217 1219 1273 libertate
1233 1233 1397 1272 sermonum
1419 1215 1560 1288 colloquia
1573 1215 1681 1270 incesta
1693 1213 1745 1268 mi-

92 1305 203 1374 compta,
231 1319 295 1358 cnm
323 1303 372 1359 illo
399 1303 506 1376 pariter
529 1309 558 1360 et
577 1321 684 1361 arsura.
709 1307 788 1377 llaec,
815 1324 881 1376 oro,
932 1328 1022 1379 scere,
1036 1311 1136 1368 andire
1150 1311 1226 1383 quod
1241 1328 1298 1366 non
1312 1311 1402 1380 decet,
1423 1311 1500 1382 qnod
1516 1326 1573 1364 non
1587 1307 1686 1364 licet⁷⁷
1702 1307 1746 1361 di-

91 1395 219 1468 rogilanda
233 1412 290 1452 uon
303 1402 371 1453 sunt
385 1398 432 1454 Dei
451 1399 565 1454 serris?
583 1416 640 1454 non
655 1399 700 1454 dic
722 1417 837 1473 semper
848 1418 882 1457 ac
931 1421 1006 1474 cere,
1022 1405 1166 1460 observari
1181 1409 1209 1460 et
1222 1421 1283 1460 esse
1295 1409 1450 1476 praesentes
1464 1403 1538 1458 inter
1552 1402 1638 1458 rerba
1652 1401 1745 1471 turpia

91 1493 155 1544 nocte
164 1491 314 1546 metuenda
328 1491 410 1562 (⁰7l?
425 1492 553 1548 Viderint
564 1492 634 1566 quid
650 1493 704 1548 sibi
720 1500 815 1566 unptae
831 1511 881 1566 per
931 1501 960 1553 et
974 1499 1132 1554 temulente
1154 1498 1283 1554 conrivia
1296 1498 1399 1569 quibus
1420 1497 1569 1552 libidinum
1592 1496 1682 1550 fomes
1697 1509 1743 1548 ac-

92 1582 200 1654 placendi
213 1583 337 1639 studium
349 1585 384 1640 de
397 1586 551 1659 conjugum
565 1587 666 1643 solatio
676 1587 879 1656 blandiantur,
931 1593 1069 1660 cenditur,
1085 1607 1187 1664 sponsa
1201 1591 1237 1646 ad
1251 1591 1419 1664 patientiam
1428 1590 1529 1662 stupri,
1543 1589 1581 1644 ad
1594 1587 1743 1644 audaciam

91 1677 228 1746 quosdam
254 1679 284 1733 in
317 1679 532 1736 excusationem
560 1697 640 1736 snam
665 1681 823 1753 proferunt,
845 1682 880 1737 ad
931 1701 1052 1758 sponsus
1069 1686 1124 1756 (70)
1141 1685 1294 1742 animatur.
1309 1685 1375 1750 Quis
1389 1685 1428 1739 illi
1447 1683 1594 1754 innuptiis
1607 1682 1685 1738 locus
1700 1685 1743 1736 est

22 1799 23 1806 .
91 1770 234 1826 ocientem
283 1772 446 1828 criminosae
495 1775 690 1830 consensionis
729 1776 1010 1848 asciscuntsscuitt
1030 1777 1740 1851 animusadnnptiasnonest,autrolnptaria⁷⁹

22 1859 24 1920 t
90 1863 198 1934 l'irgioes
220 1869 307 1933 certe,
330 1865 433 1937 quihus
459 1865 504 1922 liic
528 1883 623 1922 sermo
647 1884 723 1923 nunc
748 1869 879 1938 consulit,
930 1873 987 1929 illic
1001 1879 1029 1928 et
1041 1873 1106 1928 laeto
1118 1889 1180 1928 esse
1198 1889 1261 1945 quae
1283 1879 1401 1944 possunt
1421 1871 1467 1926 uhi
1483 1874 1512 1926 et
1530 1869 1622 1926 studia
1638 1874 1741 1924 ctvotn

90 1971 137 2025 que
150 1972 176 2009 se
189 1956 329 2028 ejusmodi
346 1959 455 2014 artibus
469 1960 653 2032 compserint,
667 1962 740 2017 iuter
754 1961 880 2033 virgines
930 1966 1039 2022 diversa
1061 1967 1150 2022 sonti
1181 1966 1253 2032 Quid
1279 1966 1336 2020 illic
1357 1965 1496 2032 discitur,
1516 1966 1584 2037 quid
1608 1965 1741 2021 videtur?

90 2065 133 2102 uon
153 2053 244 2120 potem
271 2051 375 2108 dehere
400 2051 556 2123 numerari,
582 2055 633 2110 sed
655 2058 793 2128 tanquam
814 2073 879 2110 con·
930 2057 1073 2120 Quantum
1087 2072 1102 2108 a
1116 2055 1263 2127 proposito
1279 2071 1330 2110 suo
1351 2053 1431 2126 virgo
1445 2055 1549 2121 delicit,
1566 2055 1681 2126 qriando
1693 2073 1741 2128 pu-

21 2141 22 2176 l
89 2147 157 2198 botas
170 2159 232 2200 ores
245 2149 273 2200 ct
288 2145 432 2202 morbidas
447 2147 569 2218 pecudes
583 2149 606 2182 ἲ*
623 2154 750 2206 asancto
765 2153 794 2204 ot
807 2166 878 2220 puro
929 2149 990 2205 dica
1011 2149 1067 2220 (it)
1080 2165 1143 2221 quae
1163 2153 1281 2204 venerat
1295 2147 1441 2219 impudica
1465 2147 1582 2204 discedit
1592 2149 1606 2204 i
1618 2147 1741 2221 Corpore

766 2300 870 2366 Variae
899 2301 1066 2366 lectiones.

20 2401 21 2468 s
111 2419 253 2474 '‘Pecudos
277 2423 399 2474 deestis
423 2425 477 2476 ΝΟ.
499 2430 523 2475 s.
558 2426 578 2462 ⁷⁵
588 2427 700 2478 Donum
723 2429 790 2478 Voss.
814 2431 836 2480 l.
871 2428 1029 2480 ”vitamus
1050 2429 1128 2478 Osos.
1148 2444 1180 2478 ec
1201 2428 1304 2478 tcodd.
1324 2428 1432 2479 incesta
1452 2429 1521 2478 hom
1554 2427 1575 2462 ⁷⁷
1586 2428 1666 2491 Quod
1686 2442 1741 2479 nou

20 2539 21 2548 ,
90 2491 424 2558 licet..‚quodnondeoet
443 2498 509 2547 Voss.
525 2500 547 2561 t,
563 2499 660 2548 Redi.
696 2497 1204 2565 ⁷⁸Quisillis...,quibus1.ia.dod.t.
1238 2497 1430 2549 ⁷⁹Voluntaria
1447 2499 1508 2549 Tiri.

726 2631 839 2713 Steph.
855 2629 977 2695 Baluzii
993 2637 1091 2696 notes.

109 2749 149 2810 (mi
174 2751 204 2801 Tc
220 2765 274 2804 nass
294 2761 469 2820 recognoscat.
490 2755 582 2808 Julius
600 2757 738 2809 Firminus
756 2758 785 2808 in
806 2757 878 2809 libro
926 2759 1013 2822 nique
1028 2757 1155 2809 infacetis
1167 2758 1274 2808 facetiis
1294 2757 1463 2821 indulgetur.
1482 2754 1571 2807 Omne
1585 2753 1660 2805 euim
1673 2765 1740 2803 cou-

86 2817 109 2868 ds
130 2835 213 2873 erroro
240 2823 420 2890 profanarum
440 2827 598 2891 religiosum
620 2845 629 2878 :
654 2829 755 2880 «Cum
778 2828 878 2881 cohors
928 2829 1043 2890 rivium,
1057 2833 1088 2879 ut
1104 2828 1152 2879 lib.
1167 2843 1186 2890 i,
1205 2842 1266 2893 cap.
1284 2829 1308 2886 Ξ,
1333 2829 1372 2878 ait
1395 2826 1593 2889 Quintilianus,
1614 2824 1742 2876 obscenis

19 2937 20 2940 ,
87 2895 158 2940 restra
179 2893 211 2943 ad
230 2895 353 2946 tribunal
373 2897 525 2960 judicantis
547 2899 598 2950 Dei
625 2902 782 2960 accesserit,
807 2901 877 2952 nihil
928 2899 1058 2951 cantibus
1090 2900 1196 2964 strepit,
1233 2899 1364 2964 pudenda
1398 2898 1476 2950 dictu
1511 2901 1678 2962 spectentur.
1707 2895 1743 2946 Et

87 2957 205 3014 rosseum
227 2965 349 3017 afferetis
378 2982 433 3032 uuo
456 2970 532 3021 Deus
555 2971 603 3034 qui
627 2984 676 3022 voa
702 2972 767 3022 iecit
787 2985 878 3036 agno·
928 2970 1095 3023 Prudentius
1124 2972 1151 3020 in
1186 2972 1383 3034 Homortipsnin
1409 2969 1479 3020 dixit
1511 2983 1516 3016 :
1547 2985 1562 3016 a
1589 2967 1742 3019 Convivales

18 3099 19 3104 ἵ
87 3037 136 3081 scat.
148 3050 162 3080 s
175 3036 363 3103 Hieronymus
380 3041 410 3090 iu
432 3041 555 3106 Epistola
577 3043 612 3092 od
634 3042 754 3100 Furiam,
772 3043 807 3093 de
824 3043 877 3093 vi·
927 3042 1042 3093 calentis
1054 3055 1165 3092 carmen
1181 3041 1353 3106 nequitiae.»

87 3100 171 3156 duitate
198 3111 356 3162 sumenda:
376 3129 390 3158 a
413 3111 474 3176 Qua
497 3113 600 3165 fidncia
621 3115 702 3180 erigit
721 3114 755 3164 ad
775 3114 876 3166 coelum
958 3114 1010 3176 (osi
1034 3115 1065 3163 ln
1091 3111 1137 3162 itio
1164 3113 1365 3163 lascivientium.
1401 3111 1441 3162 Ite
1477 3109 1581 3160 habent
1611 3107 1741 3158 undecim

18 3185 20 3248 ζ
87 3175 160 3228 mltos
183 3193 251 3244 quos
274 3183 402 3234 conditor
423 3197 479 3235 non
498 3187 632 3250 agnoscit.
649 3201 664 3234 s
682 3185 764 3250 Apud
779 3185 876 3237 Victo-
887 3151 914 3226 G
926 3184 989 3235 libri
1003 3189 1111 3236 veteres
1129 3189 1156 3234 et
1173 3184 1257 3234 editio
1275 3183 1400 3234 llanutii.
1423 3183 1482 3234 Non
1506 3179 1634 3245 displicet
1648 3183 1740 3228 tamen

87 3257 130 3322 rara
142 3247 275 3302 Vitansam
291 3253 340 3304 lib.
356 3267 383 3316 v,
398 3269 458 3319 cap.
481 3257 506 3317 9,
530 3259 621 3308 exstet
641 3256 795 3322 objurgatio
816 3257 875 3307 hin-
926 3256 1007 3306 lectio
1025 3261 1150 3307 veterum
1174 3255 1338 3318 editionum,
1364 3255 1392 3306 in
1416 3254 1517 3319 quibus
1540 3253 1740 3316 scriptumest,

86 3321 141 3367 attae
181 3322 291 3374 diaconi
333 3325 558 3392 Carthaginensis
605 3328 640 3378 ad
683 3327 876 3393 Elpidoiorum
926 3328 1029 3377 «inter
1056 3327 1132 3377 illam
1157 3326 1348 3378 lascivientem
1378 3325 1544 3378 libertatem.
1571 3341 1585 3370 »
1616 3320 1742 3372 liabetur

86 3385 136 3440 alin
154 3391 347 3458 Christianum,
377 3399 422 3450 cui
450 3401 540 3450 iuerat
572 3400 728 3464 delegatum
752 3400 877 3450 membra
926 3401 1018 3447 autem
1038 3397 1085 3448 illa
1101 3398 1130 3448 in
1151 3399 1277 3463 quinque
1301 3397 1379 3449 libris
1394 3396 1545 3448 veteribus.
1560 3394 1654 3447 Codex
1670 3393 1740 3444 Bec-

86 3461 252 3516 tonlesaorum
276 3467 380 3520 Christi
401 3471 545 3535 suppliciis
572 3471 764 3538 grassmtibus
785 3471 876 3522 lania·
926 3468 1123 3528 censishabot,
1141 3487 1154 3514 «
1169 3468 1630 3520 inillelibertatecouviventium.
1647 3464 1740 3514 »Las-

85 3535 163 3584 sald
177 3536 254 3589 illum
269 3552 337 3604 ergo
363 3541 400 3591 ait
427 3543 500 3592 inter
517 3545 617 3594 cratera
637 3542 757 3602 Muritta,
786 3541 875 3592 Deum
925 3539 1014 3589 ciram
1027 3540 1168 3590 licentiam
1183 3540 1252 3591 dixit
1266 3541 1407 3599 Horatius,
1419 3538 1466 3590 lib.
1480 3553 1497 3601 1,
1513 3537 1558 3588 od.
1570 3537 1608 3588 lii.

86 3615 128 3654 non
146 3610 299 3670 agniturum
321 3611 411 3675 illum,
437 3625 502 3664 cum
527 3616 634 3666 venerit
651 3614 711 3665 dies
726 3618 875 3675 extremus,
957 3609 1216 3670 (attenuationem
1236 3625 1355 3676 sponsas.
1376 3609 1565 3670 Hildebertus,
1590 3609 1668 3673 epist.
1683 3609 1737 3659 36:

85 3677 104 3722 et
122 3675 248 3731 dicturum
271 3697 277 3732 :
300 3700 314 3727 a
344 3683 403 3734 Non
434 3685 577 3748 conspicio
607 3684 717 3735 vultum
739 3683 875 3748 signaculi
926 3681 1087 3732 «Nesciunt
1112 3683 1230 3747 virgines
1246 3682 1314 3746 quid
1337 3697 1370 3733 ex
1396 3681 1512 3732 maritali
1533 3681 1654 3739 licentia,
1677 3693 1739 3730 mu·

86 3747 133 3806 nei,
147 3750 329 3804 characterem
353 3765 407 3804 uon
431 3755 513 3806 video
528 3755 679 3806 Trinitatis.
695 3774 709 3801 »
726 3756 877 3819 imperator
927 3751 1020 3802 liebris
1045 3754 1181 3804 sustineat
1203 3753 1355 3803 infirmitas.
1383 3771 1396 3796 s
1424 3752 1579 3814 Descriptio
1620 3751 1739 3803 licentiis

86 3815 260 3874 Constantinus
277 3825 307 3874 iu
333 3825 413 3875 titulo
432 3823 542 3876 Codicis
565 3826 753 3878 ‘theodosiani
776 3825 808 3875 ds
821 3827 876 3875 Poe-
926 3824 1061 3874 maritalis
1081 3828 1171 3874 exstat
1188 3824 1215 3873 in
1240 3825 1325 3875 veteri
1347 3825 1545 3888 epigrammate
1562 3823 1636 3886 quod
1650 3828 1741 3874 exstat

85 3887 168 3941 nis:Si
188 3895 249 3958 quis
269 3897 299 3946 in
321 3894 418 3948 ludum
439 3897 522 3947 merit
543 3897 587 3947 rel
606 3897 634 3946 in
663 3895 805 3948 metallum
826 3909 875 3960 pro
925 3895 1089 3945 iuternotas
1105 3893 1282 3946 Salmasiiod
1304 3895 1450 3959 Scriptores
1463 3895 1587 3945 Historia
1605 3896 1739 3958 deposta,

85 3960 208 4014 criminum
221 3965 460 4030 deprehensorum
476 3967 608 4032 qualitate
621 3967 778 4028 damnatus,
792 3969 875 4017 mini·
924 3979 987 4030 pag.
1001 3966 1048 4015 285

85 4033 151 4082 mein
173 4033 231 4096 eius
253 4037 326 4088 iacie
350 4037 495 4100 scribetur,
517 4038 584 4088 dum
608 4043 635 4090 et
653 4039 681 4090 in
699 4037 830 4088 manibus
848 4041 876 4089 et
957 4037 1004 4100 iit)
1021 4035 1131 4097 Quando
1157 4036 1264 4098 pudico.
1289 4037 1344 4088 Hic
1372 4035 1453 4088 locus
1477 4036 1505 4086 in
1529 4039 1739 4104 exemplaribus

85 4099 188 4154 lusoris
210 4109 299 4171 possit
323 4121 406 4173 poeua
430 4109 616 4160 damnationis
645 4123 700 4160 una
726 4111 875 4173 scriptione
925 4108 1121 4172 manuscriptis
1149 4113 1177 4158 et
1204 4110 1233 4158 in
1268 4108 1388 4174 vulgatis
1424 4107 1595 4160 editionibus
1630 4110 1739 4162 diverso

85 4175 268 4238 comprehendi,
293 4191 349 4242 quo
373 4179 471 4238 iacies,
506 4191 569 4243 qum
603 4179 637 4230 ad
664 4180 874 4230 similitudinem
925 4177 1007 4228 modo
1051 4179 1159 4243 legitur.
1187 4179 1299 4230 Etenim
1327 4179 1463 4229 nonnulla
1498 4193 1594 4230 eorum
1635 4181 1740 4232 babent

86 4244 276 4302 pulchritudinis
300 4250 422 4302 coelestis
441 4255 482 4301 est
502 4251 626 4316 figurata,
646 4253 762 4302 minime
778 4265 874 4302 maon·
924 4265 939 4297 a
957 4248 1104 4311 Quomodo
1119 4250 1221 4314 pudica
1233 4264 1296 4316 quae
1312 4255 1425 4302 venerat
1442 4251 1582 4314 impudica
1597 4251 1739 4304 discedit.»

86 4311 173 4366 letor.»
925 4320 987 4370 Alia
1015 4323 1153 4371 contrario
1173 4334 1267 4384 sensu,
1297 4341 1311 4368 «
1340 4321 1452 4386 quaudo
1473 4320 1639 4387 impudicior
1676 4339 1740 4389 quas

107 4388 148 4446 (diti
159 4389 273 4454 Dsps‘ctos
286 4391 384 4444 ocutos.
399 4392 507 4445 Plinius
522 4393 570 4444 lib.
587 4407 628 4455 xr,
644 4409 705 4458 cap.
719 4393 749 4444 37
765 4409 770 4442 :
786 4410 801 4443 a
815 4393 875 4443 Pal·
925 4396 1039 4442 venerat
1058 4393 1199 4456 impudica
1221 4393 1346 4444 discedit.
1362 4410 1376 4439 s
1400 4393 1460 4458 Ego
1480 4395 1598 4457 pressero
1620 4395 1740 4459 priorem

86 4455 158 4513 petre
172 4461 197 4510 in
214 4464 294 4527 genis
313 4463 420 4514 homini
442 4465 591 4530 utrinque,
611 4465 775 4516 mulieribus
792 4465 874 4515 etiam
925 4463 1082 4525 lectionem,
1099 4477 1160 4515 enm
1175 4466 1258 4514 etiam
1271 4463 1306 4514 oh
1318 4478 1432 4515 causam
1447 4465 1524 4529 qnod
1541 4465 1698 4530 Cyprianus
1710 4469 1739 4518 iu

86 4524 173 4580 orecte
187 4532 307 4596 quodam
324 4534 416 4584 modo.
439 4536 525 4585 Tanta
546 4540 588 4585 est
608 4536 716 4586 decoris
737 4515 914 4586 affectatioD
925 4535 1010 4584 simili
1025 4541 1188 4598 argumento
1201 4535 1297 4586 scribit
1309 4536 1342 4584 od
1363 4539 1495 4585 Donatum
1511 4549 1572 4600 pag.
1587 4539 1602 4587 t
1618 4554 1623 4586 :
1640 4556 1654 4584 «
1667 4537 1737 4600 Quae

85 4599 108 4642 ut
130 4599 262 4665 tingantur
284 4605 360 4656 oculi
383 4619 525 4670 quoque.»
550 4605 738 4671 Hieronymus
757 4608 785 4656 in
808 4606 873 4670 tipi-
924 4603 1025 4668 pudica
1048 4605 1164 4656 fortasse
1189 4605 1223 4655 ad
1251 4604 1442 4668 spectaculum
1470 4608 1594 4656 matrona
1622 4621 1738 4672 proces-

85 4667 138 4717 stola
150 4673 182 4722 cd
196 4674 312 4732 Furium.
326 4676 360 4726 de
376 4676 516 4729 Viduitate
533 4679 681 4740 servanda,
702 4680 740 4728 ait
759 4694 765 4728 :
788 4696 802 4725 «
818 4678 874 4730 Nec
924 4677 1005 4735 serat,
1022 4672 1057 4724 de
1069 4675 1227 4738 spectaculo
1242 4674 1386 4725 revertitur
1409 4673 1559 4737 impudica.
1576 4695 1589 4722 o
1603 4675 1650 4727 Sic
1665 4677 1736 4726 llar-

85 4737 155 4800 orbes,
167 4743 193 4794 id
207 4750 247 4797 est
260 4747 367 4806 oculos,
385 4748 469 4800 stibio
482 4750 651 4815 fuliginatos.
666 4770 680 4798 s
925 4745 998 4794 tialis
1011 4744 1057 4794 lib.
1084 4759 1102 4808 r,
1125 4747 1209 4810 epigr.
1228 4745 1268 4806 30,
1288 4745 1405 4808 loquens
1425 4745 1460 4796 de
1480 4744 1584 4796 Lerina
1605 4751 1682 4797 casta
1710 4751 1738 4799 at

108 4811 146 4872 (tiit
166 4815 312 4868 uolumen.
334 4819 467 4870 Erasmus
491 4823 599 4872 monuit
623 4821 688 4872 alibi
712 4821 767 4886 logi
788 4819 875 4870 madi·
924 4814 958 4864 ad
976 4814 1089 4867 balneas
1100 4816 1225 4867 adultera
1238 4817 1322 4865 ait:«
1338 4816 1475 4879 Penelope
1496 4817 1582 4876 verrit,
1606 4815 1661 4868 abit
1676 4819 1738 4869 He-

85 4882 247 4950 ussaunein
265 4890 414 4942 lectionem
429 4905 479 4956 ego
497 4893 586 4956 reperi
604 4893 718 4944 inlibro
741 4893 871 4944 Fanensi.
923 4887 1023 4936 lena.»
1046 4887 1108 4938 Alia
1129 4887 1248 4952 Rigaltio
1265 4899 1345 4938 mens
1363 4886 1422 4936 suit.
1451 4886 1519 4936 Nam
1548 4889 1692 4940 tamenetsi
1708 4891 1736 4940 iu

96 4955 146 5030 gitti}
171 4960 329 5013 subantibus
354 4963 486 5015 inseram,
507 4967 627 5016 Damnat
639 4966 760 5030 virgines
774 4964 873 5016 chris-
924 4961 1057 5008 contextu
1081 4960 1203 5023 posuerit
1220 4959 1376 5018 lectionem,
1394 4971 1477 5022 qnam
1496 4971 1547 5022 ego
1566 4960 1691 5024 praefero,
1708 4963 1738 5011 in

86 5025 155 5076 tranas
185 5043 246 5094 quas
277 5033 381 5096 nuptiis
411 5034 572 5096 intererant,
597 5035 646 5086 ubi
681 5049 748 5086 sane
785 5035 873 5085 multa
923 5028 1165 5080 observationibus
1184 5030 1242 5080 suis
1262 5043 1322 5080 eam
1342 5029 1430 5094 magis
1453 5029 1561 5094 probat,
1576 5032 1737 5095 quaehabet

85 5094 149 5146 ctiam
163 5099 189 5150 in
211 5103 393 5156 conventibus
418 5104 625 5158 honestioribus
646 5107 719 5156 flunt
739 5119 802 5172 quae
816 5119 872 5157 nou
924 5119 937 5146 a
959 5102 1124 5165 impudicius
1147 5115 1210 5167 quas
1230 5104 1350 5164 venerat,
1373 5101 1473 5166 pudica
1494 5101 1619 5153 discedit.
1636 5121 1651 5149 ι»
1673 5105 1737 5155 Hie

86 5163 191 5220 ridentur
218 5187 370 5239 congruere
404 5176 536 5240 protessis
573 5178 766 5244 virginitatem.
803 5179 872 5229 Nam
923 5185 1057 5235 rouymus
1076 5173 1104 5222 in
1123 5171 1245 5237 Epistola
1270 5173 1305 5224 od
1327 5171 1465 5224 salvinam
1484 5172 1518 5222 de
1539 5175 1733 5227 servandal'i·

86 5232 221 5314 loscenmna
245 5258 308 5310 quea
327 5246 512 5298 cantabantur
539 5249 567 5299 in
591 5250 694 5314 nuptiis
721 5250 872 5300 maximam
923 5243 1029 5295 duitate
1049 5259 1055 5292 :
1075 5244 1209 5296 «Tenere
1234 5258 1279 5296 ras
1302 5246 1331 5294 iu
1355 5245 1467 5296 leminis
1494 5245 1566 5295 tama
1594 5245 1736 5310 pudicitiae

86 5304 200 5365 licentiam
222 5321 249 5367 ct
272 5318 415 5369 lasciviam
437 5319 617 5372 exhibebant.
641 5322 695 5372 Ista
717 5322 823 5373 fortiter
844 5323 871 5372 in
922 5320 1000 5366 est.»
1023 5315 1054 5366 ln
1078 5315 1202 5380 Epistola
1232 5315 1335 5368 Oeonis
1355 5317 1392 5368 od
1423 5316 1546 5367 Paridem
1571 5317 1645 5382 apud
1671 5319 1737 5372 Ori-

86 5373 125 5428 hoc
136 5381 189 5434 loco
200 5391 361 5453 exsequitur
374 5394 489 5442 sauctus
505 5392 616 5456 Martyr.
635 5391 825 5456 Hieronymus
843 5393 871 5443 in
922 5386 1020 5438 dium:

86 5445 186 5510 Epistola
204 5457 238 5508 od
258 5457 449 5512 Demetriadem
472 5462 506 5512 de
531 5463 695 5528 virginitate
714 5463 870 5515 servanda:
1275 5477 1350 5528 gupa
1362 5477 1513 5542 reparabili,
1526 5482 1580 5529 mg

86 5533 96 5562 ⁴
113 5519 204 5578 Stridor
227 5529 337 5582 Punicae
358 5533 462 5598 tingue
484 5533 612 5597 procacia
637 5533 685 5585 tibi
710 5535 871 5586 fescennina
1017 5551 1085 5600 [ω
1098 5547 1224 5614 puppem„
1237 5553 1284 5600 egi,
1300 5549 1405 5614 peperit
1417 5548 1461 5598 1112
1478 5551 1568 5600 semel,

87 5595 218 5646 cantabit.»
245 5601 300 5653 Sed
324 5603 358 5655 de
384 5603 564 5656 Fescenninis
593 5605 657 5657 ride
678 5605 816 5657 Horetum
836 5605 872 5657 od

90 5658 205 5718 Calatiam.
247 5673 305 5724 imo
348 5681 460 5727 sanctus
497 5676 647 5744 Gregorius
683 5679 872 5729 Nazianzenus
922 5693 936 5721 «
954 5675 1027 5738 Quid
1050 5676 1135 5736 enim,
1157 5691 1172 5723 s>
1197 5675 1288 5742 inquit
1308 5675 1434 5727 Lucretia
1458 5675 1532 5739 npsud
1554 5677 1584 5726 T.
1617 5676 1734 5736 Livium,

89 5729 191 5790 tostum
217 5743 418 5810 Olympiadem,
444 5761 507 5812 quas
531 5750 658 5800 maritata
683 5753 750 5811 erat,
779 5762 815 5801 ne
837 5747 872 5800 ad
922 5765 936 5792 «
953 5745 1521 5811 salvicstmulteriamissapudiciriar»
1542 5745 1648 5797 Seneca
1667 5745 1736 5808 Hip-

90 5808 190 5868 littttiale
212 5816 369 5870 convivium
391 5823 444 5882 eat,
468 5819 517 5872 ubi
542 5825 570 5872 et
594 5823 755 5888 perpotatur
778 5824 805 5872 et
824 5819 872 5874 de·
922 5820 1019 5885 polyto
1033 5834 1039 5868 ε
1055 5835 1071 5868 a
1082 5817 1161 5871 biens
1174 5817 1344 5886 impudicam
1357 5819 1447 5873 iacere
1461 5832 1517 5870 uon
1533 5831 1614 5870 casus
1629 5816 1706 5872 solet.
1720 5833 1735 5864 a
