4080 6200
26 321 28 334 ,
116 261 152 316 aa
693 237 696 242 ’
796 253 956 311 nrisrcm
975 254 1038 312 cvi.
1715 254 1766 308 aaa

114 391 196 438 eorum
212 387 334 429 memores
351 374 412 427 sitis
426 370 465 442 (9)
483 373 549 441 puio
569 385 617 440 epo
635 371 696 426 diei
709 371 783 426 uobis
798 371 899 443 (icon,
911 383 941 455 Α
977 371 1032 428 lli.
1053 370 1182 428 Gaudere
1202 385 1254 425 nos
1272 371 1301 425 et
1315 369 1456 426 exsultare
1475 369 1564 424 voluit
1583 369 1613 426 iu
1632 383 1764 441 persecu-

113 481 156 534 ru,
176 463 241 530 Μ).
268 463 322 516 Nec
345 461 496 534 quisquam
517 460 638 516 miretur
660 451 901 531 persecutionibus
950 467 1076 523 tionibus
1087 463 1233 534 Dominus,
1248 463 1324 535 quia,
1335 464 1449 536 quando
1460 463 1671 535 persecutiones
1682 465 1764 528 ilani,

111 575 152 614 nos
163 555 274 612 assiduis
287 554 401 627 fatigari
417 559 445 610 st
459 553 599 626 pressuris
617 552 785 626 sugentibus
803 551 894 626 351
950 565 1017 617 tunc
1030 560 1137 626 dantur
1149 574 1261 614 corone
1271 558 1296 592 ⁹⁰
1307 555 1385 626 fidei,
1401 561 1469 613 tuuc
1487 559 1642 630 probantur
1658 559 1765 614 milites

108 652 254 723 irequeuler
266 647 373 721 urgeri,
385 647 502 720 quando
516 646 577 724 hec
589 647 686 702 lutura
698 646 728 702 in
742 645 901 702 novissimis
950 654 1000 710 ilai
1012 653 1077 726 (15),
1093 650 1190 725 352
1204 653 1272 706 tuuc
1286 650 1457 722 martyribus
1470 655 1569 722 palent
1580 651 1653 707 coeli.
1667 653 1765 724 Neque

109 742 265 815 temporibus
285 741 423 798 D⁰mi¹¹¹¹⁵
443 747 508 796 ⁸⁰¹⁰
529 739 705 812 predixerit,
725 742 753 796 et
770 739 901 796 militiam
950 749 1028 804 enirn
1043 747 1082 802 sic
1095 761 1200 802 nomen
1215 743 1323 800 militiae
1337 743 1467 800 dedimus
1481 748 1514 798 ut
1526 761 1625 816 pacem
1638 749 1763 800 tantum-

107 842 215 894 nostram
242 835 405 908 magisterio
430 836 458 891 et
485 834 666 891 hortamento
691 833 735 889 sui
762 833 901 890 sermonis
950 841 1033 897 modo
1055 839 1192 913 cogilcra,
1213 845 1242 894 et
1263 837 1421 893 detrectare
1437 839 1466 893 et
1480 854 1612 894 recusare
1633 838 1764 894 militiam

107 929 264 986 tflltfflffllit·
280 931 379 985 Petrus
397 943 512 1001 q⁰0qu⁰
532 927 678 1000 ³P⁰⁵t⁰ll¹⁵
694 926 755 999 01⁰⁸
772 927 901 982 (¹⁰0¹10stt
950 935 1113 1004 debeamus,
1130 933 1243 1004 qurando
1263 931 1292 986 in
1310 932 1371 1003 ipsa
1390 930 1490 986 militia
1509 931 1619 1002 primus
1639 932 1764 987 ambula-

106 1025 157 1080 idco
173 1023 381 1096 persecutiones
399 1022 461 1078 lieri
479 1027 512 1077 ut
528 1021 695 1093 probemur,
716 1023 745 1076 et
762 1026 795 1077 ul
812 1021 900 1076 ditec-
950 1029 1021 1085 verit
1035 1028 1180 1096 llcminus,
1196 1025 1402 1082 humilitatiset
1418 1023 1573 1080 tolerantias
1588 1028 1617 1079 et
1628 1025 1765 1096 passionis

26 1107 27 1132 i
105 1119 161 1172 toni
183 1117 245 1187 Dei,
266 1117 413 1188 justorum
435 1114 657 1189 prutedentitlm
676 1115 824 1186 exemplo,
847 1129 900 1169 110⁵
950 1123 1097 1194 magister,
1107 1125 1140 1177 ut
1153 1120 1229 1192 quod
1242 1119 1305 1174 lieri
1318 1118 1412 1174 docuit
1426 1118 1506 1190 prior
1518 1117 1632 1188 iaceret,
1647 1121 1675 1174 et
1688 1119 1764 1192 quod

105 1212 174 1266 eiam
186 1215 274 1266 morte
289 1215 319 1266 et
333 1209 510 1282 passionibus
529 1207 699 1280 copulemur
716 1207 783 1280 (to).
805 1207 900 1262 Posuit
949 1216 1006 1289 pati
1030 1217 1176 1282 hortatur,
1198 1213 1278 1286 prior
1291 1214 1314 1248 ⁹¹
1331 1229 1384 1285 pro
1411 1211 1494 1267 nobis
1520 1212 1581 1284 ipse
1607 1215 1763 1284 pateretur.

105 1305 167 1359 enim
191 1305 220 1359 iu
244 1304 369 1375 Epistola
393 1319 443 1359 ⁵11⁸
470 1302 566 1358 ditent
589 1319 595 1356 :
624 1303 791 1366 Clarissimi,
816 1302 900 1357 Mitte
933 1309 1026 1366 'Sitn
1040 1311 1106 1366 aute
1121 1309 1350 1378 oculosrestros,
1367 1306 1469 1362 iratres
1487 1305 1672 1375 dilectissimi,
1689 1307 1764 1378 quod

104 1401 184 1453 ”limi
196 1397 251 1468 (ll)
273 1399 398 1453 “stillim
415 1397 579 1453 “lmitm
596 1397 682 1459 colu,
697 1397 745 1466 qui
759 1395 797 1450 “lt
816 1399 901 1450 ientu·
950 1405 998 1478 qui
1011 1419 1095 1458 omne
1104 1401 1245 1474 judicium
1258 1418 1275 1456 a
1286 1401 1367 1456 Patre
1381 1401 1457 1455 solus
1471 1399 1581 1470 accepit
1594 1403 1622 1454 el
1635 1400 1683 1471 qui
1698 1417 1764 1456 veu-

104 1495 185 1547 ticuem
207 1498 326 1549 ossuum
349 1493 390 1561 pt,
415 1507 462 1547 nec
486 1491 618 1546 medatis
644 1495 775 1560 tunquam
802 1503 901 1544 novum
950 1501 1030 1553 turus
1043 1501 1084 1552 eal
1094 1495 1282 1567 judicaturus,
1293 1494 1355 1566 jssm
1368 1493 1470 1565 judicii
1488 1493 1531 1547 sui
1546 1497 1573 1548 el
1591 1494 1764 1565 cognitionis

104 1587 194 1656 cltprrid
207 1589 258 1656 ((2)
277 1588 353 1642 colu
368 1588 524 1657 coutinpol5
541 1586 588 1642 sed
606 1585 815 1656 quotiescunque
834 1597 901 1638 ccm-
949 1586 1052 1642 lutare
1079 1585 1251 1641 sententiam
1272 1583 1296 1619 ⁰³
1316 1581 1484 1654 protulerit,
1512 1583 1710 1654 praenuntians
1737 1587 1766 1639 et

103 1683 230 1736 nuniectis
252 1680 356 1736 Christi
374 1681 561 1750 passionibus,
580 1695 632 1750 per
654 1677 899 1745 multicomis,
949 1683 1108 1736 contestans
1128 1679 1323 1734 consessurum
1342 1693 1370 1732 se
1388 1693 1482 1732 coram
1504 1677 1585 1732 Putre
1607 1693 1658 1732 suc
1674 1675 1764 1732 conli'·

26 1789 27 1796 ¹
104 1781 126 1827 ut
145 1781 166 1828 et
181 1777 209 1828 in
229 1776 395 1832 emeterium
417 1775 492 1841 sucta
515 1775 651 1831 cicrs'totis
672 1772 730 1842 cius
751 1771 1042 1856 earumlegalem
1063 1777 1091 1829 et
1111 1775 1284 1844 negaturum
1306 1774 1453 1842 negantes.
1470 1769 1499 1826 Si
1519 1775 1643 1826 mortem
1665 1787 1764 1844 posse-

26 1899 27 1936 ,
103 1869 233 1924 multitu.
249 1869 281 1926 Si
299 1870 503 1940 improperatur
521 1868 595 1925 colu
614 1869 643 1923 iu
663 1868 769 1922 nomine
788 1865 898 1932 Christi,
950 1884 1015 1924 mus
1032 1867 1162 1934 eradere,
1183 1865 1285 1920 meritc
1306 1863 1378 1919 mori
1400 1863 1566 1920 timeremus
1583 1880 1590 1918 ε
1607 1879 1693 1934 porro
1713 1881 1764 1920 su-

26 1951 27 2008 t
104 1961 162 2016 tecti
173 1964 242 2030 estis,
257 1965 325 2032 quic
337 1961 489 2032 maiestatis
502 1968 528 2018 et
546 1963 659 2017 uirtutis
677 1962 786 2016 Domini
806 1974 900 2014 nomen
948 1967 1022 2031 tem,
1043 1977 1108 2017 cum
1130 1960 1282 2015 mortalem
1305 1956 1380 2014 mori
1403 1957 1458 2029 (te)
1488 1957 1677 2028 accessesit,
1703 1975 1762 2014 am-

26 2067 27 2128 ]
102 2055 199 2110 mccms
210 2057 366 2126 requiescit,
381 2056 454 2126 quod
471 2055 579 2126 quidem
591 2054 736 2110 secuudum
750 2053 811 2108 illos
828 2052 900 2107 blus·
949 2057 1107 2128 plectemur
1135 2052 1311 2108 occasionem
1341 2051 1375 2106 de
1402 2050 1497 2106 divina
1526 2051 1712 2122 promissione
1738 2056 1767 2107 el

26 2131 27 2140 ¹
101 2148 235 2217 pluuntur,
254 2151 404 2206 secusdum
424 2165 471 2206 nos
487 2155 577 2205 cutem
597 2147 899 2219 bonoratur(1Petr.,
950 2149 1116 2222 dignatione
1131 2148 1155 2182 ⁹⁸
1169 2145 1345 2214 uenientem,
1361 2149 1390 2200 et
1402 2145 1560 2216 iungamur
1574 2145 1652 2200 exitu
1667 2146 1767 2201 mortis

26 2311 27 2324 χ
102 2258 129 2306 u,
150 2243 248 2314 tr-tt).
268 2246 435 2300 Dccuerunl
456 2246 553 2299 autam
572 2259 625 2298 nos
645 2241 762 2314 apostoli
782 2257 816 2296 ea
837 2255 900 2311 quse
950 2260 1015 2299 cum
1034 2241 1153 2314 praemio
1173 2239 1405 2308 immortalitatis,
1420 2255 1473 2294 nec
1495 2253 1645 2294 vereamur
1663 2239 1765 2312 occidi,

103 2333 130 2388 de
141 2336 281 2408 preceptis
297 2336 454 2392 Dominicis
472 2341 501 2393 et
515 2335 674 2393 scelestibus
692 2333 834 2390 mundatis
848 2331 901 2404 ipsi
950 2354 1021 2410 quos
1034 2337 1146 2392 constat
1160 2333 1275 2406 quaudo
1291 2331 1450 2388 occidimur
1463 2332 1603 2389 coronari.

101 2445 198 2502 quoqne
218 2429 392 2498 didicerunt,
416 2430 536 2486 llominc
558 2430 620 2502 ipso
642 2429 747 2484 scilicet
767 2426 899 2482 corrobo·
986 2431 1029 2486 iV.
1046 2431 1102 2484 Nec
1120 2427 1284 2500 quisquam,
1301 2427 1401 2482 iratres
1421 2425 1607 2497 dilectissimi,
1627 2443 1694 2483 cum
1710 2443 1763 2500 po-

26 2565 27 2580 ,
101 2527 168 2578 rsute
177 2540 228 2580 nos
239 2529 268 2580 st
278 2524 502 2584 dicentcsNemo
517 2529 556 2580 est
568 2525 617 2594 qui
629 2525 769 2594 relinqunt
780 2522 899 2589 domum,
949 2525 1050 2598 pulum
1073 2527 1204 2579 nostrum
1224 2519 1318 2592 iugari
1341 2520 1519 2591 conspexerit
1536 2527 1614 2578 metu
1633 2535 1765 2592 perseeu-

102 2623 140 2670 cut
152 2633 253 2688 aprum,
265 2622 463 2689 culpormtes,
474 2623 523 2674 out
535 2619 647 2685 fratres,
661 2621 711 2672 cut
719 2629 821 2672 sorores
832 2615 899 2686 (ts),
950 2618 1036 2673 tionis
1057 2619 1086 2672 ct
1106 2613 1214 2687 spargi,
1234 2613 1423 2670 conturbetur
1442 2613 1517 2684 quod
1539 2615 1686 2671 collectam
1706 2609 1767 2671 ir'a-

26 2739 27 2788 3
102 2715 139 2764 cui
158 2727 275 2778 morem,
302 2716 351 2768 cul
370 2712 440 2782 illios
457 2715 571 2782 propter
591 2725 703 2781 regnum
725 2712 783 2778 ilci,
804 2713 830 2765 et
846 2723 902 2762 nou
951 2712 1116 2766 tenuitatem
1139 2725 1196 2764 non
1222 2707 1330 2775 rideat,
1360 2723 1412 2762 nec
1438 2712 1590 2764 tractantes
1617 2709 1766 2782 episcopos

26 2815 27 2884 ζ
101 2806 196 2874 replet
213 2808 314 2876 septies
338 2807 394 2878 (ii)
414 2810 522 2862 tanturn
542 2807 572 2860 iu
591 2807 642 2861 islo
661 2810 786 2875 tempore,
807 2804 836 2856 r'n
854 2817 901 2856 sae-
950 2803 1058 2860 audiat.
1073 2801 1358 2859 Simultuucomnes
1375 2814 1506 2854 essenon
1522 2807 1649 2872 possunt,
1665 2803 1768 2873 quibm

102 2897 148 2952 mlo
166 2904 253 2955 cutem
274 2905 390 2956 uenturo
410 2901 495 2956 cilum
518 2904 646 2956 eternum
667 2897 774 2969 (uase,
799 2912 826 2964 ι,
849 2897 899 2962 ills
951 2897 1077 2954 occidere
1108 2912 1166 2951 uon
1191 2894 1255 2950 licet
1281 2893 1349 2966 (17),
1378 2893 1428 2948 sed
1455 2894 1542 2949 occidi
1571 2911 1684 2951 neeesse
1713 2900 1766 2952 est.

101 2991 386 3062 ise.‚1rur,2ll,30).
406 2993 576 3060 illitorum,
597 2994 685 3062 ilenti,
704 2989 806 3062 inquit,
826 2991 901 3046 eritis
951 2991 1125 3062 Ubicumque
1152 2988 1182 3043 in
1212 2987 1268 3042 illis
1295 2986 1395 3042 diebus
1422 2988 1617 3059 uuusquisque
1644 2989 1765 3046 fratrum

102 3099 148 3139 ram
165 3087 222 3142 odio
241 3101 289 3142 ucs
312 3087 456 3142 inbuerint
474 3088 592 3143 tornines
607 3091 632 3142 et
643 3086 829 3157 sepcrcceriut
842 3098 898 3146 uos,
951 3079 1066 3136 lueriis
1080 3093 1167 3150 grege
1181 3076 1295 3132 interim
1313 3074 1480 3132 necessitate
1494 3077 1631 3149 temporis
1646 3093 1765 3150 corpore

26 3239 28 3262 ι
103 3183 121 3230 rt
139 3181 305 3250 munimini,
328 3185 354 3236 el
377 3181 569 3237 maudunensi
587 3181 693 3236 nomini
711 3183 798 3234 uestro
821 3149 1007 3247 quasiCuou
1032 3173 1133 3244 spiritu
1165 3175 1310 3242 separatus
1325 3170 1360 3237 ⁰⁵,
1376 3185 1431 3225 uon
1459 3175 1610 3227 moveatur
1630 3173 1666 3227 ad
1689 3173 1767 3244 fugae

26 3263 27 3266 ¹
103 3285 198 3342 nuptam
210 3281 327 3345 propter
346 3275 447 3330 Filium
467 3275 591 3330 bominis.
612 3273 775 3330 Crudelem
792 3271 900 3327 illudis
950 3267 1025 3323 illius
1042 3267 1207 3334 horrorem,
1227 3279 1280 3320 nec
1293 3263 1430 3320 recedens
1444 3269 1472 3320 et
1486 3264 1578 3320 latens
1596 3264 1700 3321 deserti
1713 3265 1766 3322 loci

102 3369 121 3418 et
137 3367 260 3424 multutc
283 3385 292 3424 z
316 3383 373 3424 ecee
386 3369 456 3424 enim
478 3382 575 3423 merces
599 3371 690 3424 uestro
712 3366 801 3422 multe
819 3369 858 3420 est
870 3365 900 3419 iu
949 3361 1101 3419 solitudine
1122 3362 1276 3415 terreatur.
1292 3357 1373 3413 Solus
1393 3373 1450 3412 nou
1469 3361 1512 3413 est
1533 3359 1579 3413 cui
1595 3359 1722 3415 Christus
1736 3359 1766 3416 iu

101 3460 362 3532 omullue.,r1,ii,
379 3461 437 3532 2³).
949 3459 1019 3530 iugc
1037 3471 1133 3511 comes
1152 3457 1210 3524 est;
1229 3452 1306 3508 solus
1325 3467 1384 3507 non
1402 3451 1446 3507 est
1467 3451 1518 3524 (ist
1540 3451 1607 3524 qui,
1627 3454 1766 3526 templum

773 3582 880 3649 llariae
900 3582 1068 3648 lectiones.

124 3708 141 3741 ⁹·
159 3713 243 3764 Datur
265 3715 464 3767 coronulam
490 3714 551 3764 Boii.
573 3713 597 3765 3.
637 3712 658 3748 ⁹¹
676 3713 731 3776 Qui
756 3714 831 3778 prior
857 3712 983 3763 hortatur
1004 3709 1065 3760 ilud.
1090 3710 1111 3760 t.
1132 3709 1157 3758 t.
1195 3707 1216 3741 ⁹¹
1243 3707 1272 3760 Si
1298 3711 1363 3758 ante
1389 3704 1486 3758 oculos
1514 3707 1576 3756 lum
1599 3703 1663 3759 Bou.
1692 3707 1715 3770 l,
1738 3708 1763 3770 i,

101 3777 120 3842 t,
141 3784 161 3834 t.
188 3786 243 3850 itip.
290 3783 314 3818 ¹⁸
335 3784 470 3836 Futurum
489 3786 654 3836 seutentiam
676 3785 745 3834 mm,
791 3785 812 3816 θ’)
834 3781 932 3834 Divina
956 3779 1115 3846 dignatione
1137 3779 1206 3830 tom
1232 3776 1308 3830 libor.
1334 3775 1396 3828 sou.
1420 3777 1443 3828 Ξ.
1465 3776 1521 3828 NC.
1543 3779 1564 3827 i.
1613 3779 1634 3812 ⁹⁵
1656 3775 1762 3842 Spiritu

102 3855 310 3918 semum
746 3912 859 3998 Steph.
876 3913 999 3979 Baluzii
1014 3918 1112 3977 note.

126 4041 153 4104 ll)
176 4044 303 4094 llemcres
328 4043 395 4095 sitis.
424 4043 550 4107 Quatucr
573 4043 636 4096 libri
665 4047 772 4096 ueteres
794 4043 899 4094 habeut
948 4041 1020 4093 ctam
1032 4037 1086 4091 CP.
1100 4036 1173 4103 apud
1187 4036 1271 4089 Odor.
1285 4035 1473 4102 Raynaldum,
1485 4047 1530 4084 on.
1545 4033 1697 4098 mugili.

103 4113 300 4165 nmirummini.
324 4113 371 4167 Sic
389 4117 473 4167 etiam
495 4116 523 4166 in
549 4115 671 4168 editione
693 4116 804 4180 vulgata
827 4113 896 4165 Nori
978 4112 1027 4176 (15)
1041 4108 1136 4162 ilitites
1147 4110 1203 4160 Dei.
1216 4109 1340 4172 Quatuor
1353 4107 1417 4159 libri
1430 4108 1536 4158 veteres
1550 4105 1655 4156 babent
1667 4105 1761 4159 milites

26 4195 28 4238 t
102 4182 259 4237 Testamenti.
281 4185 389 4238 Verum
412 4187 555 4240 retinenda
569 4192 611 4239 est
632 4189 695 4239 istic
716 4187 799 4240 lectio
813 4199 896 4252 quam
947 4183 1054 4245 curisti,
1067 4182 1107 4232 uti
1120 4184 1194 4232 amat
1208 4181 1301 4232 dicere
1312 4180 1478 4244 Cyprianus.
1489 4178 1649 4230 Laclantius
1660 4190 1720 4241 cap.
1730 4177 1760 4229 l6

102 4253 214 4308 editiones
240 4263 268 4309 et
303 4260 392 4322 major
419 4263 544 4312 veterum
574 4260 707 4311 librorum
739 4271 802 4324 pars
824 4269 897 4308 asse-
945 4253 1116 4306 deneratas
1129 4253 1326 4304 Persecutorum
1340 4251 1442 4302 :siloc
1457 4252 1498 4302 est
1511 4263 1574 4302 esse
1590 4248 1759 4314 discipulum

102 4331 160 4376 itini.
858 4344 859 4347 ¹
945 4325 1257 4388 Dai‚hocestmilitem
1276 4321 1418 4375 Christi.»

124 4397 164 4460 ttul
186 4399 352 4466 deputemur.
369 4401 487 4467 Reliqua
510 4403 590 4453 istius
610 4401 735 4466 epistolas
750 4400 851 4452 desunt
867 4400 895 4450 in
977 4398 1024 4461 (16)
1046 4397 1125 4448 Mori.
1146 4397 1350 4448 Revocavimus
1364 4394 1438 4445 hauc
1457 4395 1616 4456 lectionem,
1635 4406 1719 4459 quam
1732 4397 1760 4445 et

102 4463 157 4517 libra
168 4472 327 4522 monasterii
337 4471 497 4524 Beccensis.
946 4482 1043 4520 omnes
1057 4467 1120 4519 libri
1145 4473 1252 4519 veteres
1263 4473 1291 4519 et
1304 4481 1401 4518 omnes
1421 4470 1529 4516 veteres
1542 4465 1678 4515 aditiones
1688 4477 1759 4529 pre-

26 4551 27 4612 }
124 4541 167 4602 tlt)
182 4543 267 4594 Nolite
281 4544 389 4594 mirari.
410 4544 545 4595 ltaetiam
560 4544 589 4595 in
612 4543 781 4609 Epistctcod
800 4541 1047 4613 Fortu-Disrunt.
1062 4540 1201 4590 Pamelius
1217 4539 1427 4603 posuitntortem
1442 4550 1476 4587 ex
1497 4537 1580 4586 unico
1595 4549 1645 4586 ms.
1660 4537 1758 4600 etglo-

26 4613 28 4624 ¹
102 4616 176 4663 cotun
192 4613 225 4665 de
247 4615 447 4666 Exhortaticne
468 4619 602 4681 martyrii,
625 4630 685 4681 cap.
704 4618 729 4668 ll.
746 4615 896 4678 Sumptum
947 4613 1015 4662 riam
1034 4613 1129 4675 ¹captat
1154 4621 1191 4662 ex
1213 4623 1245 4660 ea
1273 4607 1473 4661 emendatione.
1508 4607 1542 4656 iit
1570 4608 1662 4657 tamen
1688 4607 1759 4658 inira

103 4685 134 4730 ast
154 4684 221 4734 istud
235 4699 271 4736 ex
286 4687 298 4736 1
322 4686 446 4751 Epistola
463 4689 554 4739 sancti
577 4689 661 4749 Petri,
683 4702 707 4739 c.
736 4701 774 4748 tv,
800 4687 828 4736 in
842 4700 896 4751 qua
947 4685 1026 4748 epist.
1042 4683 1082 4743 st,
1095 4696 1156 4746 pag.
1170 4683 1210 4744 93,
1225 4681 1382 4744 Cyprianus
1396 4679 1434 4728 ait
1449 4677 1621 4728 Christianos
1632 4677 1684 4727 hcc
1699 4678 1760 4740 ipso

102 4750 193 4818 legitur,
211 4757 298 4809 Nolite
319 4758 488 4824 peregrinari
506 4760 534 4808 in
545 4758 657 4822 [mucre.
682 4759 799 4811 Mullum
815 4758 850 4810 ab
865 4771 897 4808 ea
947 4756 1066 4806 invictos
1080 4767 1141 4805 esse
1155 4754 1218 4817 quio
1232 4753 1301 4802 mori
1318 4764 1372 4800 nou
1386 4751 1484 4800 timent.

26 4867 27 4886 r
102 4827 122 4871 el
145 4823 270 4890 Cypriani
295 4829 425 4880 versione
450 4829 597 4881 discedunt
621 4833 790 4882 recentiores
810 4831 897 4881 inter·
978 4827 1031 4890 llll
1047 4825 1169 4877 Occidere
1183 4837 1233 4874 non
1246 4823 1312 4874 licet.
1329 4821 1518 4873 Tertullianus
1528 4821 1557 4872 in
1574 4819 1758 4885 Aprolcpslicc:

26 4943 27 4960 ,
102 4899 184 4956 pratee.
200 4900 270 4952 Vide
284 4901 399 4966 quesibi
413 4906 614 4954 commentatur
631 4903 771 4954 Erasmus.
947 4897 1004 4950 «Si
1018 4912 1074 4949 non
1087 4896 1161 4961 apud
1176 4897 1256 4946 istam
1270 4893 1443 4957 disciplinam
1461 4894 1549 4958 magis
1559 4892 1648 4943 occidi
1664 4893 1763 4945 liceret

26 4961 28 5010 i
126 4967 277 5030 {tilliacum
293 4971 408 5038 aliquid.
422 4973 523 5024 Addidi
540 4988 639 5026 rocem
663 4973 897 5038 otiqur'dseculus
948 4985 1033 5038 quam
1053 4969 1189 5020 occidere.
1215 4981 1229 5012 a
1252 4965 1362 5016 Lucifer
1387 4963 1561 5016 Calaritauus
1584 4965 1612 5014 in
1631 4963 1702 5015 libro
1726 4965 1763 5016 cd

26 5049 27 5054 ¹
102 5042 274 5094 seueritatem
296 5043 415 5095 ducrum
436 5050 561 5097 veterum
574 5045 717 5097 librorum.
739 5045 774 5095 Et
793 5045 898 5110 alioqui
950 5042 1150 5094 Constantinum
1169 5039 1203 5088 de
1224 5037 1365 5089 Moriendo
1389 5050 1437 5102 pro
1459 5037 1510 5088 Dei
1524 5037 1593 5086 Filio
1609 5051 1614 5084 :
1633 5053 1648 5084 «
1668 5036 1763 5088 Hostis

103 5104 202 5163 habetur
212 5113 242 5165 in
254 5115 382 5179 Epistola
397 5117 476 5167 Petri.
948 5115 1051 5180 quippe
1066 5112 1117 5163 Dei
1130 5111 1280 5174 religionis,
1293 5107 1320 5159 in
1334 5121 1389 5174 qua
1402 5111 1504 5174 pietas,
1523 5108 1693 5170 humanitas,
1704 5123 1763 5160 om·

126 5181 167 5242 llil
180 5185 229 5234 Aut
248 5197 362 5237 sorores.
384 5186 452 5239 ilaec
465 5189 567 5240 desunt
581 5190 609 5240 iu
622 5189 752 5240 omnibus
766 5186 898 5253 Cypriani
948 5191 1049 5254 nisque
1060 5186 1166 5252 iustitia
1177 5188 1311 5246 versatur,
1339 5185 1366 5233 iu
1382 5198 1437 5249 qua
1458 5197 1511 5234 nec
1525 5184 1631 5234 malum
1643 5197 1692 5248 pro
1707 5197 1765 5237 ma·

104 5253 235 5308 codicibus.
252 5259 374 5312 Exstant
387 5267 479 5314 tamen
504 5265 532 5314 lu
547 5265 637 5330 capite
660 5277 680 5315 x
697 5262 842 5328 Evangelii
854 5275 898 5312 se·
949 5261 976 5312 lo
993 5260 1108 5311 discitur
1122 5256 1244 5319 reddere,
1267 5257 1295 5306 iu
1326 5269 1380 5320 qua
1403 5269 1460 5306 non
1484 5256 1621 5318 occidere,
1648 5255 1697 5307 sed
1720 5270 1765 5308 oc·

104 5326 207 5380 cmdcm
222 5329 723 5401 Marcum,sednonincapitexvur
744 5333 899 5394 Lucae,ubi
949 5332 1004 5384 cidi
1038 5332 1149 5394 propter
1182 5327 1233 5378 Dei
1269 5327 1372 5377 Filium
1403 5325 1567 5378 docemur...
1595 5341 1609 5374 a
1636 5327 1765 5379 Gerobus

104 5393 167 5448 locus
179 5400 228 5452 iste
242 5403 368 5454 refertur.
949 5399 1227 5464 Reicberspergensis
1239 5399 1269 5448 iu
1284 5398 1355 5448 libro
1370 5397 1402 5448 de
1412 5399 1542 5463 Corrupto
1555 5397 1675 5450 Ecclesia
1685 5404 1764 5458 statu,

127 5469 168 5531 ill)
190 5472 298 5537 Septies,
326 5475 393 5540 Legi
417 5479 511 5530 centies
536 5480 564 5529 ln
589 5479 679 5530 tribus
699 5477 778 5530 libris
800 5475 899 5530 reterl-
949 5491 1011 5542 pag.
1026 5476 1073 5526 ilis
1088 5489 1093 5522 ι
1107 5491 1122 5524 a
1137 5474 1248 5524 Semota
1263 5473 1376 5536 penitus
1389 5474 1545 5524 intentione
1557 5473 1678 5539 aliquem
1694 5475 1765 5526 occi-

26 5567 27 5610 ,
104 5535 153 5616 tua,
175 5545 213 5593 uti
237 5547 322 5596 etiam
346 5547 447 5612 legitur
468 5550 496 5600 in
517 5549 671 5616 Evangelio
697 5551 730 5601 D.
748 5549 842 5601 Marci.
866 5547 901 5597 Et
950 5544 1765 5610 dendi,quodaspiritualisproposilivirisnonlicetiierl,

26 5625 27 5628 ¹
106 5619 127 5686 tn
140 5611 193 5664 aliis
206 5618 328 5682 antiquis
346 5621 373 5670 et
394 5621 422 5669 in
436 5619 605 5672 editionibus
627 5623 761 5687 scriptum
785 5625 826 5670 est
841 5631 900 5683 sep·
950 5620 998 5684 qui
1010 5619 1092 5668 malle
1102 5615 1204 5667 debent
1217 5615 1308 5665 occidi
1321 5628 1404 5678 quam
1415 5615 1549 5665 occidere.
1561 5633 1575 5662 a
1589 5615 1659 5667 Vide
1672 5629 1765 5679 supra,

106 5683 150 5740 ¹¹²⁵.
171 5687 208 5736 uli
228 5691 313 5740 etiam
337 5691 365 5741 iu
387 5691 459 5743 libro
481 5692 512 5743 de
536 5694 638 5758 lapsis,
662 5698 690 5745 et
712 5694 759 5743 lib.
782 5705 810 5742 111
824 5691 901 5742 lecti·
951 5704 1014 5755 pag.
1032 5688 1155 5750 tumidi.

107 5755 243 5823 nouorum,
259 5773 319 5824 cap.
337 5763 375 5812 ss.
401 5761 449 5814 Sic
460 5765 541 5814 etiam
566 5765 666 5829 legisse
684 5763 849 5828 Gregorium
863 5761 902 5813 ix
984 5763 1036 5826 (tt)
1050 5761 1123 5812 Solus
1141 5771 1195 5808 nou
1207 5762 1252 5807 est.
1267 5755 1360 5808 Relerl
1379 5755 1455 5807 hunc
1466 5757 1558 5806 locum
1572 5761 1684 5807 sauctus
1697 5755 1767 5805 Ful·

108 5831 190 5890 l²³ll⁸m
202 5830 292 5897 liquet
303 5846 335 5884 ax
347 5833 473 5899 Epistola
487 5839 546 5902 airis
560 5838 596 5889 cei
606 5839 767 5890 Germanum
780 5835 903 5902 pctrier-
953 5834 1097 5902 gentiusin
1112 5831 1205 5896 capite
1219 5829 1247 5881 ll
1264 5828 1327 5880 libri
1343 5841 1363 5879 ιι
1378 5827 1414 5878 orl
1430 5827 1651 5880 Trosimunlum.
1747 5825 1750 5833 ¹

249 5922 388 5994 Parnon.
411 5927 464 5996 ill.
1593 5919 1630 5978 12
