3978 6204
46 317 78 368 sn
637 313 736 370 einen
755 313 798 370 ιιι
817 313 1072 371 nunernnnuu.
1641 317 1693 400 son

45 434 174 508 strigilem
192 435 392 506 perseverabat
412 435 442 490 in
463 435 654 506 promerendo
671 437 739 505 Deo,
756 437 829 493 sicul
838 449 868 522 Α
878 437 980 492 demus
994 453 1108 508 semper
1121 435 1150 492 iu
1164 435 1283 506 iumine,
1302 455 1360 494 non
1376 437 1568 510 impediamur
1580 455 1596 494 a
1608 443 1690 495 tene-

43 531 63 584 ia
74 528 212 600 Evangelio
231 528 369 602 scriptum
389 533 452 584 est:
472 532 532 588 Non
552 529 701 593 recedebat,
723 531 826 602 inquit,
878 530 936 586 liris
950 548 1019 604 qrras
1030 532 1183 587 evasimus.
1196 529 1292 606 543
1303 533 1384 587 Nulla
1393 533 1449 588 sint
1459 533 1536 588 horis
1546 533 1691 590 nocturnis

1 629 2 718 ,
42 623 175 692 retempto,
194 621 311 692 jejuniis
330 628 355 678 et
375 624 544 679 orationibus
564 627 680 680 sarciens
700 630 775 680 nocte
796 615 828 680 dc
878 641 996 696 precum
1019 625 1135 696 decana,
1158 625 1234 680 nulla
1257 626 1418 681 orationum
1438 627 1521 699 pigra
1540 633 1567 683 et
1588 627 1692 699 ignara

42 717 159 786 litiae,
174 733 204 786 n,
216 715 273 784 ιιι).
290 716 420 772 Viderint
433 717 476 771 rel
491 717 621 788 gentiles,
637 717 685 789 qui
704 718 827 774 necdum
878 718 1038 791 dispendia.
1058 721 1111 774 Per
1130 719 1180 774 llei
1203 719 1412 790 indulgentiam
1432 720 1552 776 recreati
1576 721 1688 792 spirita·

41 809 165 864 illiminati
177 813 257 876 sunt,
270 810 316 865 rel
327 809 428 878 ludaei,
442 809 502 884 qui,
517 811 745 866 desertolumine
761 813 826 886 (ιι),
876 812 942 868 liter
956 818 984 868 et
1005 813 1106 882 renati,
1120 813 1269 870 imitemur
1285 813 1361 884 quad
1378 813 1467 869 iuturi
1481 830 1588 870 sumna.
1606 815 1689 870 Habi-

40 901 186 959 intenebris
207 909 418 960 remanserunt.
433 905 499 974 Nos,
516 903 620 960 iratres
638 905 825 975 dilectissimi,
876 907 933 962 turi
948 907 976 962 in
997 923 1088 978 regno
1109 907 1171 962 sine
1192 906 1353 964 interventu
1373 907 1462 962 noctis
1483 905 1579 981 544
1597 909 1689 964 salum

41 997 75 1069 qui
88 997 113 1050 in
126 997 241 1052 bomini
255 997 319 1052 luce
333 1011 447 1070 semper
459 1015 565 1062 sumus,
582 998 631 1072 qui
643 998 827 1054 meminimus
877 999 964 1069 diem,
982 1000 1020 1056 sic
1039 1005 1121 1056 nocte
1135 1001 1217 1074 quasi
1230 1001 1259 1056 in
1280 1000 1388 1056 lumine
1401 1001 1560 1074 vigilemus.
1575 1002 1688 1059 Oreturi

39 1099 57 1146 et
77 1097 198 1146 nnemns
220 1090 289 1164 quid
311 1107 370 1148 esse
391 1098 507 1166 accepta
532 1092 621 1164 gratie
646 1093 825 1164 ceperimus,
875 1111 988 1166 semper
1002 1098 1031 1150 et
1048 1094 1138 1150 acturi
1156 1096 1261 1166 gratias
1276 1097 1345 1164 Deo,
1362 1095 1408 1151 laic
1428 1111 1544 1168 quoque
1562 1113 1643 1152 orare
1659 1100 1689 1153 el

39 1189 209 1256 computemus
233 1191 347 1242 noctem
370 1203 422 1258 pro
445 1187 502 1242 die.
516 1187 669 1244 Ambulare
692 1204 744 1244 uos
762 1203 823 1244 cra·
875 1187 983 1260 gratias
997 1203 1084 1260 agere
1097 1204 1156 1244 noa
1169 1189 1342 1246 desinemus.

661 1339 772 1424 Steph.
794 1340 915 1405 Baluzii
935 1346 1032 1404 notae.

36 1483 95 1600 tmlj'
109 1483 217 1602 ¹ltcselrtc
229 1481 349 1563 'lumina
368 1482 409 1533 lta
432 1482 520 1534 ierme
537 1494 635 1533 omnes
658 1481 720 1534 libri
741 1485 857 1536 veteres.
878 1482 1004 1545 Quatuor
1024 1487 1117 1534 tamen
1138 1482 1241 1534 habent
1257 1483 1353 1535 dmarti
1375 1497 1393 1532 c
1416 1482 1523 1534 lumine.
1542 1482 1596 1534 Alii
1622 1486 1685 1536 tras.

47 1566 79 1601 err
88 1565 125 1602 ur
140 1566 155 1601 o
176 1565 267 1603 ιιιιιιιιι

230 1971 498 2098 LIBER
548 1970 663 2098 AD
718 1969 1379 2101 DEMETRIANUM
1416 2036 1460 2126 p)

622 2216 1064 2312 enumeremus

1 2691 2 2710 1
36 2675 199 2730 lucraremur.
221 2706 260 2716 —
275 2678 456 2746 Dernetn'ano,
470 2681 573 2746 Africa
584 2681 748 2752 proconsuli,
759 2679 931 2736 contendenti
943 2679 1105 2735 Christianis
1118 2678 1252 2747 imputari
1265 2677 1358 2732 debere
1370 2677 1450 2742 bella,
1463 2678 1563 2743 faunos
1578 2683 1603 2733 et
1622 2693 1681 2748 pes-

1 2783 2 2788 *
58 2765 200 2834 impribus
213 2770 276 2820 turn
290 2767 361 2822 orbis
373 2769 564 2832 discuciatur,
580 2770 653 2840 quod
667 2769 701 2825 ab
717 2773 783 2842 ipsis
798 2770 840 2825 dii
852 2785 905 2826 non
917 2770 1081 2832 obterentem
1094 2768 1205 2837 pulchre
1224 2766 1364 2836 respondet
1379 2767 1438 2836 (ubi
1455 2766 1570 2822 deducit
1589 2768 1684 2822 mundi

1 2843 2 2854 ¹
58 2856 112 2907 milo
124 2859 212 2911 omnia
228 2857 368 2911 deteriora
380 2857 447 2928 perol
460 2860 531 2928 ipsos
542 2861 634 2930 potius
645 2859 764 2916 ethnicos
779 2866 919 2915 tantinum
932 2859 1050 2914 cladium
1061 2873 1169 2912 causam
1183 2871 1246 2921 esse,
1260 2856 1333 2928 quod
1344 2858 1428 2912 Deum
1449 2871 1504 2911 non
1523 2857 1639 2912 colerent
1658 2863 1684 2912 et

1 2943 2 3018 ᾖ
59 2940 204 3001 Christianos
211 2952 352 3016 praterea
364 2946 474 3017 iniustis
485 2949 715 3018 persecutionibus
729 2951 879 3020 epitescat,
893 2948 1005 3009 deinde,
1019 2947 1068 3001 ubi
1080 2947 1125 3002 illi
1146 2946 1320 3016 exprobrarit
1339 2950 1530 3001 tormentorum
1547 2948 1684 3001 inusitata

58 3034 248 3102 inaequitas
264 3033 433 3091 Christianos
444 3051 503 3106 prae
522 3037 585 3092 aliis
598 3039 651 3092 reis
665 3037 818 3107 torquebat,
832 3051 887 3091 non
901 3035 939 3090 ud
951 3035 1152 3100 contessionem,
1170 3033 1216 3088 sed
1229 3033 1266 3088 od
1279 3035 1455 3101 siccationem,
1472 3033 1581 3088 deorum
1597 3036 1682 3104 impo-

1 3125 2 3136 ’
59 3121 150 3175 tradam
161 3126 277 3192 crpuit3
291 3129 348 3179 tum
361 3125 433 3194 quod
442 3127 496 3195 ipsi
509 3141 536 3180 se
549 3126 694 3192 defendere
708 3131 856 3196 nequeant,
869 3130 950 3195 atquc
963 3123 1030 3178 adeo
1045 3123 1232 3177 Demetriacus
1244 3125 1294 3192 qui
1305 3123 1367 3177 ilios
1378 3121 1547 3184 viridicabat,
1565 3123 1598 3177 ab
1617 3125 1684 3193 ipsis

1 3195 2 3220 ³
58 3213 128 3274 potm
140 3211 190 3264 coli
201 3225 289 3280 quam
303 3212 361 3281 ipse
373 3227 415 3268 eos
429 3213 513 3268 colere
527 3213 646 3284 deberet;
661 3219 718 3269 tum
732 3214 805 3284 quod
819 3231 835 3268 a
849 3213 1012 3270 Christianis
1026 3212 1058 3266 de
1078 3211 1188 3266 obsessis
1206 3210 1362 3282 corporibus
1381 3210 1465 3278 eiecti,
1481 3211 1548 3280 quid
1561 3213 1617 3266 sint
1630 3211 1684 3282 ipsi

59 3300 221 3364 reniteantur.
240 3301 335 3371 Neque
358 3317 420 3356 uero
443 3305 537 3360 ruinas
556 3319 658 3374 repam,
672 3305 797 3374 jacturos
813 3319 894 3376 opum
917 3307 942 3359 ct
959 3303 1061 3358 similia
1080 3301 1155 3356 mutu
1176 3316 1235 3372 pue
1254 3301 1448 3370 persecutiones
1469 3300 1684 3356 Gtrmtiunorum
1792 3295 1793 3300 ’

59 3381 169 3440 diuinitus
186 3389 383 3443 invindictam
398 3392 608 3455 comitabantur,
622 3393 682 3447 ideo
694 3393 831 3448 vindictas
840 3407 895 3448 non
908 3393 1019 3453 caricem,
1032 3389 1105 3460 quod
1119 3389 1175 3443 iltis
1189 3389 1272 3442 etiam
1285 3403 1435 3444 mumanae
1449 3392 1545 3450 essent,
1559 3387 1681 3458 quando-

1 3547 2 3550 *
58 3475 144 3538 cuidem
155 3475 292 3544 pendium
310 3479 344 3533 its
355 3481 445 3548 potius·
459 3482 515 3536 sint
535 3485 626 3538 omnia
641 3483 700 3548 illa,
716 3498 798 3553 paam
809 3498 898 3553 paena.
912 3481 1037 3542 Proinde,
1052 3479 1118 3534 dum
1139 3484 1241 3549 tempus
1256 3483 1307 3539 est,
1325 3477 1362 3532 cd
1375 3483 1492 3533 mentem
1510 3479 1603 3534 redeat
1620 3479 1682 3532 bor*-

60 3564 125 3627 totur,
139 3566 290 3621 celsaticrn
311 3571 382 3624 metu
401 3569 499 3637 indicii
511 3577 536 3626 et
555 3587 657 3644 semper
674 3571 796 3628 ardentis
818 3572 944 3642 peterten
964 3572 1047 3638 ipnis.
1062 3571 1193 3623 imitatur
1211 3573 1302 3622 cautem
1323 3569 1380 3638 ipse
1397 3569 1500 3638 partim
1520 3567 1684 3623 Tertulliani

58 3653 240 3724 ipolopcticum
255 3661 280 3712 ei
295 3659 393 3714 libram
407 3660 444 3714 ad
463 3659 621 3732 Scapulam,
635 3665 739 3734 purtim
752 3663 864 3718 Minutii
878 3661 972 3716 Felicis
985 3659 1136 3715 Octrrmum.
1151 3659 1252 3716 Pensa.

59 3790 277 3854 inhumatam
299 3804 327 3854 te
349 3807 376 3856 et
397 3801 532 3858 adversus
554 3803 654 3874 barim,
677 3803 727 3876 qui
745 3820 820 3859 rinus
871 3805 986 3873 pentem
1012 3802 1188 3873 frequenter,
1220 3798 1412 3869 Demetriaue,
1438 3804 1680 3872 contempseram,

37 3887 130 3943 tiresus
142 3895 191 3960 est,
206 3909 260 3948 ore
275 3894 412 3967 sacrilego
434 3899 463 3950 et
483 3896 576 3952 verbis
594 3897 690 3969 impiis
709 3897 817 3954 obstre-
870 3895 1059 3952 uerecundius
1071 3911 1102 3950 sc
1116 3893 1217 3950 melius
1236 3893 1403 3950 existimans
1423 3893 1544 3948 errantis
1563 3893 1680 3966 imperi-

646 4046 760 4129 Steph.
784 4045 908 4110 Bnluzii
931 4049 1029 4108 notae.

56 4181 79 4239 tt)
98 4183 164 4236 Nihil
183 4193 225 4240 est
246 4191 368 4252 facilius,
393 4193 462 4242 nibil
487 4193 576 4257 magis
598 4190 711 4243 obvium
734 4205 818 4256 quam
867 4192 897 4241 in
919 4189 1095 4256 epystolam
1115 4190 1240 4254 Hapnum
1261 4189 1343 4241 reiert
1365 4187 1439 4240 lalud
1458 4187 1595 4251 judicium
1609 4189 1681 4242 Lac-

37 4255 203 4312 ·'epreliendera
217 4262 312 4312 studia
331 4263 458 4327 aliorum,
474 4277 537 4315 oum
557 4264 667 4329 ingenia
684 4263 816 4323 humana,
867 4263 946 4312 tantil
968 4261 1003 4312 de
1024 4261 1078 4312 hoc
1099 4273 1182 4324 apere
1203 4263 1291 4313 sancti
1318 4259 1448 4326 Cypriani
1469 4260 1601 4312 adversus
1622 4263 1682 4313 De·

39 4325 57 4368 ct
72 4324 109 4374 lib.
131 4342 166 4390 rr,
187 4333 268 4396 epist.
291 4333 330 4392 it,
351 4335 388 4386 ait
412 4333 608 4398 Symmachus,
632 4339 759 4398 prompta
782 4333 816 4384 ad
867 4333 1042 4383 metrianum.
1069 4330 1172 4382 Verum
1202 4333 1242 4383 illi
1263 4332 1453 4392 vehementer,
1482 4345 1545 4383 meo
1568 4333 1682 4398 quidem

37 4399 174 4456 appendam
190 4415 253 4455 ease
273 4405 402 4457 omnibus
421 4406 534 4471 liqueat.
554 4404 642 4471 Cujus
659 4407 697 4456 rei
715 4419 815 4457 exem·
863 4405 988 4469 y'udicio,
1012 4407 1182 4454 erraverunt.
1213 4405 1402 4467 Hieronymus
1424 4403 1499 4454 euim
1524 4417 1581 4454 aon
1601 4407 1683 4457 reiert

38 4463 90 4520 plan
113 4484 144 4522 ex
168 4477 325 4539 Augustino
350 4477 497 4528 retulimus
521 4478 550 4527 in
583 4478 662 4529 initio
687 4481 816 4528 notarum
865 4475 935 4526 illud
960 4474 1095 4526 Lactantii
1119 4473 1257 4540 judicium
1284 4477 1417 4538 tanquam
1442 4475 1606 4538 approbans,
1633 4477 1682 4527 sed

37 4539 156 4592 nostrarum
187 4545 222 4596 ad
256 4544 436 4610 cyprianum.
471 4547 649 4610 Lactantius,
682 4548 731 4599 lib.
765 4562 815 4610 iv,
865 4549 896 4596 ιιι
911 4545 1071 4597 ostenderet
1092 4544 1267 4596 Lactantium
1287 4549 1398 4609 putasse
1424 4545 1524 4595 melius
1543 4545 1681 4598 iacturum

37 4615 77 4668 lep.
92 4612 112 4672 ι,
129 4616 301 4678 reprehendit
319 4632 369 4670 sen
386 4621 489 4683 potius,
503 4624 534 4669 ut
550 4619 713 4683 Hieronymi
730 4621 815 4672 verbo
866 4616 952 4668 inisse
970 4615 1151 4681 Cyprianum,
1167 4617 1190 4666 si
1205 4617 1233 4665 in
1249 4614 1399 4666 refellendo
1417 4615 1593 4665 Demetriano
1613 4631 1681 4668 usus

37 4679 87 4757 star,
100 4685 197 4738 mordet
213 4687 386 4753 Cyprianum
400 4691 476 4756 quod
489 4692 518 4740 in
532 4690 586 4741 hac
601 4691 736 4753 oratione,
752 4705 815 4756 quoa
865 4693 938 4739 esset
953 4689 1120 4739 testimoniis
1134 4687 1363 4751 philosophorum
1382 4689 1411 4736 et
1426 4688 1579 4749 poetarum,
1595 4701 1679 4751 quam

37 4755 110 4824 iniit
139 4761 178 4807 est
208 4758 342 4810 adversus
373 4761 518 4811 inimicam
551 4761 717 4812 Christianae
751 4763 815 4813 reli·
866 4773 930 4810 cum
944 4773 1012 4812 usus
1025 4766 1068 4811 est
1082 4759 1249 4810 testimoniis
1268 4771 1355 4808 sacres
1377 4755 1528 4820 Scripturae
1548 4757 1680 4811 adversus

36 4823 110 4881 ιιῠιιιι,
127 4830 216 4878 utatur
244 4831 411 4881 testimoniis
436 4845 522 4883 sacrm
549 4831 709 4896 Scripturas.
731 4846 815 4898 quam
865 4830 1008 4881 hominem
1033 4830 1187 4881 ethnicum.
1208 4828 1239 4878 ld
1266 4839 1332 4878 vero
1362 4828 1549 4890 Hieronymus
1579 4829 1616 4880 ita
1641 4831 1681 4880 ia-

37 4885 68 4936 ιιιι
90 4897 174 4959 utique
196 4913 307 4964 ranam,
333 4900 439 4959 fictam,
463 4903 738 4968 commentitiamque
765 4918 815 4967 pu·
865 4901 957 4951 ciebat
982 4905 1012 4952 ut
1043 4903 1127 4952 etiam
1158 4901 1316 4951 testimonio
1350 4898 1487 4950 Lactantli
1522 4899 1681 4952 ostenderet

37 4957 97 5022 labar,
109 4979 165 5018 cum
180 4971 271 5033 potius
285 4975 456 5038 argumentis
475 4978 503 5024 et
521 4976 626 5025 ratione
646 4975 814 5026 reiellendus
865 4985 947 5036 posse
968 4973 1115 5036 scriptores
1138 4971 1342 5022 ecclesiasticos
1363 4971 1404 5020 uti
1431 4971 1598 5021 testimoniis
1622 4985 1680 5023 sas-

38 5027 117 5106 lu‘uset
136 5039 162 5088 id
180 5046 221 5092 est
239 5042 369 5094 humanis
390 5046 564 5106 testimoniis,
586 5045 814 5109 philosophorum
865 5043 1002 5094 salarium
1024 5043 1178 5093 litterarum
1202 5043 1230 5091 in
1257 5040 1499 5092 lucubrationibus
1512 5042 1580 5092 suis.
1602 5042 1678 5094 ldem

38 5100 138 5158 videlicet
155 5115 181 5161 at
199 5112 404 5177 historicorum,
417 5121 448 5166 nt
470 5116 528 5167 suis
542 5117 715 5181 potissimum
737 5116 815 5168 reiu-
864 5115 892 5164 ιι
906 5113 1030 5178 Epistola
1050 5115 1085 5164 ad
1102 5114 1293 5178 Ctesiphontem
1313 5113 1446 5164 adversus
1467 5112 1628 5177 Pelagianos
1642 5119 1680 5168 alt

39 5173 116 5254 ³leretur
136 5184 298 5235 auctoribus·
326 5185 439 5248 Contra,
465 5187 653 5239 Tertullianus
681 5189 710 5239 in
736 5185 852 5260 initioC
865 5198 947 5251 posse
966 5199 1030 5238 cum
1049 5187 1146 5252 paucis
1167 5185 1341 5236 sententiolis
1360 5185 1566 5250 Scripturarum
1587 5184 1681 5238 heers-

40 5239 119 5298 ulam
137 5251 287 5306 intinnula
308 5259 405 5308 oniura
424 5259 462 5309 ait
476 5273 481 5308 :
497 5279 510 5306 a
532 5259 631 5324 Magna
657 5261 815 5312 curiositate
866 5260 983 5309 ticomm
1002 5263 1030 5309 et
1051 5271 1099 5322 per
1114 5271 1161 5308 eos
1176 5255 1405 5322 philosophorum
1425 5261 1589 5323 argumenta
1611 5271 1680 5310 con-

40 5317 57 5390 ti
69 5321 153 5381 maiora
173 5324 256 5390 longe
272 5331 406 5380 memoria
425 5343 494 5395 opus
516 5334 559 5380 est
579 5330 615 5382 ad
636 5330 814 5394 studendum,
864 5330 949 5380 vinci.
963 5329 1154 5380 Luciierianua
1166 5327 1239 5394 apud
1257 5327 1387 5380 eumdem
1401 5327 1603 5393 Hieronymum
1622 5331 1678 5382 ait:

40 5391 123 5464 *inquis
147 5397 210 5447 velit
236 5411 270 5448 ex
295 5399 393 5450 litteris
419 5402 631 5465 receptissimis,
656 5402 815 5466 qulbmque
864 5402 955 5455 «Oro
976 5407 1003 5455 te
1026 5407 1057 5454 nt
1080 5403 1310 5469 pbilosophorum
1328 5404 1570 5468 argumentatione
1591 5403 1681 5469 depo-

41 5451 230 5530 tltlosopuomm
244 5470 288 5521 rel
306 5475 449 5533 poetarum
473 5472 517 5522 rel
538 5473 725 5538 quarumlibet
745 5473 813 5524 doe-
864 5477 925 5538 sita,
944 5477 1094 5528 christiana
1116 5491 1227 5529 mecum
1247 5477 1425 5543 simplicitate
1438 5477 1569 5544 loquaris.
1587 5499 1602 5526 o
1616 5477 1678 5531 Cae-

41 5526 92 5574 tnua
113 5537 243 5598 sapientia
268 5541 411 5593 saecularis
435 5545 631 5609 magistrorum
656 5545 814 5596 testimonia
864 5551 954 5598 terum
988 5549 1124 5600 Baronius
1163 5561 1236 5599 anno
1271 5549 1319 5600 tib
1352 5549 1464 5613 optimis
1506 5552 1679 5614 argumentis

41 5607 155 5664 ‘millite
178 5608 338 5664 Christianae
361 5615 493 5676 veritatis,
516 5619 546 5664 ut
568 5615 663 5666 aemuli
681 5629 815 5680 persecu-
864 5617 986 5670 ostendit
1011 5633 1157 5670 censuram
1183 5621 1320 5671 Lactantii
1345 5633 1401 5671 non
1429 5633 1490 5672 esse
1517 5621 1676 5686 legitimam⁴

42 5669 205 5742 lensquaeJus
222 5683 319 5735 desua
336 5685 447 5749 proprio
462 5687 646 5739 instrumento
665 5693 691 5738 et
715 5690 814 5740 erroris
865 5690 910 5748 ici.
936 5689 968 5739 D.
1001 5690 1038 5740 Le
1064 5689 1172 5753 Nourry
1203 5691 1416 5742 dissertationem
1440 5691 1472 5742 da
1498 5692 1547 5742 boc
1571 5692 1597 5742 S.
1627 5691 1679 5752 ep-

44 5749 278 5828 iuscet'iniquitatia
298 5757 326 5808 in
348 5771 399 5809 nos
419 5759 460 5810 rei
481 5759 667 5810 revincantur.
682 5775 698 5807 a
717 5759 815 5810 Exsti-
863 5761 956 5826 priani
974 5774 1061 5824 opere,
1077 5761 1152 5826 inira
1167 5763 1196 5812 iu
1212 5763 1258 5813 boc
1276 5769 1345 5814 tomo
1364 5777 1396 5813 erc
1418 5765 1520 5828 intepro
1541 5764 1679 5823 renisam.)

45 5813 84 5897 'fil
100 5829 138 5877 illl
159 5821 295 5876 crederent
318 5833 447 5880 sanctum
471 5843 584 5896 quoqne
610 5831 813 5895 Hieronymum
863 5859 892 5869 -
904 5831 934 5881 ln
950 5833 1047 5884 cortice
1069 5833 1231 5885 Corbeiensi
1249 5836 1289 5886 sic
1303 5836 1450 5900 inscriptus
1471 5839 1512 5885 est
1529 5834 1575 5884 bic
1588 5833 1677 5884 liber:

48 5883 157 5941 ssaden
177 5905 238 5947 nrm
260 5897 401 5951 Lacmntio
426 5902 565 5956 sententia
587 5901 683 5966 inisse,
705 5902 770 5969 quia
791 5903 814 5954 is
863 5905 959 5970 incipit
986 5903 1105 5972 Epistola
1133 5907 1221 5959 saucii
1257 5905 1387 5974 Cypriani
1416 5906 1453 5960 ad
1480 5903 1681 5960 brandonum
