4012 6192
111 288 161 354 lte
658 291 701 352 DE
721 292 988 356 sinouncuuaun
1006 293 1232 356 cnnnlconull.
1732 301 1784 366 ott

109 433 140 478 er
156 416 224 488 Deo,
241 413 411 490 coramipso
428 413 457 473 in
471 415 580 476 Christo
600 417 774 492 loquimur»
798 421 833 492 (11
849 419 921 492 tior,
934 420 1016 505 Abit
1039 440 1125 496 snper
1145 421 1286 483 carbones
1298 421 1373 498 ignis
1397 443 1403 484 :
1424 425 1512 502 pedes
1535 443 1602 486 vero
1625 445 1684 487 non
1705 445 1783 489 com·

108 515 133 580 l,
161 511 217 583 tl).
245 512 276 568 in
305 511 404 568 dolore
430 512 525 586 itaque
554 514 681 570 maximo
710 515 856 571 constituti
886 515 922 572 de
972 514 1076 572 bereti
1096 517 1141 574 Sic
1160 519 1210 591 qni
1230 520 1373 578 introierit
1392 523 1425 579 ad
1445 540 1567 580 uxorem
1588 525 1711 598 proximi
1729 526 1783 596 sui,

109 605 280 679 quibusdam
294 607 459 679 putrefactis
474 608 611 666 membris
632 610 757 682 corporis
780 609 880 676 nostri,
894 615 923 666 et
973 625 1031 664 non
1056 611 1112 667 erit
1133 611 1279 684 immunis,
1303 632 1396 688 neque
1422 618 1514 673 omnis
1535 620 1583 690 qni
1602 619 1697 692 tangit
1718 635 1784 676 eam

106 704 135 760 iu
150 705 416 778 gemitnjecturam
430 706 623 764 lamentantes
638 707 777 776 Ecclesia,
794 723 923 781 quoeper
974 701 1074 774 (Prota
1098 721 1135 774 vi,
1157 708 1264 780 27-29).
1288 728 1302 762 r
1326 710 1449 781 Credite,
1472 728 1569 784 qnaeso
1593 731 1651 785 vos,
1675 714 1784 770 credite

106 800 260 872 segnitiem
283 805 407 857 nostram
428 802 566 874 redigitur
589 818 641 874 per
662 801 723 858 dies
743 802 868 874 singulos
887 802 922 858 ad
974 794 1076 854 divinoe
1102 799 1184 870 fidei,
1215 803 1344 875 quinimo
1372 819 1458 876 quum
1490 811 1594 862 llosirae
1619 809 1652 878 [8)
1680 824 1687 862 :
1716 806 1785 880 quit

107 895 228 950 nimiam
246 896 416 967 paucitatem
434 912 441 950 ε
457 894 552 970 837
570 896 713 952 oredimus
726 913 778 952 nos
793 911 825 952 er
842 901 922 967 parte
972 905 1057 947 omne
1078 893 1219 968 quidquid
1239 897 1396 969 pollicetur,
1418 915 1475 954 non
1498 903 1593 971 potest
1613 900 1721 970 lallare,
1739 901 1783 956 di·

105 988 203 1062 alique
216 989 366 1060 sublevari,
380 989 458 1062 quod
478 989 633 1062 diligentia
654 993 758 1046 nostrae
778 988 924 1063 negligen·
973 993 1055 1044 conte
1077 990 1224 1047 Domino:
1249 1013 1263 1042 α
1285 993 1403 1048 Facilius
1425 997 1476 1060 est,
1502 993 1605 1066 inquit,
1629 995 1730 1050 coelum
1756 997 1786 1049 et

105 1083 366 1155 tia,quorumdam
392 1083 493 1140 obesse
520 1099 579 1139 non
601 1085 701 1157 possit,
721 1084 823 1157 quibos
847 1103 921 1141 unn-
972 1085 1078 1138 terrem
1105 1085 1263 1156 praeterire,
1290 1103 1378 1158 quam
1406 1087 1441 1142 de
1469 1087 1531 1160 lege
1558 1103 1648 1142 tanaim
1674 1087 1784 1160 apicem

104 1191 191 1248 quam
208 1181 315 1232 nostrae
327 1177 428 1233 littera
442 1177 604 1246 doluerunt,
620 1193 685 1250 quae
698 1195 751 1250 per
763 1178 921 1236 absentiam
973 1176 1074 1232 cadere
1094 1177 1216 1250 (Mettis,
1231 1197 1257 1248 v,
1279 1181 1363 1254 18).»
1385 1183 1418 1238 Et
1436 1182 1541 1240 ilerum
1565 1197 1572 1237 :
1596 1202 1610 1231 s
1628 1181 1737 1238 coelum
1758 1186 1789 1236 et

105 1273 234 1326 uestram
254 1269 444 1344 frequentiam
472 1270 602 1328 omnibus
623 1279 814 1343 pensaverunt
840 1271 921 1328 dissi·
972 1273 1050 1326 terra
1071 1273 1243 1344 transibunt,
1265 1275 1351 1331 verba
1372 1282 1470 1332 aretem
1493 1293 1557 1334 mea
1577 1293 1632 1332 non
1654 1279 1785 1350 prateri-

105 1363 274 1420 mulaticnis
288 1380 346 1419 sue
360 1381 367 1419 :
383 1369 416 1420 ut
428 1381 625 1437 unusquisque
646 1367 829 1436 contemptor
841 1381 921 1422 reum
972 1363 1043 1419 bunt
1061 1367 1182 1437 (noctu,
1204 1385 1278 1438 xxiv,
1302 1369 1357 1440 ³5).
1376 1391 1389 1420 o
1413 1370 1464 1442 ipsi
1486 1386 1556 1442 ergo
1578 1387 1630 1425 nos
1648 1371 1784 1440 inllimus,

105 1458 291 1530 semetipsum
308 1458 468 1514 conscribat
487 1461 709 1530 (dinocratem
727 1458 922 1515 libereironte
973 1458 1085 1530 quoties
1111 1459 1312 1518 inordinaliter
1338 1463 1500 1530 credimus,
1529 1463 1702 1521 estimantes
1733 1481 1785 1537 per

105 1551 352 1624 contemptoribus
371 1552 659 1625 exclamemus,qnod
681 1552 817 1610 Salomon
837 1553 923 1610 conii-
972 1551 1058 1607 iidem
1079 1560 1204 1610 nostram
1227 1554 1324 1630 838
1347 1558 1419 1629 legis
1441 1563 1581 1628 precepta
1599 1559 1728 1613 mutari:
1752 1564 1784 1614 ut

104 1647 210 1700 denter
235 1645 386 1716 exprobrat
405 1661 412 1700 :
437 1663 451 1698 a
475 1645 615 1711 Quoniam
636 1646 754 1719 quidem
775 1646 921 1718 vocabam,
971 1644 1048 1700 inter
1062 1648 1202 1704 masculos
1215 1655 1244 1704 et
1257 1649 1378 1705 feminea
1391 1665 1539 1722 speremus
1552 1651 1656 1721 passim
1670 1651 1783 1706 castita·

103 1739 210 1810 inquit,
226 1745 253 1794 et
267 1755 326 1794 non
346 1737 554 1808 obaudiebetis3
573 1743 602 1796 et
621 1739 811 1796 extendebam
837 1739 921 1796 verba
971 1741 1030 1793 tem
1045 1739 1223 1798 immobilem
1236 1744 1381 1800 custodiri.

104 1849 183 1901 mea,
198 1836 228 1889 et
246 1849 302 1888 uon
318 1832 519 1902 intendebatis,
532 1833 583 1890 sed
598 1833 677 1889 irrita
694 1833 839 1890 faciebatis
857 1803 959 1889 maeB
1007 1833 1123 1890 Diilieile
1141 1835 1204 1907 qnis
1216 1852 1359 1892 venenum
1377 1837 1457 1893 bibet
1475 1841 1505 1893 et
1521 1837 1605 1893 vivet.
1621 1838 1784 1894 Verendum

104 1926 233 1992 consilia,
259 1927 331 1983 meis
355 1930 454 1984 autem
477 1927 721 1999 increpationibus
743 1943 802 1983 non
824 1927 919 1983 iotan-
970 1931 1012 1980 est
1024 1925 1179 1985 dormienti
1193 1929 1223 1984 in
1236 1930 1309 2000 ripa,
1323 1947 1359 1985 ne
1381 1931 1474 1998 cadat,
1491 1947 1556 1986 cum
1574 1931 1649 1986 dicat
1667 1935 1784 2003 Aposto-

104 2019 238 2075 debatis:
255 2020 349 2091 itaqua
367 2024 396 2075 et
419 2037 473 2092 ego
495 2025 596 2076 vestros
618 2021 773 2092 perditioni
795 2019 919 2092 superri-
969 2023 1035 2079 lus:
1052 2041 1067 2071 a
1081 2021 1135 2086 Qui
1150 2038 1179 2078 se
1199 2027 1281 2094 putat
1301 2028 1388 2093 stare,
1408 2024 1505 2079 videat
1525 2041 1561 2080 ne
1573 2025 1657 2080 cedet
1670 2023 1692 2097 (1
1707 2025 1778 2098 Con,

102 2113 190 2168 dabo.
204 2113 374 2170 Gratulabor
386 2130 457 2186 ergo
470 2115 620 2172 adversum
639 2131 697 2182 vos,
712 2129 777 2170 cum
798 2115 921 2170 advene·
970 2131 998 2183 x,
1014 2117 1068 2185 lli.
1090 2137 1104 2167 a
1126 2117 1158 2172 ln
1179 2117 1231 2172 hac
1250 2120 1333 2189 parte
1356 2117 1470 2190 expedit
1493 2117 1557 2189 plns
1578 2118 1651 2175 bene
1670 2119 1784 2184 timere,

103 2208 140 2264 rit
160 2207 239 2263 vobis
258 2207 400 2276 interitus,
420 2214 448 2264 et
468 2225 532 2264 oum
558 2209 704 2264 advenerit
725 2207 805 2265 vobis
829 2207 922 2264 subito
972 2225 1060 2281 qnam
1075 2209 1149 2264 male
1162 2209 1260 2264 iidere.
1277 2212 1309 2265 Et
1325 2210 1421 2266 utilius
1435 2215 1477 2266 est
1491 2211 1636 2268 infirmum
1655 2230 1685 2268 se
1698 2213 1786 2270 bomo

103 2302 266 2356 tumultus:
283 2302 392 2358 eversio
403 2304 498 2358 autem
512 2302 597 2358 simol
613 2309 642 2358 et
653 2302 795 2376 procelle,
812 2306 841 2358 et
857 2319 922 2358 oum
973 2308 1139 2374 cognoscat,
1165 2307 1196 2358 nt
1218 2303 1298 2358 tortis
1323 2305 1451 2373 exsistat3
1476 2321 1563 2376 quam
1588 2307 1670 2361 tortis
1699 2307 1788 2364 videri

104 2395 255 2452 advenerit
280 2395 361 2453 vobis
386 2411 517 2467 pressura
543 2395 578 2467 (DJ
605 2399 635 2452 et
660 2397 843 2469 expugnatio.
866 2397 925 2454 Erit
973 2395 1050 2464 velit,
1065 2399 1094 2451 et
1113 2396 1242 2452 infirmus
1256 2401 1396 2470 emergat.
1415 2397 1453 2452 De
1473 2414 1530 2470 qna
1547 2415 1577 2453 re
1595 2405 1788 2474 praesumpto·

103 2492 262 2548 enimcum
284 2506 331 2546 me
345 2489 553 2557 invocaveritis,
569 2505 624 2561 ego
643 2494 739 2545 autem
755 2507 813 2546 non
838 2507 923 2547 exau·
973 2507 1020 2545 res
1041 2489 1174 2562 objurgat
1196 2491 1354 2561 Apostolus,
1376 2490 1472 2548 dicens
1495 2507 1502 2546 ε
1528 2513 1542 2542 a
1565 2492 1594 2549 Si
1620 2493 1684 2564 quis
1706 2499 1789 2565 putat

105 2585 185 2640 diam
207 2601 268 2641 vos.
290 2585 424 2650 Quaerant
451 2599 498 2639 me
523 2583 601 2652 niati,
626 2587 654 2638 et
677 2599 734 2639 non
755 2584 923 2640 invenient:
974 2601 1004 2640 se
1024 2583 1132 2656 aliquid
1154 2599 1226 2651 essa,
1251 2600 1315 2640 cum
1339 2583 1409 2639 nihil
1434 2584 1480 2652 ait,
1503 2585 1626 2656 seipsum
1649 2585 1788 2658 implanat

105 2679 231 2736 oderunt
253 2679 332 2734 enim
355 2676 534 2750 sapientiam.
552 2675 672 2732 Verbum
694 2680 792 2733 autem
813 2678 924 2734 Domini
975 2677 1088 2748 (Galat,
1115 2693 1152 2746 vr,
1178 2675 1216 2746 3).
1240 2697 1254 2726 a
1279 2679 1331 2732 Pro
1352 2682 1429 2733 certo
1456 2677 1629 2750 implanetur
1653 2681 1788 2752 proprius

104 2791 165 2828 non
190 2777 415 2844 assumpserunt,
430 2787 524 2843 neque
539 2770 689 2826 volucrunt
709 2771 779 2825 meis
799 2772 926 2827 consiliis
976 2789 1057 2828 suam
1081 2769 1207 2826 animam
1231 2771 1352 2842 decepit,
1374 2771 1423 2844 qui
1447 2787 1504 2827 non
1525 2773 1652 2828 cavendo
1672 2777 1786 2828 contra-

105 2867 269 2924 intendcre.
293 2867 470 2938 Spreraruut
496 2864 573 2922 enim
596 2881 677 2920 meas
701 2865 923 2936 correptiones:
975 2865 1026 2933 ria,
1041 2865 1132 2920 noxiis
1153 2863 1238 2920 rebus
1255 2863 1406 2936 semetipse
1423 2863 1607 2920 commiserit.
1621 2865 1669 2921 lile
1689 2871 1787 2923 antem

105 2957 230 3028 ideoque
251 2955 338 3011 edent
358 2955 411 3010 viae
435 2971 495 3010 suae
519 2955 637 3021 fructus,
658 2957 687 3011 et
708 2971 758 3010 sua
778 2955 925 3027 impietate
974 2959 1063 3014 tutius
1078 2958 1131 3014 sibi
1147 2957 1278 3028 consulit,
1295 2957 1344 3030 qni
1362 2957 1437 3014 circa
1453 2959 1544 3014 malos
1559 2974 1673 3030 semper
1685 2959 1789 3015 infidus

106 3049 332 3106 satiabuntur.»
974 3052 1082 3124 species
1112 3065 1295 3124 quascunque
1328 3051 1428 3107 noxias
1458 3051 1624 3110 extimescit.
1656 3051 1787 3118 Duorum

140 3143 184 3202 sd
213 3159 264 3200 vos
282 3159 360 3198 nunc
383 3158 447 3198 mea
467 3143 625 3200 exhortatio
648 3142 832 3214 convertitur,
854 3159 962 3243 quosC
976 3145 1137 3201 distantiam
1163 3145 1298 3202 Salomon
1319 3145 1460 3213 disseruit,
1486 3145 1583 3202 dicens
1602 3163 1609 3202 :
1631 3165 1645 3200 r
1669 3147 1787 3219 Sapiens
1850 3129 1854 3138 ⁵

108 3237 247 3294 nolumus
272 3235 396 3309 experiri
418 3237 486 3292 talia
510 3237 667 3310 praecipitia
688 3237 848 3292 ruinarum.
871 3237 923 3293 lle
974 3239 1101 3295 timendo
1117 3239 1269 3295 declinabit
1280 3239 1315 3294 ab
1330 3238 1409 3295 omni
1423 3239 1516 3306 malo;
1532 3239 1672 3312 iusipiens
1690 3245 1787 3297 alitem

107 3332 180 3388 inite
206 3337 348 3404 qnantum
366 3332 482 3402 potestis
501 3330 641 3403 ejusmodi
661 3347 741 3386 casus
761 3331 872 3386 exitia:
895 3333 924 3386 et
973 3333 1119 3388 conlidens
1140 3331 1183 3387 sni
1208 3334 1344 3388 miscetur
1367 3333 1467 3404 iniquo
1491 3334 1595 3404 (Pron,
1614 3350 1669 3401 xrv,
1692 3335 1745 3406 lii).
1771 3355 1786 3386 a

105 3428 135 3482 iu
161 3425 217 3480 ista
243 3424 438 3494 subversione,
466 3424 625 3480 labentium
653 3439 703 3479 vos
730 3423 924 3494 experimenta
973 3427 1107 3498 ltagnum
1124 3425 1387 3497 sapientimdivinoe
1402 3425 1553 3482 consilinm
1569 3426 1718 3483 inventum
1734 3429 1787 3495 est,

106 3523 300 3591 perterreant.
316 3517 443 3574 Nimium
456 3533 584 3590 praeceps
597 3521 640 3572 cst
653 3517 703 3588 qui
716 3516 837 3572 transire
853 3533 923 3572 con·
972 3519 1022 3575 ubi
1045 3520 1157 3576 timoris
1182 3519 1285 3574 auxilio
1306 3519 1469 3574 liberemur.
1492 3520 1592 3591 llagna
1617 3520 1788 3594 compendia

106 3613 212 3682 tendit,
231 3611 279 3667 nbi
299 3611 388 3666 alium
408 3611 589 3683 conspexerit
606 3610 739 3666 cecidisse
758 3627 764 3665 :
786 3613 815 3666 et
838 3611 923 3666 vehe-
973 3611 1177 3685 providentias,
1203 3617 1235 3666 ut
1258 3612 1412 3683 aliqnando
1433 3611 1484 3667 fiat
1502 3612 1590 3668 virtus
1615 3616 1644 3668 et
1669 3614 1788 3670 victoria

107 3711 223 3762 menter
247 3705 375 3761 infraenis
394 3706 446 3773 est,
460 3705 506 3759 cni
527 3719 585 3760 uon
606 3703 744 3760 incutitur
758 3703 846 3758 timor
867 3703 923 3758 alio
974 3706 1182 3778 pertimerem.
1198 3705 1299 3777 llagna
1314 3705 1440 3760 remedia
1456 3705 1593 3761 Dominus
1616 3708 1737 3764 contulit
1750 3707 1787 3762 ad

106 3804 258 3871 pereunte.
276 3802 391 3854 Amator
413 3814 481 3854 vero
502 3801 544 3852 eat
567 3797 666 3852 saletis
686 3813 755 3866 suaa,
770 3797 820 3869 qui
840 3796 925 3852 evitat
973 3800 1107 3867 salutem,
1121 3801 1153 3854 nt
1175 3798 1277 3854 habeat
1296 3800 1324 3852 et
1342 3797 1458 3853 timidus
1477 3799 1602 3866 laudem,
1622 3799 1695 3855 sicut
1714 3803 1787 3857 Salo-

107 3896 213 3950 alienae
239 3892 340 3949 mortis
353 3893 511 3948 incursum.
526 3891 562 3946 Et
580 3891 641 3963 ipse
654 3896 696 3946 est
716 3889 860 3962 providus,
876 3889 925 3961 qui
974 3907 1042 3947 mon
1068 3891 1180 3963 repetit,
1206 3891 1303 3946 dicens
1327 3906 1334 3945 :
1364 3911 1379 3942 a
1408 3891 1509 3946 Beatus
1531 3891 1575 3945 vir
1600 3891 1651 3963 qui
1675 3896 1788 3972 veretur

106 3987 247 4045 sollicitus
270 3986 303 4042 tit
328 3985 457 4041 cladibus
483 3988 665 4053 ceterorum,
692 3984 765 4040 sicut
790 3984 924 4040 Salomon
974 3985 1070 4040 omnia
1090 3986 1266 4056 permotum
1283 3983 1535 4054 (Docle.,v1n,lt).
1552 3983 1788 4042 »inestimabilis

105 4079 261 4154 approbat,
277 4079 374 4134 dicens
390 4095 397 4134 ι
413 4099 427 4129 u
440 4079 556 4136 astutus
570 4078 670 4136 ridens
687 4078 795 4134 malum
818 4075 924 4148 puniri,
975 4077 1090 4134 Domini
1109 4075 1313 4144 misericordia,
1333 4093 1396 4148 qnae
1412 4075 1567 4147 unicuique
1581 4077 1691 4134 homini
1707 4095 1788 4135 sumn

107 4175 299 4230 vehementer
323 4171 468 4228 erudietur
489 4169 758 4242 [Proo.,xxvu,12).
777 4190 792 4220 »
817 4170 853 4225 Et
870 4169 924 4224 ite·
974 4171 1095 4226 contulit
1112 4171 1232 4242 gloriam
1248 4169 1301 4242 (9);
1317 4174 1346 4224 et
1368 4169 1663 4240 incomprehensibilis
1685 4172 1786 4244 pietas,

106 4285 173 4324 rum
192 4285 199 4322 s
215 4287 230 4316 a
242 4265 414 4322 Cadeutibna
436 4265 532 4337 impiis
551 4263 621 4336 justi
636 4264 821 4320 vehementer
835 4265 924 4317 tarre-
973 4280 1038 4335 quoe
1052 4263 1210 4319 secundum
1226 4277 1338 4334 pugnas
1359 4262 1440 4318 dedit
1459 4268 1488 4318 et
1510 4263 1631 4334 palmas,
1650 4271 1681 4320 ut
1700 4265 1787 4322 conii·

106 4363 227 4417 buntur.
243 4381 257 4410 a
272 4358 441 4416 Adversaris
456 4361 499 4413 est
511 4357 684 4414 confidentia
702 4357 751 4429 (7),
767 4373 831 4429 que
846 4357 924 4428 peri·
973 4356 1059 4412 tendo
1073 4357 1263 4412 masculorum
1277 4355 1413 4412 sevitiam
1424 4372 1600 4429 superemus,
1618 4362 1646 4414 et
1661 4359 1788 4416 timendo

106 4456 181 4510 cnlia
201 4453 291 4508 vitam
317 4467 399 4508 suem
425 4467 478 4524 pro
504 4453 581 4507 carto
603 4451 793 4507 commendat.
820 4453 855 4508 Et
880 4452 924 4505 ln·
973 4448 1354 4506 laminarumblandimenta
1368 4450 1530 4520 vincamus3
1544 4451 1701 4507 dnmmodo
1715 4453 1788 4509 etde

105 4549 189 4604 brica
208 4563 274 4618 spes
295 4548 348 4616 est,
366 4560 430 4618 ques
446 4545 522 4600 inter
542 4545 670 4601 lomenia
693 4545 802 4616 peccati
823 4533 1075 4607 salvariDvirtute
1089 4542 1167 4598 etde
1185 4541 1352 4598 infirmitate
1368 4559 1518 4615 supernos
1532 4545 1667 4600 Dominus
1682 4546 1787 4616 glorias

105 4658 137 4696 se
161 4645 268 4712 sperat.
283 4641 391 4696 incerta
409 4639 525 4694 victoria
548 4643 599 4705 ast,
615 4637 691 4693 inter
709 4637 823 4693 hostilia
843 4655 924 4694 arma
973 4640 1122 4710 operetur3
1132 4636 1199 4692 utin
1212 4636 1344 4691 omnibus
1354 4641 1381 4691 et
1393 4651 1445 4706 per
1455 4637 1552 4693 omnia
1560 4638 1788 4710 omnipotentem

105 4749 251 4807 pugnare.
282 4735 314 4790 Et
345 4731 528 4804 impossibilis
557 4730 687 4787 liberatio
718 4734 771 4800 est,
799 4731 924 4788 ilammis
974 4733 1127 4803 semetipse
1145 4731 1275 4796 testetur,
1290 4728 1417 4784 dividens
1432 4728 1607 4785 differentias
1625 4731 1787 4803 triumpho·

104 4826 289 4896 circumdari,
305 4843 359 4883 nec
372 4826 482 4883 ardere.
498 4825 580 4890 Quod
595 4825 726 4882 Salomon
747 4841 806 4882 non
826 4831 923 4897 negat,
974 4841 1056 4894 rnm;
1073 4827 1106 4879 ut
1118 4830 1177 4879 tarn
1200 4821 1323 4878 consiliis
1345 4837 1433 4894 qrxam
1449 4822 1556 4878 viribus
1577 4839 1594 4878 a
1611 4824 1691 4879 nobis
1709 4825 1787 4882 bella

103 4923 205 4977 dicens
222 4935 257 4976 :u
270 4920 338 4986 Quis
350 4919 478 4993 alligabit
499 4919 529 4975 in
544 4919 610 4975 sinu
633 4935 685 4974 suo
708 4919 817 4991 ignem,
834 4919 924 4974 vesti·
974 4917 1133 4986 vincantur,
1148 4933 1185 4972 ne
1203 4916 1227 4971 si
1248 4915 1397 4971 vicerimus
1418 4915 1506 4972 solius
1525 4915 1589 4972 lidei
1609 4917 1788 4989 tortitudine,

104 5017 208 5072 menta
221 5015 319 5072 actem
332 5031 383 5070 sua
397 5030 455 5070 non
468 5013 639 5070 comburet?
649 5016 705 5070 llut
717 5011 781 5086 quis
794 5011 924 5068 ambula·
974 5016 1073 5068 contra
1094 5011 1275 5068 Salomonem
1299 5024 1388 5066 vacua
1410 5015 1503 5066 essent
1524 5026 1608 5082 opera
1628 5010 1787 5084 sapientia.

785 5151 868 5216 Edit.
885 5151 991 5218 Oxon.
1006 5157 1104 5217 notae.

135 5262 174 5326 (5)
201 5261 280 5311 iteum
310 5261 476 5324 semetipsam
512 5259 670 5311 coercitor.
702 5259 843 5312 Pamellns
869 5259 922 5309 ait.
974 5259 1119 5312 etiamille
1137 5261 1341 5322 rectua,quan1
1356 5257 1430 5322 vulg.
1445 5257 1567 5308 aduerso.
1583 5258 1693 5310 Passer..

103 5334 199 5386 Etiam
229 5331 278 5382 bic
303 5330 475 5382 Remboldna
500 5331 632 5394 reposuit,
657 5343 749 5380 rerum
773 5331 923 5396 corruptis·
1005 5331 1041 5395 (8)
1067 5331 1188 5392 (lur'atmo
1216 5343 1297 5394 quam
1315 5331 1420 5379 costra.
1448 5329 1587 5380 Pamelius
1610 5331 1657 5394 ait,
1679 5332 1789 5396 Accipit

102 5405 195 5462 sime;
213 5413 277 5452 nam
291 5399 360 5452 illud
374 5401 478 5452 babent
495 5404 552 5452 vet.
572 5413 669 5452 exous.
684 5399 804 5453 Gravius
818 5405 845 5452 et
865 5399 925 5451 Mo-
974 5401 1090 5466 quinimo
1104 5414 1153 5466 pro
1177 5400 1282 5465 potius;
1304 5413 1369 5450 nam
1390 5399 1459 5450 illud
1484 5400 1545 5466 pias
1568 5414 1661 5466 neque
1684 5402 1789 5454 hebent

102 5475 211 5526 rellins.
224 5473 334 5524 Pausa.
974 5477 1025 5522 vet.
1047 5485 1118 5534 exc,
1141 5485 1233 5538 neque
1257 5470 1437 5532 Rembolduc,
1457 5469 1506 5524 sed
1526 5473 1634 5536 primus
1655 5471 1788 5524 Erasmus

137 5547 172 5610 (6)
200 5545 265 5596 cum
293 5543 427 5594 advenerit
455 5543 528 5594 uobis
553 5543 682 5594 interitus.
706 5541 847 5594 Pamelius
876 5543 923 5604 alt,
973 5543 1087 5594 addidit.
1102 5545 1215 5597 Panno.

102 5619 166 5670 Nec
188 5621 238 5668 vet.
258 5628 353 5666 exous.
376 5627 467 5680 neque
486 5613 658 5667 Ramboldus
678 5614 733 5666 boc
746 5615 859 5676 babent,
874 5613 924 5664 sed
1003 5615 1035 5677 (9]
1059 5617 1122 5679 Qua
1143 5616 1284 5680 unicuiqae
1306 5615 1403 5666 bomini
1426 5628 1502 5666 suom
1530 5616 1643 5668 contulit
1662 5613 1785 5680 glorium.

102 5695 151 5742 est
179 5686 253 5752 apud
279 5685 363 5736 LXX.
391 5685 483 5748 Quare
512 5691 586 5738 recte
612 5699 724 5752 qnoque
755 5699 790 5736 ex
816 5685 924 5750 conjec-
974 5685 1113 5738 pamelius
1138 5689 1186 5749 alt,
1205 5686 1377 5738 Remboldus
1402 5685 1469 5737 vitio
1494 5699 1640 5752 operarum
1667 5681 1788 5734 habebat

103 5766 169 5811 ture
201 5757 319 5810 Cauchii
348 5756 502 5822 adjecimus
532 5761 559 5808 ot
588 5756 656 5808 illud
686 5756 762 5822 quod
786 5757 920 5822 sequitur,
972 5769 1028 5816 suo,
1051 5757 1125 5822 quod
1148 5771 1213 5810 oum
1235 5771 1291 5809 non
1316 5756 1474 5823 quadraret,
1499 5757 1623 5823 reposuit
1644 5754 1787 5812 Erasmus»,

103 5833 219 5884 rama.
972 5827 1091 5892 annique
1119 5843 1169 5895 pro
1197 5829 1355 5902 unicuique,-
1385 5833 1414 5883 at
1441 5831 1518 5896 prins
1552 5825 1705 5894 genuinum
1732 5825 1787 5873 cst.

140 5903 175 5968 (l)
201 5899 365 5954 Adurrorio
392 5904 429 5954 est
453 5898 615 5966 maceratio.
640 5899 780 5954 pamelius
805 5899 851 5962 alt,
882 5899 923 5952 lta
972 5897 1082 5952 Pauca.
