4012 6192
282 283 344 346 aaa
574 277 793 345 incinere.
815 276 1142 346 clerimoniam
1164 275 1659 346 erreer.1r.-snrr0s1r1rn.
1886 286 1930 352 aa

286 414 487 487 culpe,tamen
502 409 1095 484 popularisexistimatiosoletdominorum
1106 428 1204 502 Aqua
1221 411 1354 468 delentur
1381 417 1518 484 peccata:
1537 411 1665 468 sedridit
1688 427 1789 484 aquam
1810 414 1884 470 simd
1901 419 1933 472 ei-

281 523 374 564 nrores
389 523 422 562 ex
437 520 582 562 servorum
598 503 727 560 moribus
743 505 894 560 aestimare.
910 503 990 561 Unde
1006 505 1092 560 etiam
1146 505 1235 560 linere
1260 522 1324 560 cum
1344 504 1495 577 sanguine,
1518 505 1569 579 qui
1591 504 1645 560 nisi
1667 505 1803 578 adfuisset,
1819 508 1932 565 inciilcax

281 601 325 656 hic
336 600 465 655 ridemus
476 599 603 654 divinam
624 597 800 670 scripturam
824 599 992 670 frequenter
1012 599 1096 670 juria
1147 605 1210 656 erat
1224 617 1307 672 aqna.
1323 599 1396 664 Quid
1427 597 1503 656 enim
1515 599 1632 672 prodest
1644 599 1751 656 aboleri
1765 605 1879 672 peccata,
1891 604 1934 658 nisi

166 681 172 692 ⁸
281 693 446 750 mortalium
473 692 594 748 allectus
614 693 790 764 loquentem,
812 692 892 748 velut
916 692 947 747 in
975 691 1096 748 tanitico
1145 693 1476 766 succedatritajuslitiae
1491 693 1695 766 qaam-centeri
1713 695 1934 767 sangnislouan-

280 789 317 844 de
333 804 368 844 eo
381 786 430 860 qni
446 785 603 842 desemine
623 800 675 841 sno
690 783 814 842 dedisset
829 785 905 842 idolo
918 785 1037 855 llcloch,
1052 785 1095 840 di·
1145 787 1238 859 qnem'
1248 788 1277 842 bi
1292 793 1350 843 tres
1364 805 1454 844 unum
1468 792 1551 844 sunt:
1567 805 1641 844 unns
1656 788 1732 844 enim
1749 789 1817 844 heus
1833 793 1877 858 est,
1894 793 1935 862 qni

282 881 338 938 cit:
354 883 425 949 Quin
437 881 537 952 polluit
547 895 643 936 omnen
654 882 778 935 sunctum
785 893 873 934 meum
883 879 991 950 (tevit,
1003 895 1047 947 xx,
1057 875 1094 951 3).
1145 897 1198 954 per
1213 881 1361 955 Spiritum¹
1377 898 1481 954 aquam
1495 885 1525 937 et
1537 882 1710 954 sangninem
1723 882 1841 938 declarat
1854 883 1931 940 honi·

282 978 317 1030 at
331 974 408 1047 qnod
422 973 459 1029 ab
471 971 636 1029 homiuibus
649 971 858 1028 sanctificatum
873 975 917 1027 est
934 971 1023 1044 pollui
1045 988 1094 1044 po·
1146 989 1216 1033 num
1232 975 1332 1047 generi
1346 975 1483 1032 virtutem
1500 991 1532 1032 ac
1542 975 1699 1032 bonitatem
1714 992 1792 1032 suam
1808 978 1933 1032 :antideo

279 1073 344 1134 test,
359 1067 407 1124 Dei
421 1082 604 1124 serononaen
623 1067 653 1122 in
675 1081 704 1122 se
719 1081 832 1136 semper
853 1069 897 1120 cst
918 1065 1093 1137 gloriosum,
1147 1067 1286 1125 dicuntur
1318 1085 1408 1125 unum
1435 1085 1495 1126 esse
1521 1069 1571 1142 (l),
1592 1069 1729 1142 quoniam
1759 1069 1873 1141 undique
1892 1071 1934 1126 sibi

281 1163 357 1234 apud
372 1161 504 1218 homines
520 1165 631 1217 tantum
654 1157 885 1226 contaminatur,
909 1159 1097 1232 quemadmo·
1146 1165 1257 1218 consul
1278 1163 1488 1231 testimonium,
1504 1179 1558 1220 nec
1581 1163 1638 1218 ulla
1660 1179 1694 1220 ex
1714 1167 1795 1236 parte
1814 1163 1931 1233 dissonat;

281 1257 349 1312 darm
368 1255 490 1310 mendax
506 1255 624 1309 infamia
637 1269 696 1308 non
711 1253 814 1326 polluit
830 1252 923 1308 sirum
937 1253 1094 1324 integrum.
1146 1255 1391 1330 quemadmodum
1416 1273 1488 1330 quos
1512 1255 1672 1314 arctissima
1699 1257 1797 1330 jungit
1820 1256 1932 1326 amicitia,

282 1350 326 1406 Sic
341 1356 369 1404 et
380 1349 453 1420 apud
468 1347 643 1402 Ezechielem
659 1347 765 1402 clamat
781 1363 886 1402 nomen
905 1363 988 1401 surim
1009 1345 1096 1402 fuisse
1145 1355 1265 1424 propter
1298 1366 1444 1407 summum
1474 1351 1639 1410 animorum
1670 1367 1846 1422 consensum,
1877 1369 1933 1406 unus

280 1443 421 1516 pollutum
435 1441 510 1496 inter
522 1444 623 1512 gentes
636 1440 731 1512 impiis
747 1440 874 1496 moribus
890 1440 1094 1496 israelitarum.
1146 1445 1331 1501 aninrnsesse
1346 1444 1490 1501 dicuntur.

282 1537 354 1602 Quin
376 1540 403 1590 et
425 1533 609 1590 beatissimus
630 1534 736 1590 Paulus
750 1534 878 1590 scribens
903 1533 1049 1606 Romanis,
1063 1551 1095 1590 ex
1182 1539 1214 1592 V.
1230 1541 1271 1593 Ae
1294 1539 1375 1610 juxta
1402 1555 1517 1594 sensum
1543 1538 1723 1608 crassiorem,
1737 1538 1798 1596 hec
1813 1539 1861 1596 tria
1875 1556 1932 1612 pra·

282 1629 450 1686 alletoritate
477 1628 626 1700 Prophetae
651 1627 737 1695 dicit,
758 1627 906 1700 appellans
926 1628 1040 1684 iudaeos
1058 1627 1097 1683 le·
1147 1630 1228 1704 cipua
1241 1635 1308 1688 sunt
1329 1632 1358 1687 in
1373 1632 1564 1688 homineritse
1587 1636 1762 1707 arguments
1775 1637 1853 1707 atque
1865 1634 1932 1688 ellan

281 1737 347 1796 gem
367 1723 544 1796 prolitentes,
559 1721 608 1778 sed
633 1738 666 1776 ea
690 1737 754 1796 qum
769 1721 813 1784 lca
837 1724 915 1778 retat
935 1721 1094 1778 iacientes:
1146 1725 1345 1782 instrumenta.
1356 1725 1497 1792 Quamdiu
1513 1727 1591 1783 enim
1605 1727 1755 1802 pulmonis
1768 1727 1931 1784 oliicioaltra-

281 1816 383 1874 Nomen
403 1818 452 1872 Dei
467 1816 673 1888 blasphematur
687 1817 759 1872 iuter
777 1821 869 1884 pentes
885 1816 982 1887 (horn,
998 1832 1027 1886 n,
1039 1813 1095 1888 ut).
1109 1797 1135 1870 Β
1148 1816 1226 1874 hitur
1239 1819 1362 1876 vicissim
1377 1837 1409 1876 ac
1425 1819 1554 1876 redditur
1567 1820 1686 1890 halitus,
1701 1823 1809 1877 certum
1830 1821 1885 1876 rita
1902 1821 1932 1876 lo·

282 1911 317 1966 lit
342 1910 372 1965 in
395 1908 522 1966 oratione
548 1907 702 1978 heminicn,
730 1908 802 1964 sicut
830 1908 913 1981 attigi
943 1909 1039 1980 modo,
1065 1926 1099 1965 cx
1148 1911 1255 1967 dicium
1278 1919 1340 1968 est:
1366 1913 1600 1988 undeloquendi
1623 1914 1933 1986 eonsuetudinc,spirare

282 2002 452 2060 auctoritate
481 2001 689 2076 Redemptoris,
712 2018 830 2058 oramus
856 2008 886 2060 ut
907 2003 1100 2060 sanctificetur
1149 2003 1283 2062 dicuntur
1295 2005 1344 2079 qni
1360 2007 1466 2076 vivunt,
1482 2009 1510 2064 et
1530 2007 1693 2080 exspirasse
1713 2008 1763 2082 qui
1777 2008 1857 2064 ritant
1870 2007 1932 2062 linie-

283 2113 390 2156 nomen
401 2096 451 2152 Dei
466 2096 565 2164 Patris,
580 2096 737 2164 honestat
754 2096 921 2155 inclarescat
933 2101 960 2152 et
973 2096 1097 2152 illustre·
1149 2103 1226 2154 runt.
1241 2101 1314 2166 Quin
1328 2103 1357 2156 et
1368 2101 1577 2158 animabatinis
1588 2105 1672 2172 tintus
1687 2102 1841 2170 dicitur,ad
1853 2101 1932 2157 Gracc

283 2195 331 2248 tur
351 2190 426 2263 apud
441 2190 585 2258 homines,
607 2190 707 2263 utique
721 2206 773 2263 per
785 2190 927 2253 homines,
945 2191 988 2246 vcl
1009 2190 1099 2264 potius
1147 2193 1223 2248 vocis
1246 2193 1449 2266 imitationem,
1472 2197 1520 2267 qui
1549 2199 1876 2268 uentumioemvrocant.
1894 2195 1932 2250 Su·

284 2284 314 2342 in
337 2283 512 2342 hominibus.
533 2285 692 2340 illustratur
719 2291 814 2340 autem
841 2284 865 2340 si
885 2283 1005 2356 Spiritus
1025 2284 1100 2340 illius
1149 2286 1275 2360 perhanc
1296 2287 1407 2344 scantin
1427 2289 1618 2362 ipsehomine
1640 2289 1816 2346 subtilissimi
1831 2289 1932 2361 spiritus,

282 2380 386 2452 regnet
399 2377 531 2446 innubis,
544 2382 573 2434 ut
591 2377 613 2434 ei
636 2378 710 2434 illius
724 2378 864 2434 voluntati
885 2377 1100 2450 obtemperetur
1149 2381 1259 2437 acorda
1287 2381 1334 2437 nbi
1348 2382 1458 2438 lunam
1483 2382 1593 2439 habent
1617 2385 1710 2455 sparsi
1728 2399 1780 2456 per
1799 2385 1933 2438 unirersun

284 2473 314 2532 in
329 2471 422 2543 terris,
436 2472 679 2546 quemadmodum
694 2471 723 2526 in
737 2471 956 2527 cmlisnullaest
968 2471 1097 2528 rebellio.
1149 2494 1262 2550 corpus,
1287 2473 1335 2528 sed
1360 2473 1500 2544 precipue
1532 2485 1582 2544 per
1615 2473 1735 2529 arterias
1759 2475 1932 2537 commeantes,

283 2567 424 2634 Quoniam
440 2570 537 2624 antem
553 2566 683 2622 homines
696 2583 730 2621 ex
744 2581 807 2620 sese
825 2566 897 2622 nihil
918 2565 1025 2622 habent
1041 2565 1097 2621 rir-
1148 2571 1216 2628 licet
1229 2577 1259 2626 ct
1281 2569 1343 2624 aliis
1362 2565 1490 2638 partibus
1512 2565 1645 2621 omnibus
1667 2565 1762 2637 misti;
1778 2566 1806 2622 hi
1826 2567 1847 2620 ei
1863 2564 1934 2620 subito
1984 2561 1985 2632 l

284 2661 364 2730 tutia,
381 2659 520 2733 quidquid
534 2676 586 2733 per
607 2677 659 2716 nos
678 2662 755 2716 reete
771 2661 882 2734 geritur
903 2659 977 2718 cedit
995 2660 1025 2714 in
1040 2661 1100 2731 glo·
1149 2665 1272 2733 evolent,
1286 2663 1589 2734 mortcrnprcesentcm
1601 2657 1747 2716 afferunt:
1761 2659 1803 2715 sin
1815 2659 1934 2715 includan·
1984 2661 1985 2720 ξ

284 2759 357 2816 riam
376 2758 553 2830 Dei,etideo
574 2759 741 2815 thesaurum
765 2757 868 2814 divinae
889 2759 1100 2831 potentiaepro-
1149 2759 1296 2828 tur,lcnta
1311 2754 1498 2827 aegrotatione
1517 2758 1698 2808 consumunt
1717 2749 1936 2808 hominemhdest
1984 2735 1985 2814 l

283 2851 339 2910 anit
351 2852 493 2909 interdurn
510 2869 542 2908 ex
552 2852 623 2908 rasis
633 2849 730 2927 884
746 2851 892 2918 ilctilibus;
903 2852 1100 2908 utsublimltas
1149 2858 1178 2908 et
1191 2853 1296 2908 humor
1320 2847 1416 2922 885
1438 2846 1485 2920 qui
1496 2846 1650 2910 nutriretis,
1672 2862 1772 2918 quem,
1788 2850 1815 2902 ut
1828 2845 1933 2908 arbitror.
1984 2815 1985 2894 i

285 2947 322 3002 sit
333 2946 445 3003 virtutis
459 2945 519 3016 liei,
533 2951 562 3001 et
579 2963 635 3001 non
646 2963 679 3002 ea
691 2946 782 3002 nohis.
1147 2945 1252 3002 medici
1269 2943 1407 3017 phlegma
1420 2942 1530 3008 vocant,
1544 2955 1658 3012 sparsus
1667 2944 1696 2996 et
1711 2940 1771 3012 ipse
1783 2955 1833 3012 per
1845 2938 1931 2992 unirer-

321 3041 363 3097 lll.
376 3042 450 3113 Ergo
470 3056 634 3112 quanquam
653 3040 747 3096 omnis
759 3039 875 3112 piorum
889 3039 948 3096 rita
961 3039 1099 3113 martyrio
1149 3056 1212 3096 aum
1226 3055 1339 3110 corpus.
1354 3035 1441 3108 liujus
1467 3050 1552 3090 usum
1572 3050 1724 3105 nunquam
1744 3032 1873 3089 sentimus
1890 3030 1932 3085 eri·
1984 3021 1985 3038 ¹

285 3150 337 3192 sno
355 3133 494 3208 glorificat
512 3133 601 3188 iteum
622 3136 650 3188 et
667 3133 810 3190 Christum
830 3133 932 3190 Filium
961 3133 1023 3206 ejus
1039 3135 1099 3190 nul·
1150 3133 1366 3204 dentiusquam
1386 3132 1415 3186 in
1440 3131 1657 3202 sensugustus:
1683 3128 1739 3183 nisi
1759 3127 1832 3184 enim
1851 3123 1933 3180 hicad·
1984 3115 1985 3164 i

285 3227 346 3286 lum
368 3233 465 3283 tamen
481 3231 510 3282 et
536 3225 675 3282 illustrius
696 3225 893 3282 testimonium
913 3227 987 3299 apud
1007 3227 1099 3284 homi·
1152 3227 1252 3282 mistus
1274 3225 1311 3280 sit
1334 3225 1410 3281 inter
1428 3223 1558 3298 lingnam
1580 3227 1609 3278 et
1625 3222 1768 3296 palatum,
1781 3219 1880 3277 nullum
1894 3217 1932 3273 en'l

284 3337 449 3394 nonquam
467 3320 694 3392 sanguinis,hoe
719 3323 764 3376 eat
785 3319 849 3376 rite
876 3326 992 3394 propter
1010 3322 1101 3378 heum
1151 3319 1240 3393 palati
1256 3318 1410 3392 judicium.
1429 3319 1464 3373 Et
1485 3320 1582 3372 tamen
1601 3315 1664 3372 haee
1683 3315 1725 3372 sic
1744 3314 1825 3370 mista
1843 3311 1932 3368 suntin
1984 3325 1985 3392 p

286 3417 462 3488 contemptas
474 3417 501 3470 ci
515 3414 614 3470 mortis
631 3413 742 3470 fortiter
755 3413 890 3470 toleratae.
906 3413 1103 3494 Reddiderunt
1160 3414 1287 3485 homine,
1299 3416 1332 3469 nt
1346 3429 1401 3468 non
1416 3410 1577 3483 aitsanguis
1589 3408 1699 3482 absque
1713 3407 1817 3482 Spiritu
1827 3407 1934 3479 etpbleg·
1984 3425 1985 3488 J

286 3515 317 3570 et
335 3508 474 3564 miracula
490 3505 962 3580 testimoniumdivinaepotentiae,
979 3525 1112 3581 praesen·
1153 3514 1239 3577 mate,
1269 3511 1298 3563 et
1324 3505 1431 3577 pariter
1451 3503 1489 3560 ad
1517 3501 1656 3558 tuendam
1691 3503 1779 3559 vitam
1809 3500 1934 3556 comerent
1984 3515 1985 3524 ¹

284 3605 337 3664 tim
357 3603 432 3677 apud
452 3600 615 3681 incredulos
634 3616 641 3656 τ
657 3617 724 3658 nam
742 3601 787 3658 his
812 3602 925 3674 proprie
951 3601 1017 3658 data
1037 3607 1102 3660 sunt
1151 3599 1261 3658 omnia.
1275 3599 1411 3656 Videmus
1438 3597 1555 3670 quodvis
1569 3597 1675 3652 animal
1695 3596 1769 3653 mori
1782 3595 1933 3663 simulatque

287 3702 382 3772 sigeia,
410 3694 654 3774 quemadmodum
684 3695 783 3750 scribit
805 3693 905 3752 beatus
934 3696 1101 3768 Apostolum
1152 3695 1268 3770 sanguis
1294 3691 1508 3762 ciilrrrerit;et,
1535 3696 1709 3764 consrrmpto
1730 3692 1845 3746 humore
1868 3699 1933 3759 quen

286 3793 335 3852 sed
362 3806 477 3864 semper
492 3788 635 3846 eilleacius
655 3789 710 3844 init
730 3787 878 3862 sanguinis
898 3789 1006 3862 prolusi
1026 3789 1103 3846 testi·
1152 3787 1416 3846 medicirndtcolem
1442 3773 1552 3854 nocant,
1563 3785 1717 3843 annaliter
1742 3783 1855 3841 moritur
1870 3781 1934 3836 bono

289 3886 432 3946 muniunt.
455 3885 529 3951 erot
549 3882 662 3940 morbos
685 3882 860 3940 insanabiles
881 3882 969 3940 verbo
988 3891 1103 3940 sanarat
1152 3898 1239 3956 quam
1266 3878 1455 3952 exstinguitur
1478 3879 1594 3936 lucerna
1622 3879 1792 3951 consumpto
1811 3875 1874 3931 oleo.
1894 3869 1934 3926 Sed

287 3976 437 4038 Dominnsl
459 3984 529 4052 quot
554 3993 644 4034 caecos
674 3972 848 4035 illustrarat!
877 3980 950 4050 quot
975 3993 1101 4048 mancos,
1151 3975 1273 4032 nimium
1288 3973 1336 4030 diu
1356 3989 1503 4030 moramur
1522 3971 1552 4028 in
1577 3971 1819 4044 contemplatione
1830 3969 1934 4028 natura3

286 4073 458 4148 paralyticos
470 4089 502 4130 ac
517 4071 624 4128 debiles
639 4071 800 4128 restituerat
811 4071 819 4126 l
830 4076 902 4144 quot
912 4071 1056 4128 exanimes
1067 4073 1102 4129 ad
1153 4069 1231 4145 quod
1246 4075 1343 4126 tamen
1358 4085 1417 4124 non
1433 4066 1574 4124 inutiliter
1585 4059 1934 4138 iactumopinoranobis.ui

285 4166 372 4224 ritum
387 4164 550 4224 revocarat!
564 4167 599 4220 Et
611 4171 707 4220 umen
722 4165 802 4238 pauci
818 4165 972 4222 eredebant
987 4165 1102 4237 insum,
1152 4163 1303 4220 dilucidius
1316 4162 1365 4218 ilat
1376 4161 1510 4218 charitati
1527 4162 1630 4216 vestrm
1646 4157 1812 4233 mysterium
1832 4173 1856 4213 rn
1876 4151 1934 4222 culn

287 4267 316 4318 et
337 4260 470 4316 audiebat
498 4274 505 4314 ε
530 4261 563 4313 ln
586 4259 732 4316 Beelzebub
746 4259 825 4330 ejttt't
846 4259 981 4318 deamata
1006 4260 1101 4333 ibon,
1152 4256 1395 4330 contemplatione
1411 4255 1475 4312 ideo
1494 4270 1642 4312 versamur
1668 4252 1819 4323 lubentius,
1833 4250 1891 4322 quia
1904 4259 1934 4298 sa·

286 4351 558 4423 milidunenses,
574 4349 624 4406 ubi
652 4355 769 4406 ventum
791 4358 834 4407 est
859 4352 896 4410 ad
919 4353 1100 4426 sanguinem,
1152 4349 1272 4408 lubrius.
1286 4351 1355 4406 Nam
1373 4349 1458 4422 juxta
1480 4352 1590 4406 nature
1614 4347 1872 4412 considerationem,
1884 4343 1933 4396 tunt

286 4444 328 4504 ibi
336 4444 480 4518 dejectum
497 4447 541 4502 est
566 4443 680 4500 mnne
699 4460 834 4517 regnum,
848 4445 888 4502 ibi
914 4446 1046 4502 subactus
1060 4451 1104 4504 est
1152 4447 1205 4502 ista
1218 4461 1356 4517 magnam
1370 4443 1429 4500 vim
1444 4429 1548 4507 habent
1565 4443 1671 4499 carmin
1690 4443 1754 4498 uiro
1777 4451 1881 4511 corpore
1896 4443 1932 4486 sut

286 4540 420 4600 mundos.
440 4543 654 4598 Commemorat
668 4544 696 4596 et
712 4541 837 4596 loannes
853 4539 1028 4612 evangeliste
1050 4542 1101 4598 tri-
1111 4535 1141 4610 D
1152 4540 1250 4596 munia
1270 4542 1421 4612 peragunt,
1435 4554 1478 4608 ae,
1485 4538 1568 4609 juxta
1579 4537 1730 4610 mysticam
1742 4525 1930 4609 philosophiam·

286 4637 352 4712 pler
365 4635 395 4692 in
417 4642 495 4693 terra
512 4631 718 4702 testimonium,
742 4633 875 4706 Spiritus,
890 4651 964 4708 aqna
990 4638 1018 4690 et
1036 4652 1101 4694 san·
1151 4634 1349 4690 tunedemum
1371 4633 1529 4705 plurimum
1550 4631 1645 4687 ralent
1666 4646 1732 4687 cum
1752 4642 1848 4702 corpus
1870 4619 1931 4677 relio-

288 4730 360 4804 guie,
377 4729 456 4803 quod
478 4727 708 4785 elilcacissimum
723 4733 766 4784 est
785 4733 929 4800 postremo
951 4745 1103 4788 recensens
1151 4733 1252 4802 quunt,

286 4823 358 4884 loco.
379 4823 517 4896 Spiritum
543 4823 573 4878 in
599 4821 738 4878 columbe
764 4821 857 4895 specie
883 4822 1102 4882 descendentem
1188 4825 1233 4880 Vl.
1255 4823 1346 4880 Nemo
1365 4820 1483 4878 miratus
1504 4825 1548 4877 est
1566 4821 1719 4878 hominum
1737 4819 1856 4876 humano
1871 4819 1929 4866 more

286 4931 375 4992 super
399 4918 495 4976 lesum
518 4917 613 4972 ridere
638 4915 743 4973 meruit
763 4917 887 4972 ioannes
910 4917 1053 4990 Bnplisla3
1067 4937 1103 4976 an
1153 4917 1309 4990 spirantem
1320 4933 1353 4972 ac
1373 4916 1578 4987 respirantem:
1597 4917 1657 4985 sed,
1676 4930 1744 4971 eum
1762 4913 1791 4970 in
1804 4901 1928 4966 cruscula·

286 5010 335 5068 alii
372 5009 495 5080 viderint
526 5011 679 5066 incertum.
705 5013 788 5072 Certe
817 5009 872 5067 boc
906 5009 1101 5071 testimonium
1153 4995 1235 5070 rnore
1256 5009 1505 5068 rnlidoemisiaset
1523 5009 1765 5084 spiratnrh,simul
1782 5001 1928 5062 intellectum

286 5104 387 5163 loanni
403 5098 563 5174 detumeat,
593 5119 650 5178 qno
677 5103 822 5161 desineret
842 5103 973 5160 dubitare
989 5103 1024 5162 de
1047 5106 1101 5174 llos
1152 5110 1194 5162 est
1205 5105 1284 5162 illurn
1295 5111 1324 5162 et
1336 5120 1433 5160 rerum
1448 5103 1535 5160 luhse
1556 5103 1703 5160 bominem
1718 5106 1748 5157 et
1762 5113 1851 5156 rernm
1861 5094 1928 5148 mnu

288 5198 369 5268 anino
384 5199 448 5254 iesu
469 5214 505 5254 an
520 5197 570 5254 ille
591 5201 666 5254 esset
692 5198 743 5270 qni
771 5197 929 5270 baptizaret
944 5198 1050 5274 Spiritu
1074 5206 1121 5258 et,
1152 5198 1309 5268 hominem,
1323 5199 1487 5272 qnodjuxta
1504 5204 1616 5257 naturae
1635 5197 1764 5256 ordinem
1775 5199 1802 5251 et
1822 5185 1929 5248 abirita-

224 5309 226 5313 ’
288 5286 361 5362 lpnl.
376 5291 465 5363 Aquae
487 5288 682 5347 testimonium
701 5289 772 5346 vidit
784 5292 905 5348 loannes
919 5294 1101 5366 evangeliste,
1156 5293 1212 5350 lem
1236 5293 1337 5350 ilatum
1361 5294 1512 5366 emisisset,
1528 5279 1622 5350 ‘dedit
1635 5294 1742 5362 vivere3
1759 5291 1850 5353 Deum,
1867 5271 1927 5354 quod

285 5393 341 5442 nee
366 5384 434 5440 satis
462 5385 574 5441 mactat
590 5383 704 5440 mluena
726 5383 887 5456 sideriten
908 5401 974 5443 cum
995 5377 1101 5446 multis.
1152 5386 1314 5444 aimulcum
1328 5387 1578 5462 ingenticlamore
1600 5393 1729 5445 mortuns
1748 5379 1927 5453 estdesltrtflt

289 5477 360 5536 Erat
369 5476 488 5552 quidem
509 5477 564 5535 hoe
585 5477 689 5552 ingens
714 5477 883 5551 mysterium
907 5481 979 5537 sacri
999 5481 1103 5540 hraeri
1152 5499 1182 5539 se
1202 5483 1345 5542 volentem
1359 5484 1847 5560 cespontanenm‘deponerevitarn
1867 5465 1926 5550 nibil

985 5615 1160 5684 Variacum
1175 5624 1276 5685 nota

310 5713 352 5782 it)
363 5717 416 5772 Aul
430 5711 488 5769 ideo
501 5727 584 5770 canna
602 5715 727 5770 dicuntur
742 5734 803 5786 esse,
819 5725 873 5775 etc.
887 5717 1024 5775 Nimirum
1038 5739 1104 5778 eon·
1152 5727 1240 5792 aliter,
1254 5729 1289 5781 de
1308 5730 1415 5784 unitate
1432 5729 1529 5798 Patris,
1543 5727 1607 5798 Filii
1624 5733 1653 5788 et
1669 5729 1780 5800 Spiritus
1799 5723 1873 5782 emeli
1891 5721 1924 5772 il·

285 5789 371 5843 sentit
382 5789 445 5842 baee
462 5789 598 5856 expositio
609 5787 834 5844 adnotationibus
849 5791 968 5856 Erasini,
982 5795 1012 5848 in
1027 5795 1104 5850 hunc
1152 5801 1325 5866 terpretatur,
1341 5802 1412 5856 libro
1425 5804 1459 5857 de
1474 5807 1542 5862 linit.
1554 5801 1680 5860 aarum
1696 5796 1873 5860 secedendi
1884 5803 1924 5848 ii*

285 5857 417 5932 itpletoite'
432 5859 548 5916 ioannis
570 5860 678 5926 locum
691 5861 829 5930 ipsoram
846 5863 1003 5934 Cyprianus
1022 5867 1104 5937 longe
1152 5871 1233 5946 tetes.
1246 5871 1357 5948 Parasi..
