4080 6200
307 280 354 334 arr
702 249 708 260 '
762 270 790 324 a.
812 265 1124 326 crenraaroennon
1147 265 1232 322 raas
1253 241 1529 324 r.-'-ar1sronn.
1584 305 1586 310 ,
1740 313 1745 320 ,
1917 271 1963 339 555

333 405 466 474 martyrio
485 415 532 457 sao
544 399 594 455 tibi
608 413 642 454 ea
662 397 755 468 aliquo
768 397 899 454 debitores
918 398 989 463 facti
1003 411 1057 451 esse
1070 399 1112 450 oi·
1126 406 1151 480 A
1164 394 1193 448 in
1208 393 1335 450 oratioue
1345 392 1527 462 meministis,
1536 389 1591 464 qni
1607 390 1775 464 spirantes⁸³
1787 391 1837 461 (56)
1844 392 1900 462 jam
1913 395 1964 448 sota

336 497 464 551 deantur.
485 514 499 542 n
1165 487 1288 544 coelestia
1312 492 1341 543 et
1362 491 1476 542 tantum
1503 485 1599 541 divina
1613 483 1668 556 (59)
1685 485 1858 553 meditantes,
1871 487 1903 540 ad
1915 487 1963 541 las-

333 595 355 646 1.
368 589 525 662 Cyprianus
538 587 623 658 Haysi
646 587 675 640 ei
693 585 811 641 Harimo
836 584 1009 658 presbyteris
1023 589 1051 639 et
1064 601 1114 639 555
1164 581 1236 653 tigia
1251 580 1371 636 celsiora
1395 597 1477 636 mora
1497 580 1559 652 ipsa
1580 578 1720 650 passionis
1741 577 1894 648 ascenditis,
1909 581 1964 634 lou-

298 685 367 741 teris
392 681 599 738 confessoribus
624 679 760 735 iratribus
782 680 912 734 salutem.
939 681 973 736 Et
1000 684 1115 733 cunctos
1169 690 1263 747 goque
1284 680 1445 746 temporum
1466 674 1554 730 ductu
1574 672 1676 744 glorias
1702 675 1806 727 vestras
1824 673 1966 728 nontrahi-

296 795 346 834 vos
370 778 478 850 pariter
500 781 529 832 et
553 774 679 846 singulos
715 772 929 845 repraesentavit
969 771 1115 830 attactibus
1164 768 1202 824 tis
1213 768 1237 804 ⁸⁴
1249 767 1314 840 (66),
1335 766 1386 826 sed
1408 767 1529 838 augetis.
1546 766 1663 821 beatum
1686 763 1750 820 lauit
1768 765 1856 835 prima
1874 769 1901 820 et
1914 782 1966 821 una

298 872 414 941 nostris,
446 871 548 926 iratres
575 861 746 935 charissimi,
771 865 917 922 Celerinus
942 865 1000 938 (53)
1034 865 1115 920 adve-
1165 861 1312 918 comenia.
1327 862 1381 917 Vos
1401 861 1484 916 toties
1509 858 1685 915 confitemini
1705 858 1822 930 quoties,
1842 859 1967 930 rogatiut

298 968 390 1034 niens,
405 969 434 1021 et
446 963 512 1019 fidei
528 979 561 1018 ac
575 962 687 1017 rimatis
708 966 809 1016 vestrae
830 975 937 1028 comes,
959 965 988 1014 et
1008 958 1114 1030 glorio-
1165 955 1200 1010 de
1211 969 1327 1010 carcere
1339 953 1489 1021 renudatis,
1505 967 1651 1008 carcerem
1671 950 1729 1006 tide
1751 956 1780 1006 et
1792 951 1890 1006 virtute
1901 967 1965 1024 pra·

300 1061 337 1114 sis
378 1056 628 1130 congressionibus
649 1057 673 1090 ⁷⁰
709 1052 805 1127 265
842 1053 889 1108 liei
924 1053 1016 1110 miles.
1051 1051 1115 1107 Uni·
1166 1047 1280 1120 eligitis.
1294 1045 1740 1118 Toivestraelaudesquotdies3
1757 1048 1826 1116 quot
1841 1045 1965 1101 mensium

299 1169 394 1209 versos
430 1168 479 1207 vos
518 1149 564 1206 illo
613 1149 666 1220 (ti)
718 1147 851 1203 veniente
895 1147 1113 1218 conspeximus,
1166 1141 1318 1210 curricula,
1332 1145 1374 1197 tot
1393 1142 1573 1197 incrementa
1597 1139 1777 1222 meritorum.
1795 1138 1883 1194 Semel
1893 1139 1968 1194 vineit

300 1253 329 1303 et
342 1262 407 1303 cum
425 1244 628 1300 5555553555Π
653 1241 727 1297 eirea
747 1256 792 1296 me
815 1245 936 1296 vestram
950 1239 1070 1294 dulciter
1083 1255 1116 1296 aa
1166 1235 1326 1308 quistatim
1342 1233 1439 1308 26ss
1448 1232 1575 1306 patitur:
1591 1237 1621 1288 at
1636 1231 1684 1304 qui
1700 1246 1821 1286 maneus
1831 1231 1854 1268 ⁸⁵
1866 1245 1967 1304 semper

300 1355 377 1413 saepe
389 1341 566 1412 loqueretur,
580 1337 609 1391 iu
630 1335 693 1407 ejus
717 1333 898 1390 sermonibus
911 1350 961 1388 vos
980 1333 1114 1390 audieba-
1165 1327 1195 1383 iu
1209 1328 1299 1400 poenis
1312 1327 1498 1400 congreditur
1507 1343 1572 1383 cum
1588 1326 1683 1382 dolore
1698 1341 1752 1382 nec
1765 1324 1894 1393 vincitur,
1907 1341 1966 1396 quo

301 1451 375 1490 mus.
391 1433 464 1489 Satis
477 1448 509 1487 ac
520 1429 678 1502 plurimum
694 1427 805 1500 gaudeo
819 1427 933 1500 quaudo
946 1444 963 1482 a
976 1426 1055 1482 robis
1065 1443 1116 1499 per
1165 1423 1232 1480 tidie
1247 1429 1409 1480 coronatur.

300 1529 370 1584 tales
393 1525 462 1582 talia
484 1523 679 1596 perferuntur.
703 1521 855 1577 Vobiscum
876 1521 931 1576 ihic
952 1519 982 1576 in
1002 1535 1116 1576 carcere

300 1621 425 1693 quodam
448 1617 587 1674 modoet
609 1632 661 1671 nos
684 1631 793 1678 sumus,
817 1614 919 1670 divinae
941 1613 1116 1686 dignationis
1200 1611 1235 1667 ll.
1252 1613 1323 1668 Haut
1336 1627 1411 1666 nuuc
1435 1611 1619 1684 magistratus
1642 1615 1670 1668 et
1690 1611 1819 1667 consules
1841 1608 1963 1682 sivepro-

53 1725 69 1776 ,ἵ
110 1685 114 1694 ⁸
186 1713 191 1730 ⁸
302 1717 472 1770 ornamenta
499 1711 554 1784 (55)
576 1709 720 1765 vobiscum
749 1709 855 1764 sentire
881 1723 935 1763 nos
962 1707 1114 1776 credimus,
1166 1705 1307 1775 consules,
1329 1721 1432 1761 annuae
1452 1704 1597 1778 dignitatis
1610 1703 1771 1776 insignibus
1787 1708 1814 1759 et
1828 1703 1965 1760 duodecim

301 1807 349 1880 qui
365 1807 403 1862 sic
419 1805 520 1861 vestris
538 1802 669 1858 cordibus
694 1801 874 1857 adhaeremus
885 1801 919 1855 ⁷⁸.
943 1800 1048 1856 Honori
1063 1791 1154 1862 nosB
1165 1796 1286 1855 fascibus
1296 1798 1465 1870 glorientur.
1483 1800 1552 1854 Ecce
1574 1791 1701 1870 dignita
1721 1797 1842 1854 aoelestis
1855 1797 1884 1851 iu
1896 1796 1965 1850 robis

300 1904 392 1956 vestro
413 1899 533 1955 charitas
551 1902 646 1953 vestra
661 1897 685 1933 ⁷⁹
712 1894 862 1951 individua
889 1894 1042 1964 connectit,
1071 1910 1114 1950 55-
1165 1891 1283 1947 honoris
1296 1891 1586 1963 anuuittllelaritate
1603 1891 1716 1964 signata
1738 1896 1781 1946 est
1794 1888 1859 1961 (bi),
1875 1891 1965 1961 etjam

300 1989 395 2063 parari
412 1990 436 2025 ⁸⁰
461 1986 641 2044 dilectionem
665 1985 780 2057 spiritus
801 2001 859 2040 nou
880 1983 956 2040 sinit.
981 1985 1035 2040 Vos
1057 1985 1115 2040 illic
1165 1986 1334 2042 revertentis
1347 1985 1415 2042 anni
1429 1985 1581 2042 volubilem
1597 1985 1733 2042 circulum
1744 1984 1865 2040 victricis
1879 1982 1967 2055 glorie

300 2082 450 2150 confessio,
478 2083 557 2138 55581
584 2080 696 2136 affectio
718 2079 846 2134 includit.
869 2080 903 2134 at
922 2094 973 2133 nos
996 2078 1114 2152 quidem
1165 2077 1350 2136 diuturnitate
1364 2081 1541 2150 transgressa
1560 2081 1614 2136 est.
1634 2079 1816 2136 lHuminabat
1838 2077 1967 2132 mundum

299 2177 384 2232 rastri
398 2176 495 2232 diebus
518 2179 553 2230 aa
572 2173 702 2230 noctibus
727 2188 880 2240 memores,
906 2171 1061 2244 siquando
1084 2170 1114 2226 in
1165 2171 1206 2228 sol
1221 2171 1316 2228 oriens
1329 2175 1358 2227 et
1371 2171 1631 2250 lunadecurrens:
1654 2172 1703 2228 sed
1724 2171 1805 2227 robis
1826 2170 1901 2225 idem
1923 2168 1966 2240 qui

299 2269 443 2326 sacriileiis
455 2284 569 2340 precem
583 2283 648 2323 cum
663 2265 792 2339 pluribus
817 2265 947 2336 iacimus,
966 2268 996 2321 et
1007 2281 1072 2320 cum
1085 2265 1114 2319 in
1165 2265 1253 2321 solem
1271 2265 1339 2322 lacit
1352 2271 1379 2321 et
1389 2266 1497 2336 lunam,
1507 2265 1601 2337 majus
1614 2267 1646 2322 iu
1658 2280 1773 2322 carcere
1789 2265 1886 2320 lumen
1899 2262 1948 2319 luit
1961 2279 1966 2328 ;

300 2379 410 2419 secessu
432 2360 486 2432 (56)
516 2361 630 2432 privatis
649 2359 779 2431 precibus
802 2375 926 2426 oramus,
951 2359 1062 2414 coronis
1082 2373 1115 2413 ac
1166 2362 1195 2414 et
1212 2358 1242 2414 in
1264 2359 1349 2416 corde
1370 2375 1404 2415 aa
1426 2359 1571 2416 mentibus
1594 2359 1693 2416 vestris
1714 2357 1820 2414 Christi
1840 2355 1967 2412 claritudo

298 2457 428 2512 laudibus
442 2455 541 2510 vestris
554 2456 670 2526 plenam
686 2451 837 2508 abomino
851 2452 1007 2508 larentiam
1022 2452 1045 2488 ³¹
1058 2451 1114 2524 (57)
1164 2452 1359 2524 resplendens,
1383 2452 1534 2509 horribiles
1555 2453 1663 2509 eatenis
1684 2451 1739 2525 (63)
1753 2457 1840 2524 atqua
1851 2452 1968 2508 funestas

297 2551 480 2624 postulamus.
497 2548 549 2604 Sed
563 2546 600 2602 ad
614 2545 792 2602 reddendam
807 2544 887 2602 vobis
907 2545 998 2602 ricem
1019 2545 1115 2602 minor
1164 2547 1284 2617 poeualis
1298 2546 1353 2603 loci
1374 2542 1509 2603 tenebras
1529 2550 1637 2602 aterna
1651 2545 1699 2602 illa
1717 2551 1745 2602 et
1769 2544 1891 2602 candida
1911 2544 1967 2599 luce

297 2650 340 2702 est
354 2646 450 2700 nostra
463 2640 658 2698 mediocritas.
674 2640 739 2696 Plus
754 2655 804 2694 ros
815 2639 889 2695 detis
901 2639 1014 2712 quando
1024 2639 1114 2695 nostri
1164 2639 1294 2696 radiavit.
1308 2642 1363 2697 Per
1377 2640 1585 2698 vicissitudines
1597 2640 1740 2697 mensium
1754 2639 1810 2711 lbi)
1825 2643 1969 2695 transmea-

978 2768 1082 2833 Variae
1111 2768 1277 2835 lectiones.

328 2887 350 2925 ⁷⁸
360 2886 563 2954 congressibus
576 2887 655 2938 Onon.
689 2884 710 2919 ⁷⁷
725 2885 925 2937 Deicharitate
941 2884 1015 2936 Cori.
1049 2885 1257 2939 ⁷⁸1nhasremus
1273 2889 1350 2939 oron
1381 2887 1404 2922 ²⁹
1419 2889 1518 2942 Nostra
1528 2887 1606 2940 aior.
1639 2886 1887 2952 81’855555555555
1904 2885 1968 2935 ban.

297 2959 557 3014 Μ3655555556.
590 2959 612 2994 ⁸⁸
626 2958 740 3010 Domini
759 2957 911 3008 larentiam
930 2957 1000 3006 mn.
1021 2957 1083 3008 eoa.
1103 2956 1126 3008 3.
1145 2958 1200 3008 Nc.
1219 2961 1241 3008 i.
1265 2959 1289 3009 3.
1312 2959 1369 3010 Lin.
1402 2959 1424 2994 θ’
1440 2958 1590 3024 sperantes
1611 2957 1674 3010 bad.
1694 2960 1718 3011 l.
1743 2958 1802 3008 Vnt.
1823 2957 1882 3007 Tau.
1901 2953 1968 3005 Cart.

299 3032 321 3068 ⁸⁴
335 3030 505 3085 Subtrahitis
521 3029 582 3080 Bud.
597 3030 620 3081 l.
638 3028 698 3078 rna.
718 3028 787 3078 Fore.
801 3025 876 3078 corb.
910 3026 931 3061 ⁸⁵
943 3026 1058 3080 Manena
1068 3027 1096 3077 in
1108 3026 1212 3092 praeliis
1225 3028 1295 3080 tun.

949 3133 1063 3217 Steph.
1087 3133 1211 3199 Bnluaii
1231 3139 1329 3200 notae.

328 3274 377 3339 (53)
404 3272 547 3324 Celerinae.
575 3269 663 3335 Cujus
695 3269 820 3336 egregiae
857 3267 954 3320 laudes
991 3269 1265 3358 comme-Chensus
1281 3271 1311 3320 in
1332 3271 1453 3324 editione
1473 3237 1636 3337 anglicana.
1660 3271 1697 3324 tte
1719 3276 1815 3324 655555
1837 3274 1970 3324 auctorem

296 3348 387 3398 morat
410 3347 525 3394 sanctus
550 3341 708 3406 Cyprianus
730 3341 809 3404 epist.
834 3339 874 3400 36,
892 3339 927 3390 nd
956 3340 1062 3391 clerum
1083 3347 1111 3392 et
1162 3341 1246 3406 huyne
1277 3342 1404 3393 lectionis
1428 3342 1527 3394 hahuit
1548 3343 1700 3395 editionem
1724 3343 1922 3404 Manutianam,
1944 3343 1970 3390 iu

55 3379 126 3456 d·
192 3449 194 3460 ι
295 3417 406 3484 piebem
435 3417 505 3479 (pag.
532 3415 583 3474 tr),
608 3417 636 3463 et
662 3413 743 3475 cujus
777 3409 981 3474 perhonorifice
1008 3413 1114 3463 mentio
1163 3425 1218 3476 qua
1233 3413 1272 3464 ite
1293 3414 1427 3478 seriptum
1451 3415 1501 3474 est,
1528 3413 1610 3478 eique
1631 3414 1776 3479 scripturae
1802 3413 1972 3465 consentiunt

296 3488 414 3539 hahetur
437 3486 465 3536 in
486 3483 603 3548 epistola
620 3482 741 3535 Cornelii
762 3495 841 3546 papa
859 3481 894 3532 ad
916 3480 1033 3532 Fabium
1051 3485 1114 3547 epi·
1163 3497 1264 3535 norem
1292 3489 1384 3536 vetera
1416 3485 1593 3549 exemplaria.
1620 3485 1693 3537 Sane
1722 3499 1779 3536 vox
1807 3485 1972 3541 hortamento,

296 3571 412 3623 scopum
425 3554 629 3606 Antiochenam
644 3553 718 3618 apud
731 3551 952 3614 Eusebiumlib.
965 3566 1003 3614 vr,
1013 3556 1113 3619 capiti
1164 3570 1248 3621 quam
1275 3557 1426 3620 praeierunt
1447 3559 1554 3608 veteres
1571 3556 1708 3608 editiones
1732 3561 1760 3608 et
1790 3556 1887 3608 decem
1911 3555 1971 3604 item

295 3629 419 3682 Historia
435 3625 613 3677 ecclesiastica
632 3625 744 3688 scripta,
760 3627 792 3673 ut
811 3623 918 3688 opinor,
939 3636 972 3674 eo
991 3627 1114 3688 tempore
1164 3631 1257 3678 vetera
1295 3627 1473 3690 exemplaria,
1505 3626 1579 3678 hona
1596 3641 1658 3679 esee
1680 3631 1777 3692 potest.
1807 3628 1887 3678 illam
1913 3637 1972 3689 ergo

296 3714 353 3765 quo
365 3699 510 3750 Celerinus
532 3701 591 3746 erat
609 3695 683 3760 apud
708 3695 878 3746 Cornelium.
894 3694 1016 3745 Omnino
1038 3697 1113 3746 enim
1163 3697 1284 3762 praetulit
1296 3697 1473 3749 Heinhartue.
1495 3696 1629 3762 adjuvari
1652 3703 1745 3750 autem
1765 3700 1859 3763 potest
1876 3710 1909 3747 ex
1924 3695 1973 3745 hoc

296 3772 386 3824 sentio
406 3783 470 3820 cum
489 3768 677 3818 illustrissimo
698 3765 836 3816 cardinale
867 3765 983 3816 Beronio
1006 3765 1114 3817 Celeri·
1163 3768 1226 3820 loco
1244 3768 1306 3818 libri
1328 3769 1360 3819 de
1380 3769 1473 3832 tapete
1490 3769 1558 3832 (pag.
1582 3769 1638 3832 tea)
1654 3785 1660 3818 :
1675 3787 1689 3816 5
1701 3769 1833 3834 Episcopi
1858 3766 1973 3832 plurimi,

295 3856 364 3893 num
393 3842 421 3890 in
440 3839 494 3890 hac
512 3838 634 3889 Cornelii
658 3837 774 3900 epistola
798 3835 953 3899 laudatum,
972 3849 1037 3888 eum
1052 3849 1113 3889 ease
1163 3852 1234 3904 quos
1250 3844 1278 3890 et
1297 3839 1473 3890 hortamento
1495 3852 1557 3891 esse
1580 3844 1688 3904 oportet
1710 3840 1820 3892 caeteris
1844 3845 1871 3890 et
1888 3851 1973 3890 exem·

295 3909 507 3976 quiiuitleator
524 3908 651 3958 ecclesian
670 3904 904 3970 Carthaginiensis.
920 3906 993 3957 illud
1020 3913 1113 3958 autem
1162 3910 1246 3974 plo.»
1556 3965 1557 3970 η

296 3983 385 4033 obiter
409 3979 575 4038 admonebo,
594 3978 748 4028 Marianum
771 3978 926 4028 Victoriam
950 3978 978 4028 in
998 3977 1113 4029 adnota-
1195 3982 1244 4044 (56)
1257 3981 1408 4033 laeeeeeeu.
1422 3983 1480 4032 Duo
1492 3981 1556 4032 iibri
1569 3986 1675 4034 veteres
1698 3980 1803 4033 habent
1818 3983 1848 4032 in
1871 3983 1973 4042 semeio,

293 4052 417 4103 tionibus
441 4050 499 4100 suis
524 4049 559 4101 ad
574 4062 656 4114 opera
669 4048 757 4098 sancti
773 4047 936 4113 Hieronymi
954 4049 1113 4100 contudisse
1162 4050 1238 4116 quod
1265 4053 1376 4103 ridetur
1397 4054 1505 4104 melius.
1527 4053 1562 4104 Et
1582 4057 1675 4105 tamen
1698 4057 1806 4104 mutare
1827 4053 1972 4110 noluimus,

293 4123 371 4174 huuc
391 4122 509 4172 Fabium
529 4119 691 4185 eplseopum
715 4119 922 4170 antiochenum
951 4133 1015 4172 cum
1046 4120 1113 4171 Fla·
1164 4124 1230 4187 quia
1251 4136 1348 4174 omnes
1377 4125 1433 4176 lere
1456 4122 1521 4175 libri
1540 4128 1648 4176 veteres
1669 4129 1696 4176 et
1721 4135 1820 4175 omues
1845 4123 1973 4174 editiones

293 4197 376 4248 viano
399 4195 529 4258 episcopo
562 4191 878 4254 Constantinopolitano,
912 4194 992 4256 eujus
1026 4193 1113 4242 multa
1162 4193 1305 4244 habentia
1319 4207 1427 4246 5555555.

294 4266 401 4316 mentio
412 4265 441 4313 in
456 4262 575 4314 concilio
589 4261 729 4325 Ephesiae
741 4265 770 4312 et
792 4262 821 4310 in
837 4261 1066 4314 chalcedonensi.
1081 4263 1113 4312 lu
1195 4266 1275 4328 (titia
1302 4266 1409 4316 Domina
1436 4265 1586 4330 sacristiam.
1603 4265 1720 4318 Codices
1747 4264 1925 4317 Carnutensis
1948 4267 1973 4314 et

295 4336 371 4386 hunc
385 4348 507 4385 errorem
521 4332 653 4383 inductus
674 4336 717 4383 est
734 4332 776 4381 vir
796 4331 973 4384 doctissimus
995 4347 1030 4385 ex
1044 4333 1113 4384 ialsa
1162 4336 1309 4388 beccensis
1330 4337 1434 4388 hahent
1451 4337 1556 4387 Domini
1573 4337 1728 4401 [ocentiam.
1750 4337 1851 4388 Festus
1870 4352 1876 4385 ι
1899 4354 1913 4382 «
1925 4335 1972 4385 Fa-

296 4407 418 4458 lectione
443 4418 505 4469 quae
530 4403 684 4467 antiquitas
713 4403 822 4467 irrepsit
843 4403 872 4452 in
893 4404 996 4455 librum
1023 4405 1113 4456 sancti
1162 4410 1255 4458 nentia
1269 4407 1372 4458 bonam
1387 4409 1541 4459 orationem
1557 4407 1973 4473 significatehcciuaOEnom,

295 4477 460 4540 Hieronymi
473 4475 505 4526 de
525 4474 594 4525 Viris
608 4472 766 4536 illustribus,
783 4473 831 4523 ubi
843 4477 978 4539 scriptum
991 4481 1032 4526 est
1041 4475 1112 4528 Cor·
1162 4479 1236 4544 apud
1250 4480 1370 4529 Nonium
1383 4479 1541 4530 Marcellum
1559 4494 1564 4528 :
1578 4498 1592 4526 «
1606 4478 1744 4530 Omnibus
1761 4480 1860 4530 inustis
1877 4490 1973 4541 aecep-

295 4547 402 4600 nellum
414 4559 514 4611 papam
541 4544 684 4609 scripsisse
708 4548 827 4608 quatuor
849 4545 979 4608 epistolas
1002 4545 1037 4596 ad
1051 4545 1114 4598 Fla·
1165 4553 1221 4600 tum
1236 4549 1356 4600 habeant
1365 4550 1549 4602 inventiam.»
1567 4550 1614 4602 Sic
1624 4551 1699 4602 enim
1710 4553 1783 4601 recte
1796 4549 1874 4601 huuc
1886 4551 1974 4600 locum

297 4621 412 4671 sianum
433 4618 594 4680 episcopum
617 4615 841 4677 antiochenum
867 4629 917 4680 pro
941 4631 998 4681 quo
1023 4609 1493 4680 veteraDemendavitHadrianus
1506 4621 1615 4672 iunius.

296 4690 373 4743 iliius
387 4689 450 4741 libri
463 4687 635 4751 exemplaria
648 4690 821 4750 etpostrema
835 4686 1114 4750 Hieronymianorum
1197 4692 1247 4754 (56)
1286 4691 1431 4756 spirantes.
1467 4693 1563 4743 Codex
1597 4692 1784 4754 Carnotansis,
1820 4695 1973 4756 mannire:

296 4775 411 4826 operum
427 4759 511 4812 editio
529 4761 604 4809 recte
627 4756 732 4808 habent
751 4757 887 4821 scriptum
906 4771 1008 4810 nomen
1025 4758 1113 4810 Fabii.
1165 4762 1297 4814 Maiensis
1311 4766 1399 4815 sancti
1412 4764 1559 4828 arnulphi,
1572 4764 1703 4829 spirantes
1716 4761 1756 4814 aei
1771 4769 1916 4827 5555555555.

296 4834 389 4896 Hujus
411 4844 492 4898 porro
518 4829 639 4880 Celerini
661 4828 777 4892 epistola
799 4828 836 4878 ad
855 4829 1000 4879 tacianum
1027 4834 1116 4883 exstat
1197 4835 1245 4898 (53)
1258 4836 1332 4885 Horu
1347 4836 1407 4900 ipsa
1422 4837 1563 4899 passionis.
1580 4834 1699 4885 Codices
1717 4834 1855 4885 Fanensis
1870 4840 1898 4884 et
1917 4831 1974 4882 Eli-

296 4905 369 4953 inira
387 4904 460 4952 iuter
477 4899 607 4965 epistolas
626 4900 714 4950 sancti
734 4898 874 4963 Cypriani.
889 4899 960 4951 Vide
978 4905 1058 4952 notas
1079 4902 1114 4953 ad
1164 4907 1271 4970 ginnas,
1287 4906 1352 4956 bora
1364 4909 1430 4970 ipra.
1446 4906 1631 4968 Corheiensis,
1643 4905 1679 4956 od
1690 4907 1784 4956 boram
1795 4905 1891 4971 ipeanr.

296 4973 440 5038 epistolam
455 4972 494 5022 34.
548 5041 553 5054 ι
659 5041 664 5052 .
894 4976 896 4980 ’
1194 4977 1244 5038 (66)
1257 4976 1438 5027 Noutrobitie.
1455 4977 1550 5030 Codex
1565 4975 1927 5040 Cernotenais,eubtrobitis.

328 5043 452 5094 Alterius
465 5040 595 5102 Celerini,
618 5053 666 5104 qur
688 5042 765 5105 pater
783 5045 842 5092 erat
860 5043 1036 5108 ageruchiae,
1057 5057 1114 5096 me-
1196 5047 1243 5110 (er)
1260 5047 1375 5099 Hoaorie
1386 5049 1481 5098 annui.
1494 5048 1582 5098 Vetus
1600 5047 1789 5112 Remigianus,
1810 5059 1901 5096 annno
1925 5043 1975 5094 eia·

295 5113 378 5163 minit
402 5115 518 5162 sauctus
546 5111 735 5173 Hieronymus
761 5111 789 5160 in
821 5113 936 5176 epistola
959 5114 995 5165 ad
1017 5119 1115 5182 apera-
1163 5117 1252 5168 ritutir
1265 5117 1367 5167 bonore.

297 5183 402 5244 abiam;
428 5182 542 5232 illelius
563 5181 707 5244 ῙΠΒῦῑῙΡῑῙΟ
726 5183 814 5244 V⁰l¹¹⁸i
834 5183 909 5234 edita
932 5198 948 5234 a
975 5186 1114 5250 Heineeio,
1195 5188 1243 5251 (63)
1262 5189 1371 5252 Signata
1386 5194 1430 5241 eet.
1450 5188 1546 5240 Codex
1567 5189 1657 5240 sancti
1680 5188 1829 5252 Arnulphi,
1843 5189 1973 5252 sinantur.

296 5266 359 5318 pag.
376 5251 566 5303 macularint
583 5250 709 5313 prataria
728 5263 830 5301 nomen
846 5257 934 5305 exstat
955 5257 984 5305 in
1000 5255 1115 5309 historia
1204 5259 1245 5321 63)
1258 5259 1405 5312 Horribitee
1419 5263 1525 5311 ceteris.
1549 5259 1645 5312 Codex
1660 5258 1845 5322 Carnutensis,
1865 5256 1976 5310 carceris

296 5325 434 5389 passionis
461 5326 621 5374 sanctorum
646 5321 821 5385 Chrysanthi
855 5328 881 5374 et
924 5325 1015 5378 Derim
1041 5329 1115 5394 apud
1164 5336 1194 5373 ae
1217 5323 1328 5372 caterio.

299 5395 423 5458 Surium,
442 5397 508 5444 tom.
523 5395 555 5444 V.
1196 5394 1243 5458 (64)
1256 5393 1394 5444 Heaeium.
1410 5392 1526 5445 Veteres
1548 5391 1611 5444 libri
1634 5392 1738 5444 habent
1756 5405 1901 5442 mensuum.
1915 5389 1975 5452 Quo

327 5467 375 5528 (tii)
393 5467 441 5514 Vae
455 5463 484 5513 ia
499 5463 555 5515 iiio.
571 5463 711 5524 Ruricius,
724 5463 773 5513 tlh.
789 5476 819 5526 n,
834 5466 914 5530 epist.
926 5468 977 5518 32:
994 5471 1115 5524 «Frater
1164 5467 1246 5517 ettam
1261 5466 1344 5515 modo
1358 5477 1433 5529 saepe
1447 5467 1582 5529 scriptum
1593 5463 1651 5514 ridi
1666 5465 1694 5514 iu
1709 5464 1824 5514 vetustis
1835 5461 1975 5525 exempla-

296 5542 326 5590 55
348 5535 556 5600 compresbyter
575 5537 670 5584 noster
694 5532 852 5597 Capillutus
883 5536 1031 5600 dupliciter
1060 5541 1114 5593 hnc
1163 5537 1241 5588 ribus
1269 5537 1467 5600 manuscriptis
1491 5537 1608 5586 aliorum
1642 5539 1768 5586 ueterum
1802 5535 1974 5597 scriptorum.

297 5610 359 5660 viae
371 5607 453 5658 nobie
464 5611 559 5670 gratus
572 5606 707 5676 apparuit,
720 5603 787 5655 dum
800 5609 828 5656 et
840 5607 899 5672 ipse
913 5608 993 5660 nobis
1006 5612 1113 5674 jamdiu
1162 5609 1280 5658 Mensura
1292 5620 1357 5659 vero
1383 5620 1433 5671 pro
1455 5619 1588 5656 amenum
1607 5607 1766 5671 frequenter
1785 5605 1919 5668 scriptum
1936 5605 1976 5652 est

296 5677 608 5740 desideratusoccarrit,
625 5677 816 5743 etquamdam
832 5682 918 5732 rastri
936 5685 1113 5745 praesentiam
1162 5677 1192 5728 in
1218 5676 1321 5729 Codice
1347 5675 1551 5729 Theodosiana.
1582 5678 1703 5729 Hennam
1738 5687 1848 5742 quoqne
1875 5673 1976 5738 legitur

294 5765 345 5818 per
358 5753 463 5803 5553555
474 5749 581 5801 litteras
593 5752 810 5813 repraesentet.»
1163 5751 1237 5816 apud
1250 5753 1284 5802 Δ.
1298 5751 1429 5816 Gellium,
1451 5753 1498 5805 lib.
1514 5765 1533 5816 1,
1554 5765 1615 5816 cap.
1638 5751 1677 5802 aa.
1694 5749 1763 5802 Vide
1785 5747 1975 5800 adnotationes

323 5823 373 5898 (55)
399 5823 572 5876 ornamenta
601 5820 643 5872 ita
670 5820 820 5888 55551555,
852 5825 997 5891 propterea
1022 5838 1112 5891 repre·
1162 5823 1290 5890 Dionysii
1305 5824 1432 5878 Lambini
1446 5825 1476 5878 iu
1496 5823 1638 5878 55555655
1661 5823 1802 5878 Verrinam
1824 5817 1973 5874 Cicerona.
