4080 6200
268 271 321 326 aas
705 256 747 329 's
767 273 924 330 errarem
944 275 1081 334 orauuu
1101 277 1188 333 rsus
1208 279 1230 333 1.
1250 308 1283 318 -
1303 278 1486 335 arrsrote.
1877 283 1923 337 ns
2012 351 2013 358 .

266 394 365 464 gentle
378 395 490 450 Domini
501 394 555 466 (11)
569 397 646 466 quod
656 411 714 452 non
726 397 880 468 impetrare
895 399 1073 469 mereamini,
1087 399 1223 484 ((269
1237 401 1312 458 Scies
1325 418 1375 456 uos
1390 399 1529 456 universis
1542 400 1577 455 de
1592 399 1695 472 quibus
1706 400 1780 472 apud
1794 405 1819 457 te
1829 403 1852 439 ⁰³
1864 404 1929 458 ratio

265 488 488 558 qnisicDomini
506 490 639 544 mandata
656 491 862 563 1111111111,ᾳυί
882 493 1075 564 evangelicam
1129 496 1287 551 corastiterit
1308 496 1377 567 quid
1400 498 1465 567 post
1486 494 1671 550 commissum
1691 494 1808 566 egerint,
1829 496 1930 552 dedisse

265 581 442 653 disciplinam
459 583 513 654 (78)
532 583 643 639 sincero
663 585 729 640 iidei
749 586 847 657 vigore
869 587 1011 654 tenuistis,
1029 587 1079 657 qni
1130 605 1228 660 pacem
1245 589 1309 661 (81),
1324 594 1352 643 et
1367 589 1440 643 banc
1452 587 1575 644 formam
1588 603 1639 658 par
1653 593 1679 642 te
1693 591 1720 642 et
1731 587 1792 643 aliis
1804 576 1932 660 episcopis

264 675 429 746 incorrupto
450 677 558 733 bonore
577 678 687 734 virtutis
707 695 772 734 cnm
792 681 941 751 praeceptis
964 680 1079 737 Domini
1130 683 1310 738 innotescere
1324 683 1476 738 voluimus.
1494 680 1632 754 Optamus
1648 683 1675 737 te
1690 681 1741 752 (81)
1755 697 1819 737 cum
1836 683 1933 738 sanctis

264 771 292 822 et
316 784 381 822 cnm
404 772 536 841 apostolis
562 773 624 843 ojus
649 773 762 828 fortiter
785 778 903 842 stantes,
932 779 1080 830 numatam
1132 777 1307 848 martyribus
1329 792 1430 848 pacem
1448 775 1566 831 bebere.
1583 777 1725 830 Prusente
1745 775 1799 846 (88)
1815 776 1848 831 de
1863 778 1932 832 clero

264 864 423 919 multorum
438 864 523 920 iidem
541 866 669 938 martyrii
688 868 770 922 vestri
788 869 904 924 veritate
919 867 1081 924 solidastis?
1131 875 1159 926 et
1174 871 1311 926 exorcista
1324 875 1352 925 et
1366 869 1484 937 lectore,
1498 869 1637 924 Lucienus
1652 869 1702 940 (81)
1718 868 1834 940 scripsit.

265 958 337 1012 Vere
352 959 499 1030 Evangelii
517 963 601 1016 testes
620 967 647 1016 et
667 977 732 1015 rere
752 966 892 1034 martyres
906 962 1018 1029 Christi,
1035 977 1079 1016 ra·
1374 1008 1502 1067 EPISTOE
1514 1012 1534 1064 Α
1556 1010 1626 1066 XVH
1640 1009 1694 1081 (85)

265 1051 373 1106 dinibus
395 1053 456 1125 ejus
475 1054 574 1120 innixi,
597 1071 682 1126 super
701 1057 813 1126 petram
835 1057 952 1112 robusta
973 1055 1080 1110 mole⁰²
1502 1045 1512 1064 ⁴
1585 1114 1590 1124 ,
1698 1049 1704 1062 '
1831 1113 1836 1124 ,

265 1147 393 1215 laudati,
423 1148 600 1219 disciplinam
632 1165 698 1204 cnm
732 1151 834 1205 virtute
863 1149 1015 1221 junxistis,
1044 1148 1082 1203 ad
1132 1114 1582 1237 (Emm’ffl'wipagfflssxvffff'?
1584 1113 1667 1236 1ῗέζῖ
1678 1113 1934 1250 ῗ81Μ”Ρ8Μ“’ΠΠ3

266 1239 399 1296 timorem
426 1242 476 1295 Dei
503 1247 620 1297 caeteros
643 1244 824 1314 provocastis,
852 1243 991 1315 martyria
1017 1259 1080 1297 ves·
1476 1223 1492 1250 Ἰ
1539 1202 1589 1251 Ρ”
1669 1222 1675 1235 '

186 1333 190 1340 ’
267 1338 310 1388 tra
332 1335 462 1406 exempla
485 1335 595 1392 lecistis.
617 1338 769 1409 Opicum,
790 1337 936 1392 fortissimi
959 1354 991 1392 ae
1015 1337 1080 1392 bea-

267 1427 367 1482 tissimi
380 1428 490 1497 iratres,
507 1445 617 1502 semper
630 1431 703 1488 bene
716 1432 809 1487 valere
828 1435 856 1486 et
870 1431 960 1486 nostri
980 1430 1081 1486 memi-

269 1537 353 1576 nisse.

1168 1311 1201 1348 AD
1225 1310 1406 1350 PRESBYTEROS
1426 1309 1458 1348 ET
1477 1297 1615 1362 anconae,
1636 1308 1670 1347 ott
1690 1306 1858 1349 PRAECEDENTI
1877 1307 1905 1344 ΕΤ

1303 1380 1407 1420 DUABUS
1428 1379 1610 1426 sitot'aurttttts
1630 1377 1774 1418 saissonis·

1133 1479 1332 1534 sarnanum.
1345 1507 1380 1519 -·
1392 1477 1477 1534 Nullo
1489 1479 1561 1531 ratio
1573 1475 1698 1530 babendo
1711 1474 1858 1530 libellorum
1869 1490 1935 1528 mirr-

519 1596 677 1654 EPlSTOth
699 1595 835 1669 xv1(79),
1248 1573 1350 1637 iprum,
1367 1571 1430 1621 rante
1442 1582 1535 1640 precem
1547 1565 1672 1620 Ecclesia
1686 1565 1833 1619 redditum.

268 1695 390 1758 tuamet,
403 1697 588 1760 1v115ffigay„
606 1699 702 1762 palm„
719 1700 809 1763 papis„
823 1711 883 1763 χω
898 1700 992 1762 omn„
1005 1699 1099 1762 UP⁸=›'
1170 1679 1326 1750 Cyprianus
1356 1677 1533 1750 presbyteris
1562 1681 1590 1731 et
1620 1675 1790 1732 diaconibus
1815 1675 1938 1730 iratribus

634 1775 721 1835 11111.)
1096 1773 1265 1852 Bsnlutem.
1288 1771 1425 1827 Dominus
1446 1769 1573 1841 loquitur
1596 1775 1624 1826 et
1646 1769 1715 1824 dicit
1737 1787 1744 1824 a
1765 1771 1850 1840 super
1869 1784 1939 1838 prtem

461 1872 652 1914 couaassonnu
671 1875 705 1914 an
726 1874 890 1914 axrnrxuou.
1134 1869 1287 1938 resp-iciam,
1304 1867 1358 1921 nisi
1370 1880 1451 1936 snper
1465 1863 1593 1919 humilem
1609 1868 1634 1918 et
1654 1866 1787 1934 quietum,
1802 1869 1826 1918 et
1841 1868 1941 1918 tranm-

269 1947 470 2004 llncouaerou.
483 1952 642 2008 —Libellns
653 1955 923 2022 murtpntmnomiue
937 1953 1084 2007 nLuciono
1135 1967 1187 2017 tem
1206 1958 1303 2034 270
1325 1973 1455 2016 sermones
1474 1973 1545 2014 meos
1564 1958 1640 2030 (pm,
1659 1956 1940 2026 L1v1‚2yyfl000u111

614 2044 740 2112 SCDPWS·
1136 2055 1290 2112 debeamus
1313 2069 1413 2108 ornnes
1436 2051 1541 2120 esse⁹⁴,
1562 2055 1624 2106 tum
1649 2049 1768 2106 modo⁸⁵
1789 2049 1941 2121 hujusmodi

305 2149 433 2205 Universi
449 2149 626 2207 confessores
639 2151 780 2224 Cypriane
793 2168 874 2224 papae
888 2151 941 2223 (80)
954 2152 1084 2208 salutem.
1137 2149 1179 2205 illi
1203 2165 1264 2205 esse
1287 2147 1393 2204 debent
1417 2145 1520 2218 quibus
1541 2144 1731 2200 laborandum
1757 2148 1801 2200 est
1824 2145 1862 2214 ot,
1885 2145 1941 2215 post

964 2287 1069 2357 Variae
1090 2291 1259 2355 lectiones.

300 2428 321 2459 ‘³¹
333 2427 423 2492 Super
432 2429 517 2493 petrae
529 2427 672 2478 robustam
686 2426 787 2476 motam
801 2425 899 2478 liedda.
933 2427 955 2462 ⁹¹
971 2425 1051 2478 bdta
1067 2425 1123 2476 Ver.
1158 2422 1440 2487 “tissabojusmodi
1456 2420 1615 2472 inmitior.
1631 2419 1685 2470 Nc.
1705 2421 1730 2467 1.
1765 2419 1785 2451 ⁹⁵
1800 2417 1869 2468 Tum
1885 2428 1943 2466 ma-

270 2499 311 2564 gis
326 2497 386 2548 bod.
402 2500 423 2548 1.
440 2498 539 2547 Donut.
553 2501 621 2549 tnnc
632 2497 753 2548 maxime
765 2497 846 2560 Neop.

923 2577 1034 2660 Stcph.
1055 2576 1176 2641 baluzii
1197 2579 1294 2639 notae.

301 2717 350 2778 (17)
376 2717 412 2766 Da
428 2714 596 2778 indutpmtio
619 2714 731 2765 Domini.
755 2715 785 2764 ln
806 2714 904 2766 codice
929 2714 1086 2764 Turonensi
1137 2712 1386 2765 communicarant.
1409 2710 1500 2775 Quam
1518 2710 1739 2762 observationem
1761 2711 1792 2759 ut
1807 2711 1907 2758 certem
1920 2709 1945 2756 et

269 2791 296 2839 et
307 2788 334 2836 in
349 2785 510 2838 Corbeiensi
523 2785 632 2850 legitur,
647 2802 662 2830 a
676 2783 710 2835 de
734 2784 907 2848 indulgentia
930 2786 957 2835 et
975 2783 1086 2834 Domini
1137 2783 1251 2834 minime
1273 2783 1430 2848 ambiguam
1456 2786 1584 2847 repetunt
1601 2783 1632 2832 in
1652 2777 1892 2832 observationibus
1914 2775 1945 2828 ad

268 2859 413 2909 voluntate
453 2853 528 2920 quod
567 2867 623 2906 non
659 2856 814 2920 impetrare.
845 2871 861 2904 s
895 2853 965 2905 Vide
1007 2857 1087 2904 notas
1136 2855 1216 2919 epist.
1239 2855 1279 2916 ii,
1304 2867 1367 2919 quas
1391 2854 1456 2905 date
1486 2857 1528 2906 est
1550 2853 1586 2904 od
1602 2852 1771 2918 presbyteros
1793 2851 1945 2902 atdr'oooncs

268 2933 377 2980 nostras
391 2927 424 2977 ad
448 2930 532 2991 caput
552 2926 583 2976 38
602 2927 737 2977 Lactantii
759 2926 790 2976 de
812 2925 938 2976 Mortibus
961 2926 1086 2975 Persecu-
1136 2927 1221 2976 iiomae
1232 2927 1405 2978 consistentes.
1425 2927 1462 2976 At
1482 2937 1533 2989 ego
1548 2937 1604 2976 non
1621 2924 1703 2976 rideo
1727 2935 1851 2988 quonam
1870 2919 1945 2970 modo

271 3005 366 3050 lorum·
1136 2998 1387 3049 excommunicatio
1400 2997 1486 3060 possit
1499 2996 1543 3046 bis
1555 2995 1647 3047 verbis
1670 2995 1797 3059 intelligi.
1814 2991 1944 3043 videbant

302 3073 352 3134 (18)
379 3070 565 3133 Deonpeticom
601 3067 779 3132 disciplinam.
820 3069 892 3119 Ante
934 3067 1086 3118 editionem
1136 3069 1277 3119 Lucienus
1298 3072 1325 3118 et
1345 3071 1437 3118 caeteri
1458 3070 1508 3133 qni
1531 3081 1597 3120 cnm
1620 3080 1653 3118 eo
1675 3072 1756 3118 erant
1783 3065 1946 3116 confessores

271 3141 460 3193 biauutianam
483 3139 627 3203 legebatur
643 3139 817 3202 eoonpolicom
838 3140 918 3189 airam.
936 3136 992 3190 Sed
1014 3137 1088 3188 banc
1097 3157 1125 3230 C
1137 3138 1307 3203 cyprianum
1325 3152 1355 3190 se
1367 3138 1491 3203 praebere
1505 3138 1657 3190 admodum
1673 3135 1820 3188 diliiotlem
1840 3136 1867 3184 in
1882 3133 1945 3183 reci·

271 3214 421 3264 lectionem
441 3211 468 3260 in
487 3210 565 3259 nullo
585 3222 681 3260 eornm
702 3214 829 3260 veterum
852 3209 980 3261 codicum
999 3210 1088 3272 reperi
1138 3210 1248 3274 piendis
1272 3211 1358 3274 lapsis
1398 3210 1501 3274 quibus
1538 3213 1673 3274 martyres
1706 3211 1735 3259 at
1773 3206 1946 3263 consessores,

272 3285 375 3349 quibus
389 3295 458 3332 usus
470 3295 542 3331 snm.
558 3281 593 3330 tat
604 3285 697 3330 tamen
712 3294 744 3330 ee
759 3281 864 3344 placuit
877 3281 1009 3331 More'lio.
1139 3293 1257 3345 quorum
1273 3281 1313 3331 illi
1327 3294 1457 3344 magnam
1472 3282 1500 3331 in
1515 3281 1569 3331 boc
1582 3280 1732 3331 credebant
1749 3291 1811 3330 esse
1832 3275 1947 3326 anctori-

303 3355 455 3418 (7911111111
477 3352 610 3416 epistolae,
635 3365 699 3416 quae
720 3354 841 3416 primum
862 3353 962 3417 prodiit
980 3355 1008 3404 in
1030 3351 1089 3403 edi·
1138 3355 1234 3414 tatem,
1248 3365 1345 3417 paoem
1362 3351 1505 3414 dederant,
1528 3351 1632 3416 quibus
1651 3351 1795 3403 Lucienus
1814 3352 1842 3398 et
1862 3344 1948 3397 caeteri

274 3427 349 3476 tione
380 3423 550 3484 bisuntinus,
572 3422 659 3472 habui
694 3421 749 3472 duo
789 3427 882 3473 vetere
911 3424 1088 3486 exemplaria,
1140 3423 1273 3475 dederent
1292 3436 1390 3488 paoem
1408 3424 1438 3473 in
1457 3423 1571 3474 nomine
1595 3428 1751 3484 martyrum
1773 3418 1947 3470 etconiasso-

273 3508 390 3548 nnuma
407 3493 574 3545 bibliotheca
590 3505 661 3554 mea,
679 3493 757 3544 aliud
771 3507 806 3544 ex
820 3494 889 3545 urbe
904 3493 1089 3558 Gratianopo-
1140 3508 1212 3554 rum,
1237 3498 1264 3545 et
1286 3507 1358 3558 aegra
1383 3493 1510 3546 terebant
1531 3492 1630 3544 duram
1656 3492 1734 3542 illem
1763 3489 1892 3540 antistitis
1909 3485 1948 3536 sui

273 3568 369 3619 litans.
389 3565 471 3628 Angli
491 3565 602 3616 nullum
623 3565 739 3615 laudent
761 3568 861 3630 preater
876 3565 1044 3627 Veronense,
1062 3565 1090 3615 id
1140 3565 1325 3629 disciplinam,
1349 3579 1432 3628 11111111
1454 3567 1554 3629 praeter
1578 3577 1690 3628 aequum
1720 3567 1749 3612 et
1777 3561 1880 3612 bonum
1895 3569 1949 3608 esse
2012 3565 2013 3568 ’

273 3643 323 3700 est,
343 3641 375 3689 ut
395 3640 472 3701 puto,
495 3635 646 3686 editionem
668 3636 865 3696 discutiebam,
890 3638 931 3687 nti
954 3635 1090 3699 Rigaltius
1139 3637 1285 3701 putabant.
1307 3637 1388 3688 Hanc
1409 3637 1445 3687 ob
1462 3649 1586 3692 oausam,
1608 3635 1674 3699 quia
1692 3633 1794 3684 seditio
1814 3632 1950 3696 propterea

273 3709 441 3775 quandoque
453 3707 548 3758 laudet
559 3707 683 3758 codicem
698 3707 886 3758 veronensem
901 3720 951 3771 pro
968 3708 1090 3758 editione
1140 3712 1280 3760 commota
1311 3713 1369 3758 erat
1394 3708 1422 3758 in
1460 3705 1629 3771 quibusdem
1665 3705 1774 3768 oppidis
1798 3699 1948 3778 provincia.

274 3779 552 3840 bisuntiensilccte,
566 3782 597 3828 ut
611 3778 808 3842 opinor;nam
826 3778 895 3827 mibi
913 3782 1023 3829 constet
1042 3791 1090 3828 eos
1141 3783 1236 3843 optant
1251 3780 1276 3829 ei
1288 3778 1443 3829 scribentes
1458 3781 1488 3828 ut
1505 3789 1604 3841 paoem
1620 3775 1723 3828 babeat
1743 3787 1810 3826 cnm
1833 3775 1950 3834 martyn-

275 3854 323 3918 qui
336 3847 486 3902 sditionem
505 3849 582 3900 illem
602 3849 775 3900 adornarunt
798 3861 864 3898 usos
883 3849 970 3898 inisse
994 3848 1090 3899 codice
1140 3848 1203 3909 bus,
1216 3850 1246 3898 nt
1256 3847 1431 3899 severitatem
1443 3846 1634 3898 misericordie
1647 3847 1765 3909 mitiget,
1786 3846 1950 3895 sicconem-

275 3922 438 3974 Veronensl.
1141 3919 1215 3968 diem
1229 3922 1255 3968 at
1270 3931 1366 3982 pacem
1382 3917 1562 3982 redintegrari
1577 3929 1659 3980 posse
1674 3917 1746 3967 inter
1763 3929 1828 3966 eum
1844 3917 1871 3964 et
1883 3923 1945 3960 mar·

305 3993 356 4057 (80)
368 3992 502 4056 Cypriono
517 4003 603 4054 popae.
627 3989 723 4042 Codex
740 4004 819 4042 mens
840 3994 866 4041 et
888 3989 971 4041 editio
992 3989 1091 4040 Mann-
1141 3991 1216 4052 tyras
1244 4002 1277 4039 ac
1302 3987 1414 4052 piebem
1443 3992 1620 4038 commotam.
1651 3990 1694 4038 An
1729 3987 1794 4038 ideo
1819 3983 1951 4035 minantur

275 4067 359 4124 tiana,
386 4061 662 4128 asportationum
688 4063 799 4126 legebat
821 4063 936 4113 Latinus
967 4061 1092 4112 Latinius
1142 4058 1470 4118 excommunicationem,
1491 4059 1516 4107 si
1545 4071 1643 4108 corum
1665 4057 1811 4109 desideriis
1835 4068 1889 4106 non
1909 4064 1949 4101 ac·

274 4140 303 4188 in
322 4135 399 4186 libris
416 4136 474 4186 suis
497 4133 644 4184 veteribus.
664 4133 735 4185 Vide
757 4137 822 4184 tom.
849 4134 886 4184 lV
908 4132 1092 4185 analectorum
1142 4132 1358 4196 quiescatinon
1373 4131 1411 4181 ita
1430 4141 1506 4182 sene.
1527 4130 1626 4181 Preces
1644 4134 1719 4191 snut,
1744 4143 1801 4180 non
1820 4123 1950 4178 mandata.
2012 4157 2013 4170 .

274 4207 438 4266 biabillcnii,
464 4218 526 4269 pag.
554 4205 608 4255 1111.
637 4203 684 4256 Sic
712 4204 829 4254 Tltomoti
856 4219 906 4269 pro
936 4204 1038 4256 Tltomae
1062 4203 1092 4253 in
1142 4215 1195 4252 nec
1221 4201 1313 4252 minas.
1339 4199 1425 4250 Aliud
1448 4203 1492 4250 ast
1514 4205 1619 4265 optare,
1642 4200 1718 4250 aliud
1745 4199 1853 4264 jubere,
1883 4191 1950 4271 alind

276 4279 424 4330 collatione
450 4289 515 4327 cum
536 4274 703 4336 severianis,
717 4278 745 4325 et
765 4277 868 4326 Menate?
890 4288 939 4340 pro
960 4277 1042 4325 Mona
1062 4275 1091 4322 in
1142 4285 1251 4337 poenem
1266 4273 1408 4322 intentare.
1423 4271 1510 4322 Nemo
1524 4272 1565 4323 sic
1588 4271 1657 4335 petit
1677 4274 1707 4320 ut
1721 4273 1853 4329 minetur,
1867 4265 1951 4328 inquit

275 4348 392 4400 vetustis
405 4345 549 4397 codicibus
567 4359 633 4395 mss.
648 4345 777 4397 Liberali.
798 4345 878 4409 Papae
900 4358 1001 4396 noman
1026 4345 1093 4395 olim
1142 4345 1331 4407 Hieronymus
1344 4343 1373 4392 in
1391 4343 1449 4393 Vito
1463 4343 1543 4394 Pauli
1550 4342 1631 4408 primi
1639 4344 1760 4392 eremitae.
1777 4343 1848 4392 Item
1863 4339 1951 4388 Petrus

275 4431 425 4472 commune
439 4417 640 4468 eratomnibua
655 4417 802 4482 episcopis.
827 4417 924 4469 Postea
943 4415 1017 4467 istud
1039 4416 1092 4466 dis·
1142 4413 1315 4467 Venerabilis
1342 4413 1428 4465 abbas
1452 4413 1657 4477 cluniacensis,
1683 4413 1730 4464 lib.
1758 4427 1776 4474 1,
1803 4412 1881 4476 epist.
1909 4407 1949 4454 8:

275 4491 375 4555 plicuit
395 4488 535 4540 Romanis.
552 4486 614 4551 Qua
636 4488 670 4538 de
692 4503 722 4539 re
740 4487 804 4539 vide
818 4501 882 4552 qnae
901 4487 975 4539 dicta
997 4488 1063 4538 olim
1076 4501 1131 4592 οὓ
1728 4499 1744 4532 c
1756 4481 1888 4534 Precibus
1899 4487 1951 4528 non

275 4561 356 4613 riobis
368 4564 433 4612 sunt
445 4559 480 4611 ad
492 4559 572 4624 epist.
593 4562 621 4610 8i
647 4561 716 4624 Lupi
740 4559 933 4622 Ferrariansis,
955 4564 983 4612 et
1002 4559 1093 4612 Ludo-

275 4635 369 4684 ricnm
384 4631 502 4684 Caelium
516 4630 713 4696 Rhodiginnm,
728 4632 776 4683 lib.
791 4645 829 4694 vr,
845 4645 906 4697 cap.
921 4631 961 4683 ts.
1173 4630 1223 4694 (83)
1236 4631 1372 4682 Prasente.
1387 4629 1455 4680 Haec
1467 4641 1521 4680 vox
1535 4629 1614 4681 deest
1636 4629 1664 4679 in
1679 4628 1750 4679 libro
1773 4640 1837 4678 meo
1856 4629 1950 4681 vetera,

308 4704 357 4766 (81)
379 4702 486 4753 Dedisse
510 4715 609 4767 ponam.
630 4703 682 4752 Vel
707 4703 754 4754 bio
771 4704 850 4754 locus
869 4701 991 4754 ostendit
1015 4714 1093 4753 arro-
1142 4701 1191 4752 nbi
1215 4702 1293 4752 locus
1315 4713 1421 4752 vacuus
1444 4699 1557 4752 relictus
1579 4696 1951 4761 est.1n,Gratienopnliteno

275 4789 334 4827 rem
353 4775 479 4826 Goularti
500 4774 646 4826 scribentis
662 4777 792 4839 nuspiam
814 4787 906 4838 neque
928 4773 1003 4838 apud
1025 4773 1093 4823 Tar·
1143 4773 1277 4835 scriptum
1292 4775 1332 4824 est
1350 4773 1489 4822 arataeo.
1511 4771 1603 4822 Editio
1621 4771 1737 4822 Manutii
1753 4763 1952 4832 hnbstpreby-

276 4848 425 4902 tullianum
438 4859 530 4910 neque
543 4846 615 4910 apud
633 4845 804 4910 cyprianum
821 4846 936 4896 inveniri
959 4847 1093 4907 martyres
1143 4849 1190 4893 ter.
1213 4842 1271 4906 ligo
1294 4848 1362 4906 puto
1382 4841 1545 4906 ponendum
1564 4855 1625 4892 esse
1647 4845 1772 4904 praesente
1790 4841 1823 4890 do
1844 4837 1910 4887 clero
1931 4837 1951 4881 et

276 4931 373 4982 paoem
395 4916 505 4967 dedisse
521 4918 613 4980 lapsis.
636 4917 772 4968 Praeterea
791 4933 826 4969 ex
845 4916 963 4982 epistola
977 4915 1093 4965 Lucieui
1143 4915 1275 4964 amoreisto
1289 4920 1312 4962 et
1336 4913 1439 4974 lectore,
1455 4917 1488 4962 ut
1510 4912 1667 4977 significare
1690 4911 1832 4962 voluerint
1850 4907 1951 4958 copies-

278 4990 314 5040 od
340 4989 488 5039 celerinum
520 4993 547 5038 et
571 5000 606 5038 ex
632 4990 747 5053 epistola
781 4990 860 5040 istius
886 4989 922 5038 od
948 4987 1094 5038 tacianum
1143 4997 1218 5036 soros
1232 4985 1378 5049 epistolam
1391 4985 1523 5048 scriptam
1535 4997 1596 5034 esse
1615 4983 1801 5047 presentibus
1824 4979 1952 5032 exorcista

276 5059 366 5122 liquet
391 5059 508 5109 Paulum
535 5062 562 5108 et
585 5063 700 5110 caetcros
725 5061 754 5109 in
779 5073 889 5111 carcere
926 5059 1093 5111 constitutos
1144 5061 1171 5108 et
1185 5057 1296 5119 lectore,
1316 5061 1442 5120 prasente
1464 5069 1514 5120 pro
1535 5055 1715 5120 praesentiibus,
1733 5058 1765 5106 ut
1788 5053 1863 5118 apud
1882 5050 1954 5102 Pleu·

278 5127 388 5180 dedisse
408 5141 505 5192 pacem
529 5128 622 5192 lapsis.
641 5129 676 5180 Et
701 5134 766 5180 nota
786 5134 827 5182 est
852 5134 1002 5194 tempestas
1029 5142 1094 5193 quae
1144 5133 1203 5179 tum
1227 5129 1326 5192 legisse
1349 5142 1395 5180 me
1420 5128 1535 5180 memini
1560 5131 1685 5190 prasente
1709 5126 1793 5176 nobie.
1820 5121 1952 5175 Dicebant

278 5202 337 5250 orta
349 5203 390 5250 est
408 5201 436 5250 111
455 5199 575 5250 aeclesia
594 5199 723 5249 Africana
746 5203 811 5265 quia
833 5201 989 5264 Cyprianus
1011 5211 1094 5250 recu·
1144 5203 1246 5261 autem,
1272 5203 1304 5250 ut
1326 5198 1406 5250 docet
1426 5199 1531 5250 Nonius
1549 5197 1703 5258 Marcellus,
1723 5197 1827 5248 absente
1846 5193 1918 5244 nodis
1930 5195 1952 5239 at

278 5269 357 5321 sabat
370 5271 410 5321 eis
427 5271 492 5321 dare
512 5283 610 5334 pacem
631 5271 734 5334 quibus
756 5284 889 5323 concessa
911 5275 968 5323 erat
989 5285 1005 5321 e
1023 5285 1094 5321 mar·
1139 5277 1268 5335 prasente
1291 5270 1366 5321 nobis
1392 5283 1442 5334 pro
1466 5269 1639 5334 pensantibus
1659 5274 1683 5319 et
1699 5266 1846 5320 absentibus
1872 5261 1949 5313 nobis.

278 5341 396 5406 tyribus.
411 5343 601 5394 Tertullianus
612 5343 640 5392 in
660 5342 730 5393 libro
747 5343 779 5393 de
798 5344 950 5395 Pudicitia:
966 5343 1094 5395 «Pacem
1143 5343 1179 5393 Et
1192 5355 1256 5393 mox
1277 5340 1356 5393 alieri
1374 5341 1469 5392 locum
1491 5341 1580 5391 Plauti
1605 5353 1640 5390 ex
1659 5339 1860 5402 amptritrpom.
1887 5331 1951 5384 Vide

277 5413 391 5478 qnidam
411 5414 440 5464 in
457 5413 583 5464 Ecclesia
608 5427 664 5464 non
681 5413 816 5464 babentes
836 5428 851 5465 a
877 5413 1044 5478 martyribus
1065 5415 1094 5464 in
1144 5414 1227 5464 etiam
1242 5415 1271 5464 in
1287 5413 1372 5465 verbo
1389 5414 1518 5464 Praesente
1534 5415 1563 5464 et
1580 5411 1747 5463 salmasium
1768 5409 1802 5459 ad
1820 5410 1952 5470 scriptores

279 5497 390 5536 carcere
429 5497 543 5535 exorere
583 5488 796 5535 consueverunt.
823 5503 836 5531 »
875 5484 945 5536 Vide
980 5484 1094 5535 Hearici
1144 5485 1407 5549 Historiadupneta‚
1421 5495 1482 5547 pag.
1497 5484 1537 5534 91.

277 5555 383 5607 valesii
408 5558 489 5607 Notos
515 5553 551 5606 od
584 5553 679 5606 librum
703 5568 733 5606 vr
760 5556 882 5608 Historia
917 5555 1094 5607 ecclesiastiea
1175 5556 1225 5618 (81)
1239 5556 1418 5605 demandari
1432 5567 1488 5619 qno
1501 5555 1633 5619 scriptam
1645 5565 1706 5605 essa
1719 5553 1791 5602 bano
1812 5545 1950 5612 epistolam
2012 5555 2013 5564 ¹

279 5627 393 5690 elambit,
412 5639 470 5691 cap.
490 5627 528 5677 12.
1143 5625 1226 5678 docet
1240 5623 1396 5690 Cyprianus
1411 5627 1490 5689 epist.
1506 5624 1544 5674 ii.

309 5697 358 5762 (81)
380 5699 503 5762 Optumus
522 5703 552 5749 te.
576 5699 658 5763 Angli
686 5702 820 5763 putarunt
858 5698 941 5750 verbe
964 5698 1026 5750 haec
1047 5699 1094 5748 in·
1176 5697 1225 5760 (85)
1238 5695 1384 5758 Pamelins,
1401 5698 1429 5746 in
1445 5695 1670 5746 adnotationibus
1683 5693 1718 5746 ad
1730 5693 1808 5759 epist.
1823 5691 1863 5752 et,
1878 5691 1950 5740 notet

277 5771 501 5822 terrainetionem
527 5771 680 5833 continere,
702 5771 738 5821 ite
759 5771 892 5821 nimirum
917 5773 955 5832 ut,
985 5770 1009 5820 si
1031 5769 1093 5821 brec
1144 5769 1227 5819 istem
1250 5779 1311 5819 esse
1343 5767 1479 5818 fictitiam.
1499 5767 1562 5819 Non
1580 5779 1694 5831 possum
1715 5768 1807 5816 eutem
1832 5761 1949 5814 meinero

277 5841 371 5892 minus
383 5844 524 5910 praestaret
538 5841 703 5908 Cyprianus,
717 5847 854 5912 martyres
875 5855 939 5892 rum
962 5843 1022 5909 ipso
1036 5855 1092 5893 non
1145 5839 1248 5907 quibus
1261 5838 1415 5896 rationibus
1430 5844 1573 5906 permotus
1583 5841 1623 5892 ita
1635 5837 1760 5892 senserit.
