4012 6192
235 279 287 344 soe
577 273 802 334 inureres.
827 271 1158 333 superlinearem
1183 275 1425 334 urrunnu-
1450 267 1565 336 nuere.
1844 275 1891 335 esc

231 409 343 476 iurene,
365 403 615 479 quadrumplum
637 399 709 472 legii
736 397 784 454 ubi
808 399 905 454 noster
929 398 1053 470 scriptor
1063 409 1093 483 Α
1139 401 1266 460 Ostendit
1286 417 1399 474 quoque
1419 401 1496 458 idem
1521 401 1599 458 loeus
1620 399 1694 456 nuile
1711 411 1769 456 esse
1786 397 1893 456 irremis-

236 507 491 562 hsbetcorrcctum.
1105 496 1196 552 sibilia
1228 499 1351 568 peccota.
1378 496 1524 562 Quomodo
1557 497 1633 552 anina
1660 493 1819 566 penitentis
1846 493 1893 550 diui
1968 501 1969 536 ἓ

273 598 381 654 lilllllll.
407 597 475 651 llem
494 595 524 650 in
544 593 662 652 Actibus
683 591 879 664 apostolorum
899 593 968 664 (vm,
987 590 1051 660 itt:
1105 595 1198 662 posset
1215 590 1246 644 iu
1265 591 1381 646 solertem
1398 591 1534 652 stramine,
1552 589 1576 644 si
1596 591 1710 661 peccata
1726 588 1816 660 aliqua
1833 587 1892 644 irre·
1968 615 1969 620 1

236 692 288 746 Ait
307 697 399 746 autern
418 689 455 744 od
474 689 551 744 illum
574 690 671 743 Petrus
687 701 694 741 :
711 687 827 741 Pecunia
848 691 896 740 tou
916 692 1000 740 tecum
1019 687 1054 740 sit
1104 685 1251 742 missibilia
1276 685 1391 740 essenti
1419 683 1489 738 ilinc
1511 684 1616 738 merito
1640 688 1748 738 sanctus
1772 683 1892 738 Parianus
1968 689 1969 700 ¹

237 787 267 838 in
290 785 480 854 perditionem,
503 784 632 854 quonium
652 782 771 850 qratiam
792 781 842 834 Dei
859 783 939 848 putes
963 783 987 832 te
1006 793 1056 849 per
1104 781 1237 834 adversus
1259 777 1426 833 Novatianos
1448 777 1596 847 disputans
1617 775 1716 832 eodem
1737 775 1821 830 ntitirr
1840 775 1892 830 loco

235 879 380 948 pecuniam
399 892 477 947 posse
499 876 634 944 consequi.
660 875 721 930 lion
745 879 782 928 cet
804 887 870 941 pars
893 887 976 940 neque
998 886 1055 926 sors
1104 871 1199 943 (epist.
1228 875 1253 940 l,
1281 887 1308 942 p.
1332 873 1385 938 iil.
1409 869 1600 926 Commendat
1620 868 1706 924 ctiam
1727 867 1894 924 lenitatems

239 971 289 1024 tibi
302 963 400 1024 intuo
414 969 476 1039 fide,
492 972 557 1038 quio
574 983 618 1022 cor
637 971 714 1021 tuum
731 981 785 1022 non
803 971 842 1020 est
861 970 961 1018 rectum
981 964 1069 1034 ‹ipud
1104 965 1243 1037 cypriano
1261 964 1447 1032 insinuatam,
1463 966 1674 1034 monenturque
1690 963 1720 1016 in
1738 977 1770 1015 eo
1783 962 1895 1017 Ecclesia·

239 1066 391 1118 Dominum.
407 1065 503 1132 ltaque
517 1062 706 1131 penitentum
728 1074 777 1127 uqe
797 1059 832 1113 ab
856 1059 906 1112 tou
931 1059 1056 1128 nequitia
1105 1075 1170 1114 rum
1185 1059 1331 1130 presides,
1346 1073 1382 1112 ne
1395 1055 1592 1130 poeuiteutiam
1607 1055 1781 1128 praecludent
1796 1068 1894 1126 poscen-

241 1161 298 1220 tuo,
325 1163 350 1212 et
372 1171 484 1226 precare
509 1156 662 1222 Dominum,
684 1154 708 1206 si
730 1153 802 1219 sorte
825 1153 983 1206 remittatur
1007 1150 1056 1206 titi
1105 1152 1180 1208 tibus
1197 1167 1315 1208 suorum
1334 1150 1488 1207 criminum
1509 1150 1618 1206 reniam
1633 1167 1640 1204 ι
1657 1148 1818 1221 punitentia
1833 1149 1895 1204 enim

239 1252 366 1319 coqitotio
382 1250 468 1305 cordis
490 1251 540 1302 tui.
566 1250 599 1302 ln
623 1247 787 1316 obliqutione
809 1247 879 1300 euim
900 1245 1056 1314 iniquilatis
1104 1254 1147 1302 est
1161 1248 1198 1300 od
1212 1247 1329 1302 sulutem
1345 1245 1479 1300 stabilem.
1494 1247 1550 1302 Cur
1565 1260 1634 1316 ergo
1651 1243 1687 1298 ab
1700 1259 1732 1298 cs
1746 1241 1896 1298 arcebuntur

240 1347 266 1398 et
280 1344 466 1398 amaritudine
477 1342 551 1409 sellis
563 1341 640 1395 uideo
654 1343 678 1394 te
692 1355 752 1394 csse.
910 1325 913 1333 ’
1106 1342 1323 1398 tidolcsscclurn
1340 1339 1510 1394 suadcilere
1529 1335 1849 1409 cupienteeitlulgatam
1860 1336 1897 1392 hic

276 1439 376 1492 Patere
402 1450 484 1504 posse
511 1433 635 1505 peccatis
657 1431 828 1503 quibusque,
853 1431 975 1502 ideoque
994 1447 1056 1502 gro·
1105 1451 1163 1490 uon
1181 1435 1299 1503 elierr03
1321 1433 1455 1488 eumdem
1474 1431 1554 1486 enim
1575 1430 1663 1486 habet
1684 1445 1750 1485 eum
1773 1429 1897 1500 snpedore

240 1528 360 1584 vissimis
385 1528 471 1582 etiem
495 1525 668 1598 penitentie
691 1526 785 1588 locum
811 1524 895 1586 facile
917 1524 1057 1580 evincitur
1105 1528 1381 1600 interpretationem.
1409 1527 1514 1582 Locum
1536 1526 1613 1580 hunc
1643 1540 1675 1578 se
1706 1524 1897 1594 magnifacere

241 1637 274 1676 8¹
295 1620 329 1674 iis
353 1619 427 1675 Petri
449 1620 551 1690 Verbis,
570 1635 635 1691 qum
658 1619 703 1684 hit
726 1618 901 1689 allesstsstm‘t
924 1617 1054 1689 quando·
1106 1624 1235 1680 declarat
1258 1623 1456 1688 Dumnitonus,
1479 1634 1545 1674 cum
1566 1633 1633 1674 eum
1653 1616 1738 1672 alleri
1761 1617 1798 1689 [iu
1819 1617 1898 1672 Puni

241 1712 357 1784 quidem
381 1714 481 1770 Petrus
505 1713 654 1768 Simonem
676 1713 788 1782 llagum
816 1709 940 1782 Spiritus
968 1708 1055 1764 sancti
1107 1718 1186 1787 letes),

240 1805 315 1860 dona
330 1821 430 1860 emere
443 1806 616 1874 studentem,
633 1805 757 1876 ideoque
775 1804 912 1858 immanis
931 1773 1095 1858 criminisB
1141 1811 1208 1866 xm,
1223 1811 1292 1866 imm
1309 1809 1365 1864 illic
1379 1808 1415 1863 ds
1439 1807 1495 1863 hue
1516 1807 1579 1878 ipso
1598 1805 1632 1874 (ΙΙ
1647 1806 1722 1868 σοι..
1745 1821 1773 1871 ιι,
1795 1803 1834 1872 lc)
1852 1819 1859 1859 ε
1877 1804 1901 1860 Si

240 1914 324 1953 reum
345 1899 478 1954 bortatur
499 1897 536 1953 ad
556 1897 763 1968 poenitentiam.
782 1897 856 1969 Apta
881 1899 948 1950 sunt
970 1895 1058 1951 eiiam
1106 1908 1152 1961 eui
1180 1910 1271 1959 quiem
1294 1903 1403 1973 aliquid
1430 1903 1561 1964 donemus,
1591 1905 1617 1954 st
1641 1914 1709 1967 ιρις
1734 1913 1796 1953 nom
1816 1903 1839 1952 rt
1855 1912 1900 1963 eqo,

242 1991 342 2046 eadem
368 1990 454 2046 verba
483 1990 518 2046 ad
547 1990 721 2046 revocandos
744 2007 761 2044 a
788 1989 940 2045 schismate
971 1994 1056 2060 atque
1106 1999 1179 2069 quoa
1203 1998 1304 2052 donans·
1324 2001 1435 2066 propser
1459 2009 1504 2049 ees
1524 1997 1555 2048 in
1578 1995 1651 2060 suem
1678 1991 1788 2054 Christi
1809 1995 1837 2045 ut
1857 2005 1900 2043 non

241 2083 344 2139 heresi
369 2083 553 2152 Novatisuos,
580 2099 704 2155 quornm
739 2083 848 2154 aliquos
876 2083 996 2138 tortasse
1022 2081 1079 2136 sd
1107 2093 1347 2148 circumveniamur
1365 2105 1382 2142 a
1402 2088 1528 2156 saraam
1550 2101 1598 2142 nec
1621 2083 1900 2152 sermocinatorem

242 2193 307 2233 eam
324 2181 430 2243 sectam
450 2176 579 2248 pecunia,
596 2180 646 2232 eut
662 2181 738 2245 certe
755 2176 950 2232 emolumenta
963 2175 1059 2232 oblata
1106 2188 1273 2254 spumantes,

243 2274 431 2341 deduxerant,
450 2277 535 2345 atque
555 2273 586 2329 in
606 2289 641 2329 ea
660 2273 834 2328 retinebant.
853 2273 988 2338 Quamvis
1010 2288 1059 2328 au·
1144 2279 1319 2351 {linquaque
1334 2275 1646 2348 momenturepisuupi,
1663 2269 1902 2344 utreuiamponi·

242 2373 300 2423 tem
320 2368 381 2423 leve
401 2367 438 2422 sit
451 2367 524 2422 hauc
545 2366 624 2422 inter
639 2370 667 2421 et
680 2367 830 2438 volgatam
845 2366 1058 2438 interpretatio·
1108 2373 1232 2429 tentibus
1254 2373 1380 2439 essentq
1403 2369 1570 2444 approbavit
1591 2369 1668 2426 enim
1690 2368 1792 2424 Paulus
1812 2372 1903 2436 aposto·

242 2477 311 2518 nem
333 2460 499 2528 discrimen,
519 2460 613 2531 Plflssti
633 2465 731 2516 timtss
752 2459 885 2516 eamdem
908 2459 1058 2531 Vtilsstiflm
1108 2467 1152 2522 lus
1162 2467 1373 2538 indulgentiam
1383 2470 1412 2521 et
1422 2465 1601 2531 facilitatem,
1613 2461 1776 2518 sirulumos
1785 2461 1821 2516 its
1829 2458 1901 2530 loqui,

243 2554 353 2626 pariter
367 2554 506 2610 adducere
528 2569 536 2609 ε
553 2573 567 2604 u
588 2555 686 2608 Petnss
706 2559 803 2608 autem
825 2552 898 2608 dixit
914 2553 948 2607 ad
969 2567 1056 2608 eum:
1108 2576 1195 2632 quam
1210 2575 1276 2615 uum
1288 2559 1491 2632 penitentibus
1505 2558 1601 2613 lideles
1613 2555 1811 2612 adhibuerant.
1825 2555 1903 2621 ltaque

244 2646 367 2702 Pecunia
389 2651 439 2701 tua
461 2649 557 2702 tecum
580 2645 666 2701 sitin
689 2645 897 2718 perditionem,
920 2645 1058 2717 quoniam
1108 2654 1231 2726 rigorem
1249 2653 1330 2708 inum
1352 2669 1385 2708 ae
1403 2652 1594 2720 severitatem,
1610 2666 1699 2721 quiam
1720 2649 1750 2703 in
1771 2645 1903 2704 &desim
1968 2703 1969 2710 χ

243 2741 350 2795 donum
365 2739 414 2794 nei
436 2737 605 2794 existimasti
625 2739 744 2810 pecunia
765 2739 911 2809 possideri·
933 2739 994 2794 Non
1016 2740 1060 2792 est
1108 2747 1245 2803 inducere
1261 2745 1393 2802 nonnulli
1406 2745 1570 2814 stridebant,
1590 2742 1704 2798 veniam
1724 2737 1904 2813 penitentibus

244 2833 295 2887 libi
317 2849 393 2904 pars,
413 2847 507 2903 neque
528 2848 598 2899 sors,
620 2832 650 2886 in
670 2847 802 2887 sermone
821 2831 889 2886 isto·
907 2833 963 2886 Cor
980 2832 1059 2886 enim
1110 2840 1297 2912 denegantes,
1312 2838 1423 2894 etiamsi
1444 2838 1486 2893 illi
1504 2853 1565 2892 sese
1584 2835 1716 2893 Ecclesiae
1730 2832 1833 2904 judicio
1850 2845 1903 2899 sup·
1968 2847 1969 2910 3

242 2929 325 2980 tuum
338 2941 396 2981 uun
413 2931 579 2982 ostreatum
594 2940 688 2980 corum
705 2925 772 2980 Deo.
791 2923 987 2979 Poeuiteutiaru
1003 2923 1057 2978 ita·
1110 2936 1259 3003 ponerent,
1274 2932 1419 3003 improbat
1436 2933 1512 2987 locus
1533 2931 1598 2986 ists.
1614 2932 1708 3001 Atque
1728 2928 1757 2984 iu
1774 2921 1904 2993 huncqui·
1968 2923 1969 2970 l

244 3033 300 3090 quc
324 3035 378 3091 age
400 3018 436 3073 ab
458 3019 511 3074 hac
532 3017 661 3090 nequitia
684 3023 742 3084 tus,
769 3021 798 3072 et
818 3033 887 3088 roga
911 3018 1010 3083 neum,
1035 3016 1057 3070 si
1109 3027 1173 3082 dem
1197 3041 1312 3082 sensum
1333 3041 1368 3080 au
1388 3025 1477 3080 utitur
1498 3029 1610 3079 enatus
1628 3024 1765 3079 recianus
1783 3017 1905 3080 nausii
1968 3009 1969 3022 ³

241 3112 314 3168 lorte
335 3113 500 3168 remittatur
520 3111 573 3166 tibi
593 3112 655 3166 hec
676 3111 808 3182 cogitatio
831 3110 924 3166 cordis
949 3109 1001 3164 tui.
1027 3112 1058 3165 lu
1069 3134 1097 3208 C
1109 3119 1178 3174 bens
1198 3121 1254 3190 (36)
1272 3136 1279 3174 :
1298 3137 1311 3170 ι
1328 3118 1402 3182 Quid
1418 3117 1553 3190 episcopo
1572 3117 1738 3189 negabitur,
1758 3119 1787 3172 iu
1805 3134 1855 3189 quo
1867 3115 1903 3170 liei

243 3204 309 3262 felib
338 3205 416 3260 enim
439 3203 638 3260 &mitriilldissib
658 3209 686 3260 Oi
708 3202 881 3275 obligatione
898 3202 1060 3274 iniqnitatis
1111 3229 1217 3269 nomen
1237 3213 1394 3284 operatur?
1414 3211 1522 3267 Reddet
1538 3211 1656 3282 quidm
1674 3211 1716 3267 flii
1736 3209 1904 3275 rationemfl

244 3299 326 3353 Vidi⁰
340 3301 367 3352 ie
382 3313 481 3353 esth»
1110 3305 1180 3376 quid
1202 3321 1352 3376 perperam
1374 3304 1486 3372 fecerit,
1509 3305 1553 3358 sel
1578 3305 1602 3358 si
1625 3308 1760 3376 corrupte
1782 3306 1810 3359 et
1831 3301 1903 3372 impie
1968 3329 1969 3346 ι

278 3393 331 3447 XL·
351 3394 420 3446 stem
443 3391 471 3446 5¹¹
496 3391 622 3462 Epistola
644 3390 724 3446 Pauli
744 3389 809 3445 bess·
830 3388 886 3460 (35)
907 3388 942 3444 id
964 3387 1060 3444 ὓῦΐὶῠ·
1106 3399 1252 3470 judicarit.
1278 3399 1332 3453 Nec
1356 3395 1561 3469 prejudicatus
1583 3399 1650 3464 Deo,
1680 3396 1830 3470 quominus
1851 3393 1904 3450 mali
1968 3429 1969 3450 ι

243 3485 320 3542 t*¹50⁵
335 3484 463 3540 ittttssda
479 3485 538 3556 (iil,
557 3483 603 3556 10)
620 3501 627 3538 ἓ
646 3485 710 3550 01⁴2
724 3485 795 3539 mim
813 3482 958 3538 secundum
977 3483 1061 3536 Dium
1110 3491 1287 3547 editissimis
1309 3507 1396 3563 opere
1421 3490 1565 3554 resciudat
1587 3508 1593 3545 :
1617 3490 1739 3558 interea,
1762 3491 1785 3546 si
1806 3489 1847 3561 pis
1867 3487 1904 3542 illi

243 3585 282 3635 eii
301 3581 426 3641 irmina,
444 3579 635 3649 penitentium
652 3580 684 3632 in
698 3577 814 3632 saltitem
835 3582 963 3646 operatur
977 3575 1061 3630 stobi·
1110 3585 1319 3642 administratio
1338 3589 1390 3651 est,
1407 3584 1522 3655 adjutor
1544 3583 1592 3638 [igi
1612 3600 1734 3656 operum
1754 3585 1902 3656 pimenem,
1968 3551 1969 3600 ¹

242 3673 526 3728 immittam
542 3671 781 3726 tristitiomortcrn
796 3675 934 3740 operatur.
1110 3681 1180 3738 Ecce
1207 3678 1356 3750 Apostolus
1380 3677 1417 3732 ad
1441 3678 1527 3732 laicos
1549 3677 1677 3733 scribit:
1705 3700 1720 3729 u
1739 3679 1767 3734 Si
1787 3677 1829 3732 cui
1848 3673 1902 3746 qtrid

279 3768 304 3819 ls
320 3781 404 3836 quem
424 3781 499 3830 none
513 3764 720 3830 examinamus,
736 3763 862 3834 Apostoli
876 3763 954 3821 locus
972 3760 1060 3816 eccle·
1111 3771 1248 3840 donastis,
1269 3777 1384 3842 010303
1401 3787 1468 3826 nam
1484 3774 1514 3827 οι
1527 3787 1581 3842 ego
1599 3771 1677 3844 quod
1692 3771 1802 3839 doum,
1815 3769 1837 3824 ⁵1
1849 3765 1903 3839 quid
1968 3791 1969 3810 ι

243 3859 361 3916 siustieae
374 3858 562 3932 poeuitentie,
577 3875 641 3930 quae
655 3857 848 3928 corporalibus
867 3855 956 3910 etium
974 3854 1060 3910 alliic·
1110 3866 1214 3922 donavi
1244 3869 1363 3938 propser
1387 3882 1437 3922 vos
1461 3866 1492 3921 111
1515 3881 1636 3938 persona
1662 3866 1782 3933 Christi,
1804 3869 1832 3918 ur
1858 3875 1902 3916 non

243 3951 397 4008 titionibus
422 3953 577 4024 peragitur,
604 3951 757 4007 utilitatem
781 3949 1058 4019 celebratamque
1110 3959 1284 4030 possideatur
1310 3975 1327 4014 a
1356 3961 1469 4026 sanus
1503 3975 1558 4014 „011
1591 3958 1670 4015 „nim
1699 3957 1832 4014 semp„
1855 3953 1903 4023 ejus

207 4111 210 4117 ,
248 4051 369 4102 testatur
393 4044 489 4118 862
515 4045 575 4101 fore
596 4051 626 4101 et
646 4045 769 4101 stabilem
793 4050 823 4099 ei
843 4044 997 4098 salutarem
1021 4043 1060 4113 (in
1109 4053 1285 4124 ignoramus.
1295 4073 1309 4102 a
1325 4052 1353 4108 Si
1366 4058 1463 4107 antem
1477 4052 1554 4124 quod
1567 4051 1630 4108 laici
1644 4052 1765 4122 donant,
1777 4047 1903 4121 Apostolus

242 4143 375 4204 suluteuq.
398 4138 580 4194 Coudcmunt
597 4143 697 4193 autem
717 4137 804 4193 veluti
826 4135 956 4204 noxium,
973 4139 1060 4207 atque
1111 4146 1280 4202 donassem
1304 4144 1383 4212 dicit,
1406 4144 1480 4216 quod
1503 4144 1651 4218 spiscopus
1669 4145 1779 4212 fecerit,
1801 4139 1903 4216 qualiter

243 4234 314 4289 adeo
338 4231 521 4286 mortiferum
543 4232 615 4287 illud
644 4230 819 4302 penitentie
844 4246 953 4302 genus,
982 4227 1061 4300 quod
1111 4246 1317 4310 respuetur.....
1335 4238 1518 4307 s0i0,frulsr,
1539 4237 1613 4292 hnnu
1633 4237 1726 4309 ipsam
1751 4231 1902 4309 poenitentia
1968 4261 1969 4282 ι

243 4327 348 4381 seculo
365 4325 570 4394 probaturzac
589 4325 682 4380 seculi
699 4324 816 4395 quidem
838 4322 955 4378 nomine
977 4321 1061 4378 nobis
1110 4334 1223 4388 veniam
1244 4347 1302 4386 non
1325 4331 1433 4404 passim
1454 4331 1587 4386 omnihus
1607 4331 1678 4398 dari,
1700 4347 1754 4386 nec
1771 4334 1902 4398 nunquam
1968 4345 1969 4374 l

242 4425 453 4493 blandientum,
479 4425 592 4498 legique
621 4426 687 4492 Dei,
714 4425 838 4496 ideoque
865 4422 1060 4479 ecclesiastice
1111 4431 1161 4480 sut
1185 4425 1382 4495 interpretatio
1408 4423 1510 4480 divine
1534 4423 1703 4492 voluntatis,
1728 4429 1777 4478 aut
1804 4420 1903 4476 fumun

243 4521 401 4594 discipline
421 4521 619 4576 adversantem
634 4535 762 4586 carnem,
783 4523 843 4585 aut,
863 4517 887 4571 si
907 4517 959 4583 vis,
976 4500 1231 4574 schistisiteiio
1251 4518 1348 4585 luerit,
1371 4517 1515 4572 relaxari:
1538 4533 1645 4589 magno
1668 4515 1766 4590 863
1788 4513 1901 4586 pontem.

245 4615 414 4670 maticorum
442 4619 471 4670 et
494 4614 624 4668 mollium
651 4611 841 4684 quorumdam
863 4609 1062 4665 blandimenta
1112 4627 1272 4683 magnoque
1291 4610 1455 4678 libramine,
1472 4615 1534 4682 poet
1555 4611 1659 4666 multos
1675 4611 1798 4682 gemitus
1809 4605 1899 4662 elusio·

244 4708 387 4780 intelligit.
412 4708 571 4780 Cyprianus
595 4722 662 4761 sane
683 4704 880 4777 penitentiam
902 4703 982 4758 illam
1000 4711 1062 4756 tan·
1112 4721 1237 4776 nemque
1254 4705 1456 4776 lacrymarum,
1474 4707 1537 4776 pust
1552 4702 1784 4760 totiusEcclcsiae
1801 4710 1901 4773 preces:
1968 4713 1969 4738 t

244 4802 395 4858 lommodo
412 4801 561 4872 approbat,
578 4817 642 4872 qum
661 4799 817 4855 exteriores
836 4795 921 4852 etiam
941 4794 1061 4851 afflicta·
1112 4799 1152 4854 ita
1165 4798 1277 4854 venium
1292 4814 1368 4854 vcrae
1379 4797 1555 4870 penitentie
1570 4814 1628 4852 nou
1645 4797 1758 4870 negari,
1773 4791 1901 4864 utjudics·

243 4897 336 4951 tiones
366 4898 395 4950 et
424 4895 605 4949 menifestum
635 4893 777 4949 tristitiam
808 4890 966 4962 preferret
992 4889 1062 4945 ilinc
1112 4891 1590 4963 turoChrietonemoprejndicet.
1605 4912 1620 4942 u

245 4989 274 5043 in
289 4989 363 5044 libro
378 4989 411 5044 de
426 4991 521 5058 Lepsia
542 4988 581 5058 (p.
601 4988 662 5056 aet)
679 5003 686 5042 :
704 5007 718 5036 ι
737 4985 830 5056 Agite,
852 4983 955 5055 iuquit,
974 4984 1063 5054 poni·
1149 4986 1295 5057 Improbat
1316 5001 1431 5057 qnoque
1453 5001 1553 5041 eorum
1574 5001 1714 5052 errorem,
1736 4983 1783 5056 qni
1804 4979 1903 5055 peccati
1968 4981 1969 5070 ]

243 5083 366 5136 tentiam
392 5083 526 5152 plenem,
554 5080 679 5136 dolentis
702 5096 734 5135 ac
767 5077 950 5134 lamentantis
975 5077 1063 5132 enimi
1112 5081 1208 5152 aliqua
1229 5079 1409 5151 inexpiabilia
1431 5079 1595 5134 censebant.
1612 5078 1682 5143 Quis
1699 5079 1775 5134 euim
1794 5071 1902 5142 inexpia-
1968 5071 1969 5148 fl

245 5175 364 5244 probate
388 5175 560 5230 maestitiam.
584 5175 641 5229 Nec
663 5189 711 5228 ros
735 5171 926 5244 quorumdam
949 5173 1063 5226 moveat
1111 5174 1182 5229 bilia
1202 5173 1299 5244 alique
1320 5176 1436 5244 paccata
1456 5171 1592 5240 censebit,
1611 5171 1724 5242 quando
1743 5169 1836 5226 Paulis
1854 5165 1903 5218 sinc

244 5271 390 5322 austerior
409 5267 662 5338 improvidus,sni
681 5272 782 5335 stupor
800 5281 898 5327 vanius,
921 5263 980 5335 qni,
996 5279 1063 5318 uum
1113 5269 1171 5322 ulla
1195 5267 1380 5334 rmlnctione,
1404 5270 1454 5320 ant
1476 5265 1630 5320 criminum
1653 5265 1823 5335 exceptione,
1843 5257 1903 5311 alir-

244 5363 395 5414 tcucauiur
408 5360 437 5414 iu
452 5367 509 5414 tam
529 5361 607 5430 gravi
624 5349 766 5425 crimine,
777 5358 904 5428 percussi
918 5360 985 5412 siunt
999 5356 1062 5410 aui·
1114 5367 1173 5416 mat
1189 5377 1219 5415 se
1234 5361 1341 5416 donare
1357 5360 1391 5414 iis
1411 5359 1458 5431 qui
1478 5337 1677 5429 peceaverunt,
1691 5353 1823 5429 quidquid
1836 5357 1902 5404 untia

247 5453 287 5506 mi
308 5451 442 5519 cecitate,
465 5460 497 5505 ut
518 5469 569 5508 uec
592 5452 754 5524 intelligunt
775 5450 886 5522 delicta,
910 5467 961 5506 nec
980 5451 1063 5522 pleo-
1114 5454 1276 5509 alidclibus
1290 5452 1428 5508 donatum
1449 5451 1504 5506 illis
1522 5452 1636 5507 iuerat?
1650 5451 1767 5506 Pulchre
1779 5449 1847 5504 idem
1864 5441 1902 5495 ille

246 5549 323 5618 gout.
341 5545 516 5617 indignantis
532 5547 581 5601 liei
596 5545 688 5617 major
702 5545 763 5600 haec
776 5544 861 5616 plage
873 5549 924 5598 cst.
1114 5549 1251 5604 Parianus
1274 5563 1361 5618 quem
1388 5546 1474 5602 modo
1497 5545 1627 5617 allegavi,
1651 5543 1770 5600 recitatis
1789 5539 1829 5596 his
1847 5534 1902 5606 ipsis

280 5721 327 5786 (35)
345 5722 488 5784 Benedicti,
505 5721 559 5772 ulei
575 5721 717 5782 lallimnr;
737 5733 813 5784 sepe
830 5720 904 5770 euim
919 5689 1063 5771 Christum
1113 5716 1303 5781 appellabant.

249 5799 277 5848 et
308 5795 447 5862 apostolos
476 5794 625 5862 preposita
660 5792 712 5845 huc
747 5791 932 5859 appellatione
958 5793 1065 5842 veteres
1148 5788 1195 5852 (30)
1211 5787 1242 5838 ln
1258 5783 1691 5853 epist.l·,p.t³‚t.111eiblioto.
1707 5783 1774 5835 Pslr.
1789 5777 1863 5828 Puris.
