4076 6190
124 232 160 289 til
764 209 839 276 VITA
858 219 885 276 S.
905 217 1074 278 Cl'PthNl.
1708 215 1757 278 lto

121 370 206 414 carcere
219 351 290 420 obiit,
305 352 336 404 ut
354 355 396 405 ast
410 348 441 404 in
461 346 591 404 Bncherii
609 346 749 418 catalogo,
766 345 814 402 sed
828 361 890 401 san-
903 347 1056 433 Auollegae
1069 345 1185 418 plurimi
1198 344 1246 416 qui
1261 345 1295 400 ad
1312 361 1358 402 me
1371 349 1572 414 couvenerant,
1586 348 1758 418 exspectavi-

121 452 210 522 prinam
226 461 274 518 pro
288 444 397 502 Christo
413 441 550 515 pmiudit,
566 447 597 497 ut
616 440 794 497 demonstrat
807 440 892 496 Tille·
944 455 1008 496 mus
1028 439 1183 494 adveutum
1207 439 1381 509 collegarum
1402 445 1565 494 nostrorum
1583 440 1710 497 Caldouii
1731 445 1760 496 el

120 544 218 600 nuntius
239 555 271 594 er
296 538 387 593 verbis
413 536 551 603 Cornelii,
577 534 626 607 qui
657 551 725 590 eum
758 535 894 606 praeclaro
944 533 1097 600 Fortunati,
1112 549 1182 604 quos
1197 533 1232 587 ad
1252 539 1279 587 te
1298 549 1391 604 nuper
1409 540 1437 588 et
1454 535 1636 606 coepiscopos
1649 539 1760 590 nostrus

118 643 138 694 et
151 632 298 691 admirando
315 630 450 702 martyrio
467 629 648 700 perfunctum
661 628 792 684 declarat.
809 629 894 682 Porro
944 627 993 700 qui
1013 627 1188 682 ordinationi
1209 628 1266 680 tuse
1285 625 1435 694 alluerant,
1455 628 1564 698 legatos
1580 627 1758 696 miseramus,

117 726 313 786 abominatione
332 724 454 780 Cornelii
468 739 557 795 usque
577 721 615 778 ad
634 737 761 777 mensem
775 737 893 778 novem·
945 728 985 790 ut,
999 721 1038 776 eis
1056 719 1274 776 adventantibus
1290 725 1319 774 et
1336 719 1378 774 rei
1393 724 1479 790 gestae
1492 721 1643 776 veritatem
1660 737 1758 792 repor-

117 823 186 888 brem,
208 837 259 876 non
280 819 390 874 videtur
411 816 634 872 Christianorum
657 815 772 886 sanguis
796 815 894 870 llumae
945 815 1079 884 tentibus,
1096 815 1204 884 majore
1218 813 1387 869 auctoritate
1402 820 1431 869 et
1448 814 1540 870 lucide
1558 831 1609 886 per
1626 831 1675 870 eos
1693 829 1759 886 pro·

116 913 190 988 128
213 915 283 968 lusus
301 911 397 968 inisse.
420 909 542 967 Sedebat
564 907 723 982 intrepidus
744 908 893 964 Cornelius
944 909 1068 976 batione,
1089 908 1178 980 partis
1198 907 1323 963 adversae
1342 907 1511 980 improbitas
1534 909 1724 980 frangeretur.
1745 932 1760 960 s

118 1032 127 1056 ιι
138 1010 217 1064 flomae
234 1007 263 1060 in
282 1004 450 1061 sacerdotali
469 1003 605 1058 cathedra
623 1018 658 1058 eo
673 1004 814 1074 tempore,
828 1016 894 1056 cum
945 1002 1045 1074 Liquet
1063 1019 1131 1074 ergo
1149 999 1760 1075 Novatianilegatus129reditumairi·

114 1109 223 1172 tyrunuus
239 1099 356 1154 infestus
372 1095 565 1153 sacerdotibus
583 1095 631 1150 ttei
647 1095 833 1166 fandaatque
848 1094 893 1149 in·
945 1112 1082 1152 canorum
1114 1096 1270 1167 praesulum
1298 1095 1444 1150 celeritate
1470 1111 1630 1167 superesse,
1657 1109 1763 1167 eosque

115 1194 180 1248 tanda
195 1192 416 1258 comminaretur,
431 1205 497 1246 cum
510 1189 600 1246 multu
614 1187 768 1260 patientius
782 1193 811 1244 et
824 1188 893 1243 tole-
944 1190 1059 1246 interim
1078 1189 1278 1245 communione
1299 1188 1456 1260 prohibitos
1469 1189 1556 1244 fuisse
1571 1189 1640 1244 dnm
1655 1189 1762 1261 legato·

114 1287 205 1342 rabilius
218 1286 323 1341 audiret
336 1285 423 1340 levari
443 1284 579 1338 adversus
590 1297 620 1338 se
634 1282 768 1338 aemulum
786 1281 893 1354 princi·
945 1300 1009 1338 rum
1024 1283 1132 1339 reditus
1150 1288 1338 1354 exspectatur.
1355 1282 1409 1347 Qui
1429 1287 1581 1356 postquam
1601 1281 1761 1346 redierunt,

115 1397 172 1452 pem,
186 1395 262 1451 quam
282 1380 380 1436 Rome
400 1377 531 1434 cunstitui
553 1376 602 1432 bei
622 1376 808 1445 sacerdotem,
826 1397 841 1426 »
856 1376 895 1430 ait
946 1377 1038 1448 iisque
1061 1378 1290 1447 supervenerunt
1311 1375 1367 1431 duo
1391 1375 1440 1430 alii
1463 1375 1587 1446 episcopi
1612 1375 1763 1446 Pompeius

114 1474 249 1546 Cyprianus,
258 1472 339 1544 epist.
350 1475 384 1528 52
395 1471 434 1542 (p.
448 1472 502 1542 69).
514 1470 719 1538 Quamobrem,
731 1472 782 1525 aut
794 1469 895 1524 Decius
945 1473 974 1526 et
986 1470 1157 1542 Stephanus,
1169 1469 1217 1542 qni
1231 1467 1355 1525 Cornelii
1370 1468 1546 1524 ordinationi
1561 1469 1762 1539 interfuerant,

115 1583 152 1638 per
168 1571 245 1622 totum
259 1565 327 1621 illud
341 1569 455 1636 tempus
467 1562 642 1618 crudelitatis
661 1579 720 1617 suae
735 1561 893 1618 satietatem
945 1567 1007 1619 tum
1031 1580 1098 1619 vero
1122 1569 1150 1618 et
1176 1562 1279 1618 litteris
1300 1562 1437 1618 llalorum
1465 1562 1664 1634 episcoporum
1691 1579 1762 1634 quas

114 1675 192 1732 capere
201 1675 252 1714 non
262 1659 420 1730 potuit,aut
429 1657 459 1712 id
469 1657 498 1712 iu
509 1657 634 1712 reditum
644 1671 727 1711 suum
737 1655 893 1712 differebat.
946 1657 1034 1729 legati
1046 1659 1211 1724 attulerant,
1223 1661 1252 1712 et
1265 1655 1391 1727 Pompeii
1404 1659 1434 1711 et
1447 1656 1584 1728 Stephani
1597 1656 1764 1714 testimoniis

114 1754 234 1824 Cumorgo
244 1751 393 1808 Cornelius
404 1750 536 1820 arment,
547 1749 592 1806 cui
604 1753 700 1806 tamen
713 1750 893 1821 potissimum
907 1734 934 1806 B
946 1751 985 1806 sic
999 1752 1138 1807 illustrata
1153 1753 1181 1805 et
1196 1747 1361 1806 confirmata
1375 1765 1419 1806 res
1432 1754 1484 1816 est,
1499 1771 1513 1800 n
1530 1754 1561 1805 ut
1578 1766 1631 1805 nec
1647 1765 1764 1805 necesse

113 1846 213 1902 hiensus
230 1849 290 1901 erat
304 1844 415 1912 Decius,
429 1861 488 1900 nou
508 1843 617 1900 ridetur
637 1845 744 1916 lluyses
758 1845 896 1916 preclaro
947 1845 1034 1902 tuerit
1056 1843 1146 1900 audiri
1171 1845 1243 1899 ultra
1267 1859 1317 1898 eus
1338 1843 1386 1915 qui
1409 1860 1426 1898 a
1447 1842 1604 1898 Novatiano
1627 1847 1765 1899 venerant

113 1939 287 1995 ctadmiraudo
297 1939 437 2010 martyrio
448 1938 614 2010 perfunctus
628 1953 728 1994 mense
739 1937 896 2006 novembri,
946 1938 1034 1995 missi.
1050 1961 1065 1990 a
1083 1938 1220 1996 Similiter
1233 1937 1262 1993 iu
1278 1937 1360 2009 epist.
1376 1939 1410 1992 tu
1425 1943 1521 1992 narrat
1534 1937 1690 2009 Cyprianus
1703 1937 1763 2010 epi-

112 2033 148 2088 sed
160 2035 241 2105 potius
254 2049 354 2088 mense
364 2032 504 2104 januario,
519 2035 553 2088 ut
565 2037 607 2087 est
621 2031 650 2086 in
665 2035 776 2089 vetusto
792 2032 899 2088 Bucbe-
948 2049 1046 2105 scopos
1060 2033 1216 2100 Africanus,
1231 2039 1380 2104 postquam
1396 2031 1506 2087 diversa
1520 2047 1585 2103 pars
1599 2031 1765 2104 episcopum

112 2127 138 2180 ni
159 2128 282 2199 catalogo,
306 2127 351 2182 vel
376 2131 453 2182 certe
478 2129 544 2181 ante
569 2125 657 2182 linem
683 2125 897 2198 persecutionis,
948 2127 1001 2182 sibi
1024 2125 1181 2196 constituit,
1199 2125 1322 2196 acceptis
1343 2124 1443 2181 litteris
1464 2128 1521 2180 tam
1537 2124 1661 2180 Cornelii
1679 2141 1766 2198 quam

111 2223 161 2274 aute
186 2221 390 2278 ordinationem
416 2219 541 2276 Cornelii
569 2223 598 2275 et
620 2225 751 2292 apertum
776 2220 899 2276 schisma
949 2221 1134 2293 collegarum,
1153 2239 1167 2270 ιι
1182 2219 1251 2275 item
1268 2218 1485 2275 adventantibus
1498 2217 1580 2274 bouis
1595 2217 1670 2286 viris,
1684 2219 1766 2273 Pom-

111 2314 242 2370 horatiani.
948 2314 1015 2386 peiu
1034 2317 1062 2369 et
1074 2313 1232 2386 Stephane,
1247 2329 1264 2368 a
1278 2312 1381 2385 quihus
1396 2312 1457 2367 haec
1475 2313 1573 2368 omnia
1588 2329 1652 2368 cum
1667 2311 1767 2368 laetitia

164 2409 220 2464 lllll.
233 2437 266 2450 -
279 2410 338 2476 Quo
356 2412 472 2480 tcnspore
489 2407 635 2463 ordinatus
647 2409 827 2465 Nepotianus.
950 2407 1096 2464 communi
1117 2413 1223 2463 asserta
1246 2409 1312 2463 sunt
1333 2407 1454 2462 firmiter
1476 2411 1505 2461 et
1523 2407 1653 2478 proheta,
1668 2428 1682 2458 a
1703 2413 1766 2462 tum

136 2504 166 2557 lte
178 2503 351 2558 ordinatione
364 2501 510 2557 Novatiani
528 2517 587 2556 non
603 2519 660 2557 una
678 2507 721 2557 ast
734 2501 899 2558 criticorum
950 2501 1066 2558 demum
1089 2502 1196 2556 litteras
1214 2501 1248 2555 ad
1270 2500 1433 2557 Corneliam
1453 2499 1597 2557 direxisse.
1618 2503 1691 2572 Ergo
1710 2501 1766 2556 lio-

110 2597 235 2651 sententia.
256 2595 425 2652 pearsonius
442 2596 506 2667 ipso
529 2611 626 2652 mense
640 2596 723 2667 junio
737 2595 899 2652 ordinatum
949 2595 1053 2651 vatiani
1075 2595 1164 2666 legati
1183 2600 1250 2650 ante
1274 2595 1476 2666 Carthaginem
1497 2595 1577 2650 missi
1596 2598 1662 2649 aunt
1681 2611 1768 2667 quam

110 2689 176 2744 tonse
203 2691 388 2746 Novatianum
417 2691 515 2760 putat,
543 2689 661 2761 ejusque
691 2689 800 2760 legatos
827 2688 899 2761 julio
951 2689 1104 2746 Caldonius
1116 2692 1145 2744 et
1157 2689 1329 2744 Fortunatus
1342 2689 1434 2744 Roma
1447 2687 1565 2761 proiecti
1578 2688 1708 2758 tuissent,
1724 2689 1768 2744 vel

29 2779 30 2792 ¹
109 2783 206 2838 incunte
236 2782 441 2855 Carthaginem
473 2783 583 2838 acuisse
609 2800 616 2838 ς
643 2782 840 2838 Tillemontius
871 2783 901 2838 id
950 2783 1023 2839 iorte
1041 2783 1128 2838 etiam
1150 2788 1307 2854 antequam
1326 2781 1445 2838 Romam
1463 2782 1670 2854 pervenissent.
1685 2782 1767 2852 Nam,

110 2877 235 2948 eurupam
258 2875 410 2933 contendit
433 2879 497 2948 post
524 2876 738 2949 comprobatam
763 2875 901 2933 universae
951 2877 974 2932 si
1001 2893 1047 2932 res
1073 2876 1162 2932 oculis
1187 2876 1246 2932 suis
1273 2876 1422 2944 vidissent,
1450 2891 1500 2930 cur
1527 2875 1630 2931 litteris
1655 2879 1769 2931 tantum

109 2969 189 3024 tiriae
210 2969 316 3042 judicio
343 2969 554 3026 ordinationem
580 2969 713 3026 Cornelii.
740 2971 800 3026 Non
826 2971 902 3026 laves
950 2987 1022 3043 quas
1039 2971 1207 3040 attulerunt,
1224 2986 1256 3024 ac
1270 2987 1326 3024 uon
1340 2969 1433 3040 potius
1447 2971 1545 3024 eorum
1561 2985 1673 3041 qnoque
1688 2969 1767 3024 testi-

110 3064 213 3120 ratiooes
236 3063 412 3136 persuadent
434 3063 545 3120 lacinus
566 3063 723 3118 admissum
744 3063 830 3120 fuisse
854 3080 902 3119 an-
912 3105 939 3181 C
952 3065 1047 3120 monio
1057 3064 1199 3119 niteretur
1209 3063 1377 3135 Cyprianus,
1389 3061 1632 3135 quemadmodum
1643 3061 1771 3135 Pompeii

111 3158 205 3228 hquam
228 3158 320 3214 Africa
346 3157 555 3213 ordinationem
583 3157 707 3212 Cornelii
732 3157 903 3213 testimoniis
953 3161 982 3214 et
1002 3157 1139 3229 Stephani
1160 3157 1324 3214 testimonio
1347 3156 1466 3212 nititur?
1485 3158 1626 3213 Praeterea
1651 3158 1771 3212 testatur

109 3251 154 3305 sais
171 3251 362 3308 confirmaret.
381 3251 445 3319 Sed,
466 3257 621 3324 autequam
639 3249 667 3305 id
689 3251 812 3324 probare
833 3251 901 3306 incl·
952 3251 1109 3324 Cyprianus
1124 3251 1152 3306 in
1172 3251 1255 3323 epist.
1272 3251 1301 3306 lt
1326 3267 1356 3306 se
1374 3271 1388 3300 ιι
1404 3265 1438 3306 ex
1456 3250 1568 3320 litteris,
1585 3265 1656 3322 quas
1673 3265 1770 3306 secum

111 3342 181 3413 piam,
194 3345 282 3402 obiter
297 3345 454 3402 observabo
472 3344 655 3400 Pearsouium
670 3345 701 3400 in
719 3345 766 3400 his
784 3362 849 3418 quae
868 3347 903 3402 ad
952 3345 1084 3402 terebant
1110 3344 1198 3416 legati
1225 3345 1372 3400 Novatieni
1399 3350 1428 3400 et
1454 3361 1488 3400 ex
1513 3361 1613 3401 eorum
1638 3360 1771 3400 sermone

111 3437 213 3494 Cornelii
225 3439 439 3496 ordinationem
456 3441 587 3509 spectant
600 3438 797 3511 dispensandis
810 3439 904 3496 minus
954 3447 1040 3512 atque
1065 3439 1283 3508 asseveratione,
1309 3439 1500 3494 Novatianum
1523 3439 1687 3510 episcopum
1712 3439 1770 3494 fac·

111 3536 216 3588 aoeurate
239 3534 357 3590 versari.
386 3532 432 3588 hit
459 3532 539 3588 enim
565 3552 580 3582 u
608 3548 709 3588 meuse
730 3532 813 3604 junio
841 3534 903 3604 J‘am
954 3539 1016 3590 tum
1037 3553 1051 3584 s
1073 3533 1255 3604 comperisse.
1276 3533 1354 3588 Unde
1376 3537 1454 3604 patet
1477 3533 1603 3604 primum
1625 3533 1710 3604 hujus
1731 3532 1772 3588 rei

110 3624 190 3682 allecto
203 3628 376 3699 cyprianum
394 3627 536 3700 accepisse
548 3627 672 3683 Cornelii
686 3629 716 3682 et
728 3627 903 3700 collegarum
954 3627 1088 3684 nuntium
1113 3644 1129 3680 a
1153 3627 1257 3698 legatis
1280 3627 1431 3684 Novatiani
1456 3627 1573 3682 allatum
1599 3625 1694 3696 luisse,
1718 3642 1772 3682 nec

111 3717 208 3775 litteras.
221 3743 235 3770 ιι
249 3721 306 3778 Sed
319 3737 354 3776 ex
367 3721 412 3776 his
426 3720 561 3792 quaejam
579 3720 702 3776 diximus
720 3737 752 3776 ac
770 3721 905 3794 deinceps
955 3735 1129 3794 quemquam
1143 3719 1173 3774 iu
1186 3719 1280 3775 Africa
1293 3719 1468 3776 horrendum
1487 3720 1578 3775 scelus
1592 3723 1657 3775 ante
1673 3735 1772 3775 eorum

110 3810 226 3884 dimotus,
239 3815 413 3887 perspicitur
431 3813 580 3887 episcopos
592 3815 682 3882 atros,
695 3814 817 3886 acceptis
838 3817 904 3872 Cor·
956 3815 1108 3871 adventum
1129 3814 1303 3887 suspicatum
1323 3813 1419 3870 luisse.
1435 3815 1474 3870 Ex
1493 3829 1549 3884 quo
1567 3813 1653 3870 etiam
1668 3814 1772 3870 contir-

110 3907 164 3960 nelii
176 3907 283 3978 litteris,
299 3908 476 3965 desiderasse
491 3908 580 3980 ipsius
596 3909 769 3981 collegarum
783 3909 904 3980 litteras,
955 3914 1050 3964 matur
1061 3909 1137 3981 quod
1150 3908 1210 3980 jam
1226 3907 1358 3976 diximus,
1375 3925 1421 3964 eos
1441 3907 1587 3964 advenisse
1605 3923 1662 3964 non
1680 3907 1774 3963 solum

109 4015 134 4052 ac
148 4007 202 4058 tum
222 4002 342 4059 demum
362 4001 588 4059 adfirmandum
609 4002 733 4058 Cornelii
753 4003 904 4060 ordinatio·
955 4009 1021 4058 ante
1032 4002 1197 4074 Pompeium
1210 4005 1238 4058 et
1249 4001 1480 4075 Stephanuman
1492 4001 1594 4074 quibus
1604 4001 1666 4057 haec
1677 4002 1774 4057 omnia

111 4109 164 4150 nem
176 4096 349 4162 incubuisse,
362 4113 428 4152 cum
447 4097 501 4152 has
513 4096 688 4168 collegarum
700 4096 807 4153 litteras
819 4097 907 4169 legati
956 4099 1064 4154 assarta
1079 4099 1106 4152 et
1118 4097 1250 4167 probata,
1262 4117 1276 4146 a
1291 4111 1395 4168 nempe
1409 4095 1572 4168 episcopum
1587 4095 1773 4151 constitutum

110 4189 259 4246 retulerunt.
285 4193 358 4248 Cum
390 4195 488 4246 autem
520 4189 671 4246 ordinatus
694 4190 783 4246 tuerit
808 4207 907 4247 mense
958 4205 1016 4246 esse
1031 4189 1200 4245 aseditiosis
1215 4211 1230 4239 ιι
1246 4192 1346 4245 contra
1360 4195 1570 4244 sacramentum
1585 4188 1672 4244 semel
1687 4188 1774 4244 tradi-

111 4279 178 4337 lunio
199 4285 359 4350 Cornelius,
383 4284 471 4356 legati
495 4289 558 4357 post
581 4288 731 4356 acceptum
756 4284 842 4357 hujus
866 4284 907 4342 rei
958 4287 1020 4340 tum
1033 4284 1135 4340 divinae
1150 4283 1342 4356 dispositionis
1355 4286 1384 4339 et
1396 4283 1542 4339 catholicae
1556 4283 1680 4352 unitatis,
1696 4305 1710 4334 o
1724 4283 1774 4340 sed

110 4377 224 4434 aunuum
244 4379 280 4434 ab
301 4377 375 4434 anis
394 4378 485 4447 missi,
505 4379 601 4435 redire
620 4395 719 4435 mense
739 4379 822 4435 lunio
844 4396 908 4436 cum
961 4379 1046 4434 etiam
1059 4380 1125 4433 ante
1138 4378 1309 4434 caldonium
1322 4381 1351 4434 et
1364 4377 1645 4434 Fortunatum.Nam
1659 4378 1688 4433 iu
1702 4377 1776 4434 litte·

112 4461 194 4526 litteris
209 4489 266 4528 nou
278 4477 445 4546 potnerunt.
918 4479 948 4552 D
961 4473 998 4528 ris
1012 4489 1080 4545 quas
1092 4471 1246 4528 Caldonius
1259 4475 1289 4526 et
1304 4473 1473 4528 Fortunatus
1485 4489 1501 4526 a
1514 4473 1644 4528 Cornelio
1658 4472 1775 4544 ejusque

139 4563 210 4628 Quod
230 4571 329 4624 autem
347 4571 456 4638 spectat
474 4566 511 4623 ad
525 4567 734 4623 ordinationem
748 4567 908 4636 Novatiaui,
960 4567 1079 4639 collegis
1098 4566 1264 4633 attulerunt,
1283 4565 1388 4638 scripta
1408 4570 1499 4633 eraut,
1516 4568 1548 4620 ut
1565 4570 1685 4621 testatur
1703 4565 1773 4621 Cor·

111 4654 177 4712 lacile
197 4660 333 4730 probatur
353 4659 490 4716 adversus
510 4660 722 4716 Tillemontium
744 4661 797 4716 hoc
820 4662 910 4717 scelus
960 4661 1052 4718 nelias
1069 4661 1151 4732 epist.
1165 4662 1210 4729 ld,
1226 4661 1316 4716 multa
1330 4676 1393 4732 quae
1411 4665 1614 4733 precesserant
1632 4677 1647 4713 a
1663 4659 1772 4714 contes-

112 4752 276 4810 commissum
288 4755 375 4810 tuisse
385 4755 472 4827 paulo
483 4759 546 4826 post
555 4754 764 4810 ordinationem
776 4754 909 4823 Cornelii,
960 4756 1069 4812 sorihua
1091 4755 1244 4810 Novatiano
1268 4754 1447 4809 adhaerentes
1471 4752 1629 4824 designata,
1654 4769 1774 4826 quaeque

112 4859 137 4897 ac
150 4845 214 4903 torte
231 4848 320 4904 etiam
339 4849 401 4921 ipso
418 4863 517 4904 mense
532 4849 615 4920 junio
629 4851 761 4917 exeunte,
775 4851 808 4906 ut
820 4850 909 4905 visum
960 4850 1113 4906 redeuntes
1126 4847 1162 4904 ad
1176 4848 1329 4904 Ecclesiam
1349 4863 1407 4902 nun
1425 4847 1486 4902 sine
1506 4847 1640 4918 iacrymis
1654 4847 1775 4902 confessi

112 4943 145 4992 est
154 4941 311 4998 Pearsonio.
328 4943 400 4998 llam
413 4941 500 5014 legati
512 4959 527 4998 a
537 4944 689 5000 Novatiano
704 4943 783 4998 missi
796 4943 826 4998 iu
840 4943 910 5000 atri·
961 4951 1038 5013 sunt,
1053 4944 1083 4998 in
1096 4943 1141 4999 his
1158 4965 1172 4992 ιι
1186 4944 1393 4998 circumventos
1407 4940 1585 4997 commisisse
1598 4958 1627 4997 se
1642 4941 1777 4998 schisma·

112 5046 161 5088 mm
172 5040 312 5093 venerant
324 5042 479 5110 antequam
491 5037 581 5094 Roma
594 5037 747 5094 rediissent
758 5039 911 5096 caldonius
960 5039 1018 5094 tica
1044 5043 1073 5093 et
1095 5037 1212 5094 haeresis
1236 5042 1367 5093 auctores
1392 5037 1488 5106 fnisse,
1511 5039 1542 5091 ut
1565 5041 1730 5109 paterentur
1752 5037 1777 5093 ei

112 5130 134 5182 ct
143 5131 315 5203 lanceatus,
327 5147 397 5204 quos
408 5131 535 5205 episcopi
544 5132 670 5188 Africani
679 5133 709 5188 in
720 5133 797 5189 hanc
809 5133 911 5189 urbem
963 5133 1139 5206 (Novatiauo)
1161 5147 1265 5188 manus
1288 5131 1370 5204 quasi
1391 5132 1419 5187 in
1439 5131 1603 5204 episcopum
1618 5131 1739 5206 imponi.
1763 5150 1777 5184 o

113 5222 139 5275 td
161 5227 301 5296 pacandas
327 5227 521 5283 dissensiones
549 5227 696 5283 miserant.
728 5228 783 5283 lles
810 5233 852 5285 est.
881 5228 911 5283 iu
961 5227 1035 5282 Atei
1052 5227 1192 5298 eJusmodi
1208 5226 1308 5282 litterae
1329 5226 1482 5282 adventum
1503 5227 1667 5296 legatorum
1685 5227 1778 5282 Nova-

113 5324 229 5392 pmmptu
244 5337 281 5378 cx
297 5322 379 5394 epist.
393 5323 438 5391 lt,
455 5322 501 5378 uhi
519 5325 617 5378 narrat
631 5321 787 5394 Cyprianus
802 5323 911 5394 legatos
961 5321 1032 5378 tiani
1051 5325 1246 5393 occupassent,
1263 5337 1320 5377 uon
1337 5335 1372 5376 ex
1393 5321 1437 5376 his
1458 5320 1559 5392 legatis
1573 5319 1732 5393 Cyprianus
1752 5327 1781 5377 et

113 5407 251 5484 horatiani,
273 5417 370 5471 statim
390 5421 477 5488 atque
496 5416 699 5488 Carthaginem
723 5421 864 5472 venerunt
884 5420 913 5472 et
963 5415 1010 5472 alii
1043 5415 1170 5487 episcopi
1203 5415 1329 5488 primum
1364 5415 1543 5487 episcopatus
1574 5431 1590 5468 a
1623 5415 1780 5472 Novatianu

112 5502 281 5566 hovshauum
303 5511 468 5582 episcopum
486 5510 590 5566 iactum
607 5511 788 5578 nuntiarunt,
802 5529 818 5566 a
830 5526 911 5566 eom·
962 5509 1069 5582 arrepti
1092 5509 1225 5565 nuntium
1249 5509 1434 5582 accepissent.

113 5603 232 5660 munione
255 5605 414 5676 prohibitos
436 5605 532 5674 fuisse,
554 5626 569 5657 ιι
592 5605 721 5661 refutatis
743 5605 859 5662 interim
880 5621 913 5661 ac
998 5606 1058 5660 Non
1076 5608 1169 5676 potest
1186 5619 1256 5676 ergo
1276 5603 1389 5660 delendi
1407 5603 1579 5658 sententiam
1595 5601 1780 5672 tillemontii,

114 5697 197 5752 retusis
210 5715 275 5772 quae
295 5699 435 5756 obstinate
454 5717 487 5756 ac
507 5699 689 5774 pertinaciter
703 5714 829 5755 asserere
850 5703 911 5755 ten·
962 5716 1015 5754 nec
1043 5699 1101 5754 ulla
1128 5715 1246 5770 prorsus
1272 5699 1382 5753 ratione
1410 5697 1637 5752 accuratissimus
1664 5699 1782 5769 scriptor

113 5787 204 5846 tabant.
226 5814 239 5844 a
264 5793 373 5852 Deinde
396 5794 458 5850 haec
483 5793 592 5850 addit:
621 5815 635 5845 ιι
659 5795 731 5850 llam
756 5799 785 5851 et
807 5809 861 5867 ego
884 5799 914 5850 et
963 5793 1175 5851 ordinationem
1202 5791 1349 5848 Novatiani
1377 5795 1442 5865 post
1469 5790 1595 5847 reditum
1622 5793 1783 5862 legatorum
