4172 6186
236 259 308 316 titt
888 245 979 310 snit.
990 243 1099 304 ΟΜΝ.
1118 241 1228 303 NOTAE.
1850 237 1925 292 {206

234 393 290 434 nua
309 379 362 433 sub
377 377 493 431 Aurelio
510 377 588 443 imp,
611 375 646 428 de
665 381 722 442 quo
740 375 869 428 lustinus
889 371 999 438 Martyr.
1028 371 1056 424 et
1066 383 1097 456 Α
1137 365 1303 418 Dominicum
1322 361 1452 440 celebrare
1475 365 1499 412 te
1524 359 1619 444 modu.
1644 358 1792 425 Respicere
1815 355 1928 444 videtui

236 451 353 504 Tertull.
367 450 397 501 in
409 447 543 513 Apologst
1115 443 1212 491 auctor
1234 439 1329 490 noster
1348 435 1443 486 locum
1462 433 1498 484 D.
1517 431 1597 484 Paub
1619 433 1633 484 1
1653 433 1724 494 con,
1744 444 1805 494 xm,
1825 430 1851 494 2,
1878 429 1930 482 ubi

264 525 304 575 Ns
317 521 454 586 tetr‘geritis
477 521 586 584 Legunt
594 519 627 584 μὴ
636 518 756 582 interm.
772 517 929 583 Cyprianus
943 513 1053 567 videtur
1106 509 1246 576 iubentur
1263 505 1367 572 singuli
1388 504 1487 556 fideles
1511 505 1600 570 primo
1621 502 1729 555 sabbati
1748 503 1807 555 sire
1823 504 1929 567 quavis

233 594 334 660 legisse
349 593 381 656 μὴ
394 591 481 655 iture.
1109 581 1154 634 dle
1174 579 1330 641 Dominica,
1358 589 1482 642 seponere
1509 575 1581 640 gued
1603 576 1642 626 sis
1666 573 1929 640 rememoretur

266 663 405 716 Oculorum
420 662 566 716 crudelium
585 662 671 714 breuis
689 661 803 724 futatus.
816 657 942 710 lirantda
962 656 1011 707 illa
1024 657 1054 706 et
1102 665 1209 704 morem
1224 651 1278 702 hac
1299 664 1334 702 ax
1355 651 1444 715 parte,
1462 647 1599 701 Ecclesia
1618 647 1780 728 cbristianm
1802 645 1927 710 explicat

235 747 310 788 saeva
334 734 505 785 theatrorum
524 731 625 798 gaudia
643 745 707 798 qum
721 733 932 796 persecutorum
953 739 1051 791 pasce·
1100 724 1229 776 lucunas
1252 722 1365 787 Martyr,
1391 719 1509 785 apot.11
1534 735 1541 772 :
1563 722 1600 784 Τῇ
1619 735 1662 770 του
1693 717 1779 770 ‘illisu
1808 716 1928 782 lepardus

234 807 305 858 bant
319 806 425 868 oculos,
442 805 521 857 luent
532 805 626 857 miseri
640 804 669 854 in
684 801 820 868 gehennae
838 795 959 850 flammis
970 799 1051 848 aeter-
1101 794 1180 860 ἡμέρᾳ
1218 794 1313 844 risaei
1352 809 1414 844 aare
1451 791 1520 842 πόλιν
1551 791 1568 852 ἦ
1608 789 1697 858 iperii
1730 788 1848 854 meissen
1885 787 1928 838 iss

231 890 303 928 num
323 875 486 929 cnaeiandi:
508 873 745 940 etapauperibus
768 873 797 924 in
817 873 910 924 alnum
930 867 1051 921 Abrabae
1100 865 1128 915 τὸ
1164 865 1223 916 αὐτὸ
1268 865 1406 922 mutirem
1441 861 1540 928 γίνεταῖ.
1573 861 1702 928 Cumque
1741 873 1857 944 precum
1896 861 1927 912 et

232 947 477 1013 receptiselonge
490 946 644 1011 spectandi.
1104 937 1292 990 Eucharistiae
1321 937 1458 990 solemnia
1487 935 1690 1000 descripsisset,
1715 931 1869 997 subjungit,
1900 931 1926 978 ot

263 1018 306 1070 do
319 1017 553 1069 immortalitatem
568 1016 615 1068 sub
638 1017 695 1080 ipsa
715 1019 796 1066 morte
815 1014 959 1066 transitur.
982 1012 1051 1064 llaec
1100 1008 1256 1076 atramina
1286 1011 1314 1060 ii
1341 1009 1382 1060 uui
1417 1007 1569 1073 βουλόμενοι,
1592 1005 1655 1056 κατὰ
1683 1004 1821 1071 προαίρεσιν
1854 1003 1927 1052 etas·

233 1089 330 1142 emnia
343 1089 378 1140 ad
399 1088 544 1140 ethnicum
562 1087 702 1150 dicuutur,
717 1090 744 1138 et
767 1085 892 1138 nondum
914 1099 965 1151 per
980 1085 1050 1150 bap·
1099 1097 1139 1138 τος
1175 1081 1217 1140 τὴν
1256 1078 1354 1146 ἑαυτοῦ,
1384 1080 1398 1130 t
1434 1079 1545 1145 βοὺλετάι
1574 1077 1667 1140 deaei,
1706 1075 1749 1126 aul
1779 1074 1808 1126 si
1838 1074 1924 1124 suns-

235 1162 350 1212 lismum
363 1163 501 1212 renatum.
518 1158 682 1213 Christianis
697 1157 840 1222 improbis,
855 1162 884 1210 et
902 1170 964 1209 sero
983 1157 1051 1208 resl-
1098 1153 1200 1218 ripaeos
1247 1152 1313 1218 παρὰ
1352 1151 1387 1215 τῷ
1421 1151 1556 1218 sperarim
1592 1147 1738 1211 ὑποτίθεται,
1773 1145 1816 1195 nal
1853 1145 1927 1200 αὐτος

232 1230 416 1297 piscantibus,
446 1243 503 1282 non
531 1235 589 1282 tam
620 1229 710 1281 lucilia
737 1233 828 1294 potest
857 1229 980 1295 promitti
1001 1241 1049 1280 ra·
1099 1219 1221 1289 lrtmupst
1260 1221 1371 1288 ὀρφανοῖς
1401 1237 1425 1270 rr
1465 1221 1508 1270 iai
1547 1218 1642 1286 xerat,
1676 1221 1730 1268 etc·
1766 1215 1929 1268 Observan-

232 1302 288 1354 nla.
1099 1295 1167 1346 dum
1200 1294 1278 1346 venit
1301 1292 1435 1345 Dominiai
1469 1305 1539 1344 voce
1573 1290 1624 1343 tria
1656 1287 1810 1355 significari
1849 1285 1926 1350 apud

270 1419 307 1472 ut
323 1416 458 1471 manen
474 1417 523 1468 nn
541 1416 659 1470 ornan
676 1415 723 1469 nr
743 1413 1005 1469 aunauosrrus.
1098 1363 1499 1504 {gffifffipssfflgssmstffffl
1516 1363 1555 1485 ἓξ
1572 1360 1808 1493 {ffiffifflffssf
1818 1359 1929 1481 ζὀξοίῗ*

261 1517 299 1570 De
313 1519 395 1582 Opere
414 1521 437 1568 et
460 1513 644 1580 Eleemosgnis.
666 1513 748 1567 Nulla
767 1516 856 1580 magis
877 1523 908 1565 re
931 1511 1049 1566 emlcuit
1099 1509 1235 1571 tteooea,
1255 1521 1316 1560 can.
1332 1521 1360 1572 v,
1374 1507 1455 1571 jubet
1469 1505 1708 1558 catechumenum
1718 1501 1925 1568 ingredientem

231 1591 364 1658 primaeva
389 1587 486 1653 pietas,
515 1601 600 1652 quam
628 1586 676 1637 illa
706 1583 795 1636 effusa
820 1586 966 1650 largitione
992 1597 1047 1650 qua
1097 1581 1123 1638 lt
1151 1579 1180 1631 τὸ
1205 1579 1334 1645 reperite,
1360 1580 1389 1630 in
1419 1577 1483 1630 loco
1510 1576 1783 1630 catechumenorum
1810 1571 1926 1654 subsis-

231 1673 386 1728 pauperum
414 1657 631 1712 necessitatibus
663 1657 885 1710 succurrebatur.
924 1657 981 1709 Nec
1017 1657 1048 1708 in
1099 1655 1168 1704 tere.
1203 1651 1239 1702 lit
1265 1651 1381 1702 Hieron.
1408 1649 1437 1701 ln
1463 1647 1593 1701 Chronico
1622 1648 1663 1700 sla
1692 1659 1762 1699 voce
1791 1645 1927 1696 Dominssi

231 1732 332 1784 olficlis
348 1730 414 1783 tillia
426 1729 502 1795 plabl
527 1727 694 1782 Christiane)
708 1727 940 1782 commendandis
957 1728 1047 1810 magis
1063 1725 1201 1831 Butitur,
1222 1725 1249 1775 el
1267 1723 1296 1774 iu
1318 1720 1480 1774 vernaculis
1500 1721 1602 1772 nostris
1618 1718 1733 1786 linguis,
1747 1715 1924 1799 Nostratinm

229 1803 377 1856 desudarit
407 1805 455 1856 eut
484 1801 672 1868 apostolorum
698 1804 747 1852 aut
770 1800 825 1854 SS.
853 1800 966 1850 Petrum
991 1797 1052 1848 dilt-
1103 1794 1216 1858 Cicerei,
1230 1797 1257 1846 et
1271 1792 1475 1846 Germanorum
1494 1789 1589 1854 Dalm,
1604 1789 1707 1843 exhoc
1721 1790 1798 1842 lente
1813 1787 1924 1852 liquido

229 1877 330 1942 gentia.
355 1874 391 1925 Et
410 1874 524 1940 uiridem
545 1887 609 1940 quar
633 1873 669 1925 de
689 1873 744 1926 bac
767 1872 882 1924 materia
902 1872 932 1922 in
954 1868 1051 1921 libello
1102 1865 1288 1919 deducuntur.
1313 1865 1341 1916 3ο
1358 1865 1475 1916 Ponitur
1494 1875 1544 1929 pro
1565 1861 1707 1927 mysteriis
1723 1861 1786 1913 loco
1804 1861 1832 1912 el
1846 1863 1924 1910 tem-

229 1947 281 1998 isto
296 1945 410 2011 egregie
425 1949 491 1996 sunt
507 1948 648 2010 congesta,
665 1957 722 1996 non
736 1945 797 1996 sine
818 1943 935 1996 numine
956 1940 1051 2006 aliquo
1100 1949 1166 2004 pore
1193 1933 1334 2001 praedictis
1369 1934 1506 1987 celebrari
1539 1931 1645 1994 solitis;
1675 1933 1715 1983 ita
1741 1930 1856 1998 sapiatis
1882 1945 1923 1980 rs-

228 2017 360 2070 videutur
381 2015 491 2079 scripta,
511 2018 542 2065 ut
563 2016 715 2080 paratiores
737 2017 830 2066 essent
848 2015 965 2063 fratrum
985 2010 1052 2063 Car·
1099 2009 1158 2070 teir,
1189 2011 1232 2058 est
1269 2007 1355 2059 sacris
1388 2005 1557 2058 Christianis
1589 2005 1706 2071 operari.
1735 2003 1771 2056 Et
1804 2003 1923 2054 sortasse

229 2087 437 2152 ihagineusium
462 2089 572 2137 mentes
595 2085 630 2136 ad
650 2099 732 2150 epam
757 2083 899 2136 ferendam
921 2080 1051 2132 laboran·
1099 2078 1156 2130 huc
1176 2079 1252 2140 lacit,
1268 2077 1341 2143 quod
1363 2077 1411 2130 bic
1435 2076 1537 2130 dicitur
1559 2077 1724 2128 ilomiiiirurn
1740 2075 1876 2127 misirere
1899 2079 1925 2124 ta

231 2159 307 2210 tibus
321 2156 449 2208 Numidis
463 2158 512 2222 qui
537 2156 699 2208 aBarbaris
718 2156 774 2208 bac
789 2156 953 2219 tempestate
971 2155 1050 2202 eraut
1099 2149 1210 2202 aredis?
1235 2149 1317 2202 Certe
1343 2149 1413 2202 adeo
1440 2152 1535 2202 arctus
1562 2151 1622 2200 crat
1648 2161 1738 2200 nexus
1764 2147 1836 2198 inter
1862 2145 1923 2196 liu-

229 2221 321 2292 capti3'
340 2228 419 2291 eujus
439 2228 478 2277 rei
500 2230 605 2278 mentio
630 2228 752 2280 occurrit
773 2228 852 2293 epist.
877 2225 917 2290 ei,
940 2223 975 2274 ud
1000 2224 1049 2273 Pa·
1099 2222 1238 2273 charistim
1260 2221 1478 2286 perceptionem,
1497 2221 1526 2272 el
1545 2221 1605 2286 elus
1628 2219 1784 2272 oblationes
1806 2217 1924 2283 partici-

229 2299 306 2350 melii
329 2312 407 2349 num.
431 2299 472 2350 60.
494 2299 630 2350 Libellum
657 2299 734 2350 hunc
755 2303 819 2349 ante
842 2297 918 2347 illam
940 2293 1049 2346 cladem
1098 2293 1200 2358 pandi;
1216 2295 1248 2344 ut
1269 2294 1328 2357 pari
1351 2305 1460 2357 semper
1483 2305 1570 2358 passu
1591 2290 1830 2356 praeodorantur
1854 2289 1922 2341 abs-

229 2369 364 2431 ecriptum
391 2367 477 2418 luisse
504 2369 571 2420 satis
593 2368 660 2419 inde
687 2367 848 2430 coniicitur,
877 2365 952 2430 quod
976 2365 1049 2416 iuter
1098 2365 1169 2416 lenti
1186 2363 1357 2428 riderentur,
1384 2363 1490 2429 quibus
1515 2359 1571 2415 hoc
1593 2361 1771 2428 privilegium
1794 2359 1923 2417 suissuia<

227 2439 414 2500 hortamenta,
440 2438 517 2489 nulla
538 2439 666 2490 occurrat
687 2438 792 2489 mentio
813 2451 906 2490 causae
930 2439 986 2486 tum
1010 2435 1048 2484 fn·
1098 2436 1157 2498 peri
1190 2439 1326 2500 προσφορᾶς
1357 2435 1490 2502 negatum
1526 2449 1533 2484 :
1567 2448 1624 2499 qua
1659 2431 1694 2485 de
1729 2447 1759 2485 re
1790 2431 1922 2484 rideatur

227 2509 369 2562 vorabilis.
393 2507 551 2560 Tractatum
573 2509 657 2574 igitur
681 2509 771 2573 ipsum
792 2521 836 2559 an.
858 2507 907 2558 itit
927 2507 1049 2572 assigna·
1098 2506 1198 2558 concil.
1217 2507 1333 2571 Ancyr,
1353 2521 1415 2558 can.
1439 2519 1465 2567 v,
1491 2518 1545 2558 nec
1566 2518 1624 2556 non
1644 2517 1708 2572 qum
1732 2504 1869 2557 dicuntur
1890 2505 1922 2554 in

226 2595 299 2644 mua,
315 2581 364 2645 qui
385 2580 546 2644 predictam
566 2580 752 2632 Barbarorum
766 2578 957 2629 incursionem
972 2577 1047 2627 vide·
1097 2577 1184 2642 Epist.
1201 2577 1226 2628 i.
1242 2576 1273 2627 ln
1295 2577 1369 2630 hanc
1390 2581 1514 2629 mentem
1535 2575 1648 2629 locutus
1667 2575 1778 2628 videtur
1797 2575 1833 2627 D.
1855 2577 1921 2628 Au-

227 2655 273 2705 tur
286 2652 469 2718 precessisse.
489 2651 602 2703 Librum
621 2652 698 2704 hunc
722 2649 818 2701 laudat
833 2649 867 2699 D.
883 2648 1045 2712 Hieronym.
1097 2652 1167 2714 gust.
1189 2661 1274 2700 serm.
1297 2647 1354 2712 eie,
1376 2649 1408 2700 de
1431 2647 1518 2714 lamp.
1545 2663 1589 2698 :a
1611 2646 1775 2700 Oblationes
1796 2660 1863 2713 quae
1891 2648 1922 2698 in

227 2723 309 2788 epist.
343 2721 378 2772 ad
405 2721 554 2774 Pammueb.
582 2723 638 2774 Neo
663 2734 720 2772 non
746 2721 780 2771 D.
810 2720 926 2784 August.
955 2723 1046 2768 contra
1097 2720 1195 2772 altario
1232 2724 1431 2774 consecrantur
1479 2718 1591 2781 offerte;
1630 2715 1796 2772 erubescere
1833 2715 1923 2770 debet

112 2849 116 2858 ,
226 2793 392 2858 Pelagianos,
412 2795 503 2846 contr.
521 2792 626 2843 Julian.
646 2796 673 2846 et
692 2789 758 2842 alibi
779 2789 891 2855 passim.
912 2787 1046 2852 Ejusdem
1095 2793 1180 2843 bomo
1195 2790 1325 2855 idoneus,
1338 2792 1363 2843 si
1377 2791 1413 2844 de
1428 2791 1520 2843 aliena
1534 2789 1675 2842 oblatione
1688 2789 1890 2843 communicat.
1904 2809 1920 2838 s

227 2863 389 2915 meminisse
406 2862 517 2914 videtur
534 2863 650 2916 Pontius
673 2859 727 2914 sub
747 2860 828 2912 titulo
846 2859 910 2912 libri
924 2859 956 2910 de
970 2859 1046 2911 titire·
1096 2861 1304 2916 seiaimririum
1321 2878 1424 2930 panem.
1448 2861 1526 2916 Lxx
1546 2859 1651 2914 habent
1671 2859 1800 2928 ἐγκρυφίαν
1822 2862 1920 2928 pcepta

226 2935 353 2986 ricordia.
1095 2933 1238 2999 Hesychia
1258 2935 1420 3000 interprete,
1437 2933 1559 3000 irreptus,
1579 2933 1653 3001 ipsos
1674 2931 1736 2990 ellac
1758 2931 1772 2983 6
1789 2931 1815 2983 ἐν
1832 2933 1920 2984 anai&

235 3005 345 3058 'Adam
370 3011 536 3070 portaverat.
561 3007 772 3072 Apportaverat,
790 3003 900 3056 inflixit.
926 3003 961 3054 D.
987 3004 1043 3054 Ati·
1094 3003 1227 3068 γενόμενος,
1240 3005 1274 3054 τῶ
1287 3006 1320 3069 μὴ
1333 3003 1524 3056 εῖναιιλιὸανον.

228 3083 304 3144 gast.
324 3077 401 3129 hunc
425 3078 518 3130 locum
548 3079 651 3142 saepiua
678 3076 787 3140 laudat,
817 3075 944 3141 dicitque
972 3073 1042 3126 duas
1125 3075 1228 3127 Fidelis
1245 3076 1339 3142 [arria.
1358 3077 1414 3128 Vas
1430 3077 1525 3130 fictile.
1545 3075 1645 3130 LXX:
1667 3075 1738 3143 tiele
1754 3071 1798 3128 roi
1813 3075 1920 3144 θέρου

228 3150 440 3214 Pelagiuuorum
473 3149 608 3200 falsitates
645 3149 692 3200 bic
728 3147 870 3212 redargui,
906 3165 921 3194 a
958 3125 1485 3213 unamssoinliilnrsualixauiunrsoi
1500 3148 1593 3200 llatae.

201 3257 206 3264 -
228 3235 284 3288 qua
305 3221 404 3272 dicunt
424 3220 495 3272 nibil
518 3221 648 3272 vitiorum
665 3233 701 3272 ex
720 3218 809 3271 Adam
830 3217 940 3269 trabere
959 3231 1048 3284 genus
1134 3217 1212 3268 Verus
1233 3223 1258 3270 st
1274 3220 1553 3284 iustar.·Lectiouem
1569 3219 1647 3271 illam
1668 3217 1795 3284 asprum
1819 3219 1920 3273 auctor

228 3293 399 3358 humanum,
421 3292 497 3357 quod
519 3293 556 3343 sit
578 3291 735 3342 sanandum
760 3290 975 3354 curandumque
998 3302 1048 3354 per
1097 3291 1191 3342 noster
1236 3304 1301 3355 quaa
1344 3291 1445 3354 habet,
1485 3291 1609 3356 ἄνθρωπος
1663 3289 1755 3348 tosiuor
1799 3287 1920 3356 haime,

228 3363 388 3424 Christum
406 3362 521 3413 alteram
543 3375 599 3428 qua
620 3362 727 3426 dicunt,
742 3361 854 3413 nullum
867 3365 932 3426 post
945 3359 1049 3424 baptis·
1096 3361 1202 3426 δίκαιος,
1244 3364 1327 3427 eujus
1368 3363 1431 3415 loco
1471 3363 1528 3416 alia
1567 3361 1737 3428 exemplaria
1777 3367 1921 3427 reponunt

226 3441 304 3486 mum
331 3434 443 3484 sanctos
464 3431 569 3484 babere
594 3438 750 3498 paccatum.
770 3449 785 3480 u
812 3429 894 3482 Cont.
917 3429 932 3480 Ξ
958 3430 1044 3494 Epist.
1096 3433 1235 3498 ἃμεμπτος,
1266 3435 1320 3485 alia
1354 3435 1466 3499 ἁμωμος.
1497 3434 1568 3498 Quae
1603 3433 1650 3487 bic
1683 3433 1844 3486 redundant
1882 3435 1919 3488 da

227 3505 321 3570 Pelag.
339 3505 375 3555 ad
391 3503 481 3554 Bonii.
497 3503 643 3568 l.1v,c.8.
1096 3505 1238 3558 offerendo
1262 3506 1383 3558 vitulam
1415 3520 1466 3572 pro
1498 3507 1631 3571 peccatis,
1658 3504 1688 3557 ln
1720 3503 1828 3558 ereas
1851 3519 1921 3570 pas-

257 3577 315 3628 Non
331 3575 421 3640 utiquo
439 3573 488 3625 illa
507 3574 602 3626 delicta
622 3586 681 3639 qua
696 3572 806 3637 sumant
824 3577 886 3623 ants
899 3577 1044 3624 contrecta.
1096 3577 1148 3627 sim
1180 3577 1388 3643 exemplaribus
1424 3581 1594 3640 communi,
1627 3580 1656 3628 et
1692 3589 1787 3629 revera
1823 3573 1919 3632 θυσίαι

228 3644 412 3702 Obseruantia
426 3647 504 3698 venit
518 3659 629 3697 summa
644 3647 813 3710 scriptorum
827 3647 952 3695 veterum
965 3645 1045 3696 solli·
1095 3647 1244 3712 superaddi
1278 3647 1377 3711 solent,
1407 3648 1438 3697 rai
1470 3647 1524 3713 aspi
1560 3641 1703 3714 ἁμαρτίωό.
1738 3647 1802 3700 Viri.
1839 3647 1924 3700 reat.

230 3718 336 3782 citudo,
354 3731 390 3768 ne
405 3716 473 3784 quid
488 3718 523 3768 ab
537 3717 605 3782 ipsis
624 3717 732 3770 dictum
751 3717 842 3768 elevet
862 3716 1045 3768 certissimam
1095 3717 1257 3781 xxxix,10.

229 3791 324 3852 fldem,
342 3789 418 3854 quod
432 3793 547 3854 peccata
568 3790 662 3839 omnia
682 3791 817 3839 anteactae
833 3787 899 3839 altae
914 3786 1045 3852 baptismi
1126 3787 1268 3843 eremium
1287 3792 1357 3841 ssim
1383 3789 1489 3841 bonum.
1510 3789 1558 3842 Sic
1581 3790 1667 3842 etiam
1689 3783 1757 3855 legit
1777 3787 1918 3856 Vulgatus

226 3862 338 3914 lavacro
354 3865 519 3926 purgantem
538 3873 594 3926 qua
614 3873 663 3924 spe
682 3862 710 3910 et
727 3859 944 3924 exspectatione,
962 3863 1044 3923 quot·
1094 3861 1239 3927 interpres.
1260 3859 1357 3914 Graeca
1373 3861 1486 3925 habeut,
1502 3861 1563 3925 lips
1580 3860 1679 3926 ἀγαθὸν,
1695 3860 1770 3913 unde
1792 3857 1918 3927 θεματικαὶ

228 3937 297 3998 quot
316 3931 477 3985 christianae
500 3929 567 3984 fidei
589 3933 704 3984 nomina
721 3930 834 3996 dedere,
854 3931 991 3996 imprimis
1009 3929 1044 3982 ad
1099 3931 1198 3995 ὰγῶνις,
1223 3931 1253 3982 iu
1280 3932 1385 3998 quibus
1414 3933 1542 3998 deposito
1566 3931 1662 3998 aliquo
1687 3931 1803 3998 premio
1826 3937 1920 3987 certa·

227 4003 397 4068 baptlsmum
413 4003 506 4054 allecti
519 4004 660 4057 videntur.
1097 4006 1142 4054 tur
1179 4017 1185 4052 :
1220 4004 1270 4069 qui
1307 4007 1336 4056 et
1374 4002 1520 4070 &propitum
1556 4004 1676 4069 oppositi
1711 4001 1861 4068 στιφινίωις
1891 4009 1921 4060 at

258 4075 337 4138 iugis
357 4075 485 4138 operatio.
509 4076 571 4126 liae
590 4089 657 4128 voce
678 4075 783 4141 passim
803 4073 930 4139 designat
947 4075 1045 4124 auctor
1096 4071 1224 4144 quilisma

228 4157 312 4196 omna
332 4145 412 4208 illud,
434 4157 490 4210 quo
511 4145 586 4209 apud
601 4159 654 4197 nos
669 4143 807 4197 bonorum
831 4157 947 4209 operum
961 4147 1044 4194 nota·
1126 4143 1209 4208 Quale
1245 4159 1349 4198 munus.
1393 4146 1531 4212 impensae
1573 4147 1798 4200 munerariorum
1839 4147 1917 4212 apud

228 4217 305 4267 tione
315 4215 480 4279 intelligitur
493 4230 500 4265 :
512 4213 588 4267 uude
602 4217 644 4267 sic
656 4217 685 4267 in
697 4215 762 4267 libri
776 4215 862 4279 bajus
875 4214 955 4265 titulo
966 4213 1045 4265 adbi·
1092 4217 1237 4278 lttbuicos,
1253 4217 1283 4268 in
1306 4217 1456 4268 hominum
1483 4217 1596 4270 laniena
1621 4222 1649 4269 et
1673 4219 1797 4283 pernicie
1818 4233 1916 4272 vema-

228 4286 320 4349 betur‚
342 4290 375 4337 ut
394 4287 469 4338 idem
487 4288 522 4338 alt
538 4299 605 4338 cum
622 4287 799 4352 eleemosyna
817 4301 823 4336 ε
844 4289 872 4337 et
888 4289 972 4350 caput
989 4286 1045 4351 prl·
1092 4289 1210 4351 bantur;
1231 4286 1382 4340 Christiani
1404 4289 1434 4339 in
1461 4287 1561 4342 iisdem
1584 4287 1767 4342 sublevandis
1781 4295 1916 4356 sumptus

228 4371 306 4409 mum
323 4358 396 4409 tertii
411 4357 474 4408 libri
490 4357 525 4410 ad
541 4357 651 4420 Quiriu.
670 4358 839 4420 inscribitur,
853 4359 890 4408 De
900 4359 971 4408 Bono
985 4369 1044 4422 apa·
1092 4362 1227 4413 iecerunt.
1244 4359 1444 4425 Spectaculum
1458 4351 1529 4412 illud
1545 4360 1604 4412 Deo
1622 4361 1678 4425 opt.
1694 4374 1768 4414 max.
1790 4361 1914 4414 alterum

226 4429 265 4479 ris
278 4429 305 4479 si
320 4427 516 4480 misericordie.
530 4428 584 4481 Ubi
604 4429 744 4494 videque
756 4429 839 4481 dicta.
1103 4431 1213 4484 diabolo
1230 4430 1354 4498 dignum.
1380 4433 1464 4484 Porro
1483 4445 1540 4484 non
1560 4432 1651 4483 solum
1669 4433 1697 4482 in
1714 4432 1923 4498 largitionibus,

258 4501 289 4551 ln
319 4498 414 4552 tabula
434 4501 491 4565 iem
520 4500 609 4552 lotum.
635 4500 676 4552 Ἐν
704 4501 740 4550 τῶ
771 4501 883 4568 turpem.
909 4499 983 4564 Act,
1013 4513 1045 4552 rx
1060 4495 1153 4572 Dsed
1176 4500 1263 4555 multo
1292 4503 1382 4568 magia
1406 4503 1435 4553 in
1456 4501 1698 4568 perpessionibns,
1726 4507 1923 4569 spectaculum

227 4571 391 4636 coeuuculo,
407 4571 438 4622 iu
460 4573 604 4636 superlore
623 4574 758 4624 nimirum
782 4571 912 4624 tabulato.
934 4572 1052 4624 Librarii
1104 4575 1173 4638 lieo,
1193 4574 1310 4640 angelis,
1333 4579 1363 4626 et
1389 4573 1551 4626 hominibus
1576 4573 1643 4626 lacti
1668 4579 1736 4626 aunt
1757 4574 1922 4640 Christiani,

225 4656 275 4708 pro
296 4647 380 4708 captu
404 4656 465 4707 suo,
485 4655 591 4696 menate
614 4645 736 4696 maxime
762 4655 909 4707 memores,
931 4641 1047 4694 mistam
1103 4645 1240 4699 referente
1264 4644 1408 4711 Apostolo,
1435 4643 1543 4705 teor..
1572 4655 1613 4708 rx,
1637 4645 1654 4697 il
1678 4657 1685 4695 ε
1714 4645 1812 4698 idanus
1831 4661 1923 4699 aaroni

221 4716 294 4780 jam,
310 4719 505 4780 reposuerunt.
520 4715 579 4768 llos
591 4714 703 4768 lavandi
715 4719 841 4768 mortuos
855 4713 930 4780 apud
951 4717 1048 4779 gentes
1102 4730 1202 4769 summo
1213 4719 1278 4782 Deo,
1291 4715 1401 4769 ridetur
1412 4715 1516 4783 opponi
1526 4713 1583 4768 illia
1594 4728 1658 4783 qum
1673 4715 1754 4781 liunt,
1766 4729 1860 4770 coram
1872 4717 1923 4772 to-

227 4786 358 4850 obtlnnrt,
372 4787 448 4838 unde
461 4787 572 4838 Ennius
585 4786 692 4840 dixerat
710 4800 717 4836 :
1102 4788 1227 4840 minibus.

293 4857 439 4924 Tarqrrinil
451 4869 553 4922 corpus
569 4857 644 4911 bona
660 4858 766 4910 femina
781 4857 850 4910 lavit
864 4859 893 4909 et
903 4855 994 4908 unxit.
1135 4860 1272 4926 Quadriga
1290 4857 1331 4911 uel
1356 4855 1516 4912 aemulatus
1542 4857 1679 4925 llujorum
1704 4859 1924 4926 magistratuum

259 4929 465 4981 dedititiorum.
481 4929 543 4982 Vid.
560 4943 624 4995 qum
636 4929 712 4983 dicta
723 4929 742 4980 l.
757 4943 796 4981 m.
814 4929 849 4980 ad
862 4929 949 4993 (lein,
978 4941 1003 4980 o.
1023 4929 1053 4980 lii
1100 4926 1221 4982 honores
1233 4933 1260 4982 et
1274 4931 1402 4996 insignia.
1417 4927 1538 4994 curules,
1548 4931 1642 4998 lnquit
1654 4927 1765 4996 Feslus,
1777 4933 1843 4998 spui
1856 4948 1924 5001 qsa-

259 5001 320 5052 Alta
340 5002 366 5052 at
387 5000 533 5066 profunde.
561 5002 661 5068 Papias
686 5002 725 5054 alt
747 5015 754 5051 r
778 5019 793 5048 «
809 5000 942 5074 'Altitudo
964 5011 1045 5052 com·
1100 5001 1226 5068 drr‘qales.

227 5083 314 5122 mune
328 5075 485 5125 estnomen
505 5075 617 5126 excelso
639 5077 668 5126 et
687 5072 836 5140 prolundo.
852 5091 867 5121 n
884 5071 1052 5136 intelligun-
1130 5075 1168 5125 Aa
1194 5073 1248 5124 nisi
1276 5069 1357 5124 aditio
1391 5071 1499 5126 lunesto
1528 5073 1689 5126 succnssrit.
1719 5071 1767 5126 Sic
1802 5071 1851 5127 lib.
1889 5075 1925 5127 ad

227 5143 274 5191 tur
288 5141 412 5196 tenebre
435 5157 500 5212 quas
518 5148 607 5198 totum
629 5145 764 5210 medium,
787 5143 893 5198 coetum
915 5148 943 5194 et
963 5147 1050 5195 terras
1101 5145 1243 5208 Donatum,
1262 5160 1277 5194 s
1300 5143 1392 5197 Stulta
1419 5152 1533 5210 prorsus
1558 5147 1587 5196 et
1610 5157 1684 5197 vana
1702 5145 1824 5209 iactura,
1843 5147 1923 5200 bue

226 5211 392 5276 pervadunt.
1100 5217 1198 5268 tranlis
1226 5217 1379 5281 spectaculi
1411 5214 1554 5282 voluptate
1590 5214 1619 5269 id
1650 5229 1746 5282 parare
1774 5217 1923 5284 votuisse,

257 5283 318 5336 Non
331 5283 407 5338 stibio
426 5287 537 5341 diaboli.
558 5289 736 5356 Pigmeutnm
756 5287 812 5340 hoc
832 5289 861 5339 ln
884 5299 939 5338 usn
961 5286 1048 5340 bdsae
1099 5287 1176 5354 quod
1195 5299 1249 5340 nec
1265 5288 1386 5354 populus
1405 5287 1544 5354 acciperet
1567 5290 1597 5340 et
1622 5287 1750 5354 perderet
1770 5291 1922 5356 magistra·

227 5352 303 5420 apud
324 5355 447 5422 indues,
469 5362 578 5412 constat
597 5373 637 5412 err
654 5361 679 5412 ll
702 5359 781 5424 neg,
806 5373 846 5420 rx,
870 5357 912 5410 30.
932 5358 987 5411 Jer.
1006 5371 1047 5423 rv,
1098 5362 1183 5411 tus.»

225 5425 267 5488 ³0,
294 5422 397 5476 Erech.
423 5441 507 5491 xxru,
535 5430 575 5482 to.
606 5430 699 5483 Greci
723 5429 917 5494 uiawouiatpoe
944 5433 973 5481 et
1000 5429 1050 5493 ipm
1108 5431 1335 5483 'imbutionem
1378 5429 1477 5484 Graeca
1518 5428 1624 5482 babent
1671 5431 1770 5482 aliaeu
1809 5433 1919 5486 deum.

226 5495 376 5562 ματογράφον
393 5505 538 5552 vocarunt.
561 5502 646 5554 Porro
671 5515 725 5555 nec
751 5502 886 5554 Romanis
913 5501 1042 5568 ignotum
1096 5504 1203 5567 Noster,
1227 5507 1360 5556 constans
1387 5505 1416 5555 in
1444 5503 1499 5556 hac
1524 5503 1660 5568 lectione,
1682 5501 1790 5571 ripere
1816 5505 1921 5574 legisse

225 5569 258 5619 ln
277 5567 472 5634 calliblepharis
490 5573 633 5625 mutierem
651 5574 765 5626 dilatare
787 5572 885 5635 oculm,
900 5571 969 5623 dicit
987 5571 1043 5622 Pli-
1096 5575 1216 5628 uidetur.

200 5639 289 5692 'nius
307 5640 326 5691 l.
350 5653 455 5705 xxxru,
483 5655 508 5694 o.
529 5645 554 5696 6.
572 5645 701 5708 Diabolo,
723 5644 908 5710 interpolatori
928 5647 1039 5708 aalma,
1127 5646 1194 5709 Quid
1210 5645 1258 5698 aab
1272 5641 1406 5712 apostolia
1426 5641 1517 5712 [oraru
1540 5641 1707 5698 credentiam
1727 5645 1856 5712 papatus
1873 5641 1920 5699 ai

223 5713 390 5854 amicas
404 5713 578 5842 amioum
602 5714 760 5784 imputabat
784 5713 913 5778 Tertull,
935 5711 984 5768 lib.
1008 5716 1041 5772 ds
1093 5716 1917 5846 luiba{angarismamprovocaturotarooster,sainunsa

329 5797 391 5852 sm..
513 5823 520 5842 .
1135 5828 1142 5846 .
1172 5803 1187 5846 s
1220 5793 1274 5846 rat.
