3986 6208
232 268 283 322 sss
676 261 705 318 s
726 262 882 320 ιιιιιιιιιιι
901 257 1041 320 orcnnu
1060 257 1147 317 rans
1165 260 1196 316 ιι.
1218 287 1252 299 -
1270 215 1455 316 οἰιιιιιιιι.
1845 269 1888 324 ιιι

231 392 284 446 mei
302 385 643 454 circumconspecta
660 387 811 448 ueritatem,
825 390 851 440 et
866 388 967 440 unitos
984 385 1049 440 trbe·
1061 395 1091 470 Α
1101 397 1168 437 rens
1182 386 1282 437 contra
1297 381 1371 437 lacta
1389 379 1481 435 earnis
1499 381 1529 434 et
1543 380 1678 452 corporis,
1695 383 1790 453 quibus
1808 387 1893 444 anima

230 483 305 539 rabit
321 497 366 536 uos
381 480 481 550 (icon,
502 493 561 548 vrri,
581 477 637 546 31).
658 478 848 534 Tolerandum
871 481 900 533 et
917 493 1049 550 perseve·
1102 481 1281 546 expugnatur
1295 479 1324 528 et
1337 474 1448 546 capitur
1461 474 1496 541 ⁸⁹,
1510 473 1648 528 virtutum
1662 491 1773 532 suarum
1784 496 1894 553 propug-

231 574 355 631 raudum
370 575 423 639 est,
442 572 546 628 iratres
561 571 745 639 dilectissimi,
762 575 803 639 ut,
825 571 861 626 ad
876 587 958 642 spem
981 571 1052 626 reri·
1101 569 1203 622 naculo
1225 568 1390 623 reluctatur.
1415 566 1600 639 Inspiciamus
1622 567 1741 640 denique
1763 588 1846 642 pauca
1864 575 1894 629 dc

231 666 300 724 tatis
313 671 342 722 et
353 665 496 721 libertatis
510 663 679 732 admissi,ad
689 665 834 720 veritatem
849 667 878 720 et
889 664 1049 720 libertatem
1101 663 1209 730 multis,
1226 667 1259 716 ut
1275 661 1310 717 de
1329 661 1428 734 paucis
1447 661 1641 732 intelligantur
1653 668 1683 716 et
1695 667 1801 721 caetera.
1821 667 1894 723 ridul-

232 759 325 832 ipsam
345 759 495 832 pervenire
513 758 670 832 possimus,
693 758 761 830 qnia
781 759 836 814 boc
854 758 949 830 ipsum
973 757 1051 830 qriod
1102 755 1217 822 terium,
1243 753 1337 822 fraus,
1359 754 1564 822 homicidium,
1590 756 1710 812 mortale
1730 757 1829 813 crimen
1851 765 1896 815 est.

231 853 385 912 Christiani
408 869 518 919 snmus,
543 851 608 906 fidoi
634 855 662 907 et
684 851 744 922 spei
764 865 810 906 res
831 853 889 919 est,
909 856 939 906 ut
955 855 1051 906 autem
1102 849 1145 905 Sit
1163 848 1245 904 sortis
1264 852 1293 904 et
1309 847 1416 904 stabilis
1439 847 1468 903 in
1488 848 1574 904 corde
1598 849 1732 920 patientia
1748 851 1785 919 10;
1807 855 1833 906 et
1853 871 1896 908 nec

232 964 297 1021 spes
312 952 340 1002 et
353 945 425 1002 fides
440 945 612 1002 adiunctum
631 943 674 1000 sui
691 944 802 1018 possint
822 945 982 1016 pervenire,
1001 961 1051 1017 pa·
1102 941 1242 998 adulterio
1255 941 1462 998 sanctificatum
1475 958 1579 1013 corpus
1591 949 1620 998 et
1634 943 1683 998 Dei
1703 946 1834 1016 templum
1847 948 1897 1017 pul·

233 1039 333 1096 tiantia
347 1055 419 1112 opus
431 1044 483 1094 est.
498 1039 561 1093 Non
581 1037 658 1093 enim
679 1043 851 1108 praesentem
870 1038 989 1108 gloriam
1007 1053 1050 1091 se·
1102 1036 1207 1103 luitur,
1231 1053 1283 1092 nec
1302 1035 1421 1106 justitiae
1447 1035 1537 1090 dicata
1560 1037 1727 1092 innocentia
1746 1041 1897 1109 contagione

233 1134 358 1208 quimur,
374 1132 424 1188 sed
436 1132 573 1200 loturam,
588 1131 746 1186 secundum
766 1131 841 1202 quod
863 1135 892 1186 et
908 1130 1012 1186 Paulus
1027 1131 1052 1166 ⁸³
1102 1129 1209 1184 iratrdis
1231 1129 1371 1196 inlicitur,
1391 1145 1443 1184 nuc
1461 1135 1526 1201 post
1544 1134 1687 1200 gestatam
1705 1132 1757 1202 (id)
1770 1133 1898 1188 Eucharis-

234 1232 378 1304 apostolus
390 1234 489 1284 morrei
508 1229 606 1284 dicens
623 1245 630 1283 ε
645 1231 697 1298 Spe
717 1229 819 1283 salvati
834 1243 925 1284 somus
938 1230 971 1281 ιι.
988 1229 1052 1300 Spes
1104 1221 1173 1277 tiam
1188 1223 1210 1258 '¹
1226 1239 1330 1278 manus
1344 1223 1441 1294 gladio
1454 1227 1482 1277 ct
1496 1239 1598 1278 cruore
1612 1226 1778 1280 maculatur.

234 1333 325 1382 cotem
340 1324 581 1395 puaeoideturnon
591 1328 631 1377 cst
645 1337 705 1392 spes
718 1337 725 1376 z
737 1322 809 1392 quod
821 1325 892 1377 enim
904 1323 978 1377 uidet
991 1325 1053 1393 quis
1139 1317 1190 1370 XV·
1213 1316 1340 1372 Charitas
1362 1316 1549 1372 fraternitatis
1572 1318 1718 1372 vinculum
1742 1325 1796 1386 est,
1812 1320 1898 1375 lunda·

233 1418 459 1489 quidsperotisi
471 1421 561 1470 eutem
576 1416 648 1486 quod
658 1431 712 1470 non
725 1416 846 1470 uidemus
861 1430 1002 1486 speramus
1016 1417 1052 1479 θ’,
1102 1411 1234 1464 mentum
1254 1410 1339 1480 pacis,
1361 1411 1499 1465 tenacitas
1514 1427 1547 1466 ac
1568 1411 1691 1468 firmitas
1711 1413 1831 1480 unitatis,
1847 1431 1900 1485 qua

235 1510 325 1584 631
349 1526 399 1581 per
415 1512 582 1578 potientium
599 1513 785 1579 exspectamus
799 1510 896 1580 (Rom,
914 1525 973 1578 ιιιιι,
996 1509 1052 1579 ii).
1103 1507 1131 1558 et
1149 1519 1199 1574 spe
1218 1501 1314 1576 632
1328 1508 1357 1558 et
1370 1503 1425 1558 lide
1448 1504 1540 1576 major
1559 1510 1612 1572 est,
1640 1521 1705 1577 quae
1729 1511 1757 1561 et
1780 1523 1858 1578 opera
1878 1513 1901 1561 et

233 1605 391 1678 Propterea
406 1602 578 1675 exspectatio
592 1604 622 1656 et
638 1601 776 1674 patientia
788 1602 952 1658 necessaria
967 1605 1009 1658 est
1022 1605 1054 1656 ιιι
1104 1596 1241 1667 martyria
1259 1596 1405 1668 praecedit,
1426 1614 1492 1669 qum
1511 1598 1660 1654 nobiscum
1681 1615 1792 1671 semper
1809 1606 1901 1655 aterna

233 1697 264 1752 id
284 1695 362 1768 quod
378 1695 516 1766 roepimus
534 1693 714 1766 impleamus,
730 1700 758 1749 et
771 1695 848 1765 quod
865 1695 1007 1749 credimus
1025 1696 1055 1749 et
1104 1690 1182 1760 apud
1203 1691 1292 1745 ileum
1318 1690 1346 1744 in
1372 1692 1469 1762 regnis
1494 1692 1517 1726 ⁷²
1542 1691 1706 1748 coelestibus
1728 1693 1900 1764 permanebit.

233 1805 379 1862 speramus
397 1791 454 1844 lieo
473 1791 696 1860 repraesentante
718 1787 774 1860 (ie)
789 1789 814 1822 ⁸⁸
828 1787 981 1859 capiamus.
1004 1779 1178 1851 De-BTolie
1198 1783 1239 1838 illi
1259 1784 1438 1854 patientium,
1459 1790 1488 1840 et
1509 1785 1634 1840 desolata
1654 1803 1713 1841 non
1734 1787 1821 1841 durat.
1840 1787 1901 1842 Tolle

232 1884 321 1956 nique
333 1882 503 1938 alioinloco
515 1881 750 1953 idemapostolus
756 1881 849 1952 justos
861 1888 890 1936 et
900 1884 1052 1952 operantes
1101 1876 1142 1932 illi
1164 1877 1323 1932 sustinendi
1343 1876 1540 1949 tolerandique
1561 1879 1762 1948 substantiam,
1784 1883 1811 1934 ei
1832 1881 1902 1934 nullis

234 1981 263 2032 et
277 1975 364 2031 divini
376 1975 492 2030 faenoris
505 1975 684 2030 incremento
700 1974 826 2030 scelestes
837 1975 986 2030 thesauros
997 1975 1053 2030 sibi
1102 1969 1243 2024 radicibus
1258 1987 1291 2024 ac
1306 1969 1414 2026 viribus
1428 1977 1601 2042 perseverat.
1614 1975 1764 2044 Apostolus
1783 1973 1900 2044 denique,

233 2067 1053 2140 recondentesutpatientesquoquesintinstruitetdo-
1103 2079 1168 2118 cum
1198 2062 1233 2120 de
1259 2063 1395 2119 charitate
1421 2065 1599 2136 loqueretur,
1627 2067 1806 2122 tolerantiam
1829 2067 1862 2123 illi
1881 2073 1902 2120 et

235 2166 289 2230 cet,
312 2161 409 2218 dicens
431 2180 437 2215 ι
459 2165 541 2231 Erpa,
561 2162 627 2216 dnm
646 2167 750 2232 tempus
771 2162 899 2217 tricenas
913 2177 1054 2232 operemur
1103 2156 1387 2229 patientiamjunxit.
1407 2157 1545 2227 Charites,
1562 2161 1670 2232 inquit,
1686 2165 1901 2230 mannetimssttt

234 2256 306 2327 pund
320 2256 417 2311 bonum
431 2261 469 2310 cst
483 2253 520 2308 od
535 2269 635 2317 omnes,
655 2257 772 2310 manime
790 2271 853 2310 vero
872 2256 909 2310 cd
927 2255 1051 2310 comesti·
1103 2251 1222 2306 chorites
1235 2251 1350 2321 benipm
1364 2258 1414 2320 est,
1430 2253 1551 2308 ιιιιιιιαε
1568 2269 1625 2309 non
1641 2256 1793 2319 emulatur,
1807 2271 1855 2310 non
1866 2258 1902 2309 ιιι-

234 2365 278 2405 cos
299 2349 372 2419 fidei.
397 2349 503 2404 Boreum
528 2353 618 2402 cutem
645 2349 776 2416 (ocierrtes
803 2363 856 2402 non
883 2349 1053 2417 deficiamus:
1103 2346 1195 2413 dotus,
1220 2361 1274 2400 nore
1298 2348 1436 2415 irritatur,
1460 2363 1513 2402 ιιοιι
1534 2349 1637 2416 sopitat
1663 2350 1765 2404 molum
1784 2351 1815 2416 ⁷³,
1830 2351 1902 2404 annin

235 2450 351 2514 tempore
365 2445 436 2497 enim
449 2457 496 2497 suo
510 2446 639 2496 metemus
655 2441 678 2476 Μ
695 2443 810 2513 (dolat,
830 2458 868 2510 vr,
889 2441 927 2510 9).
942 2442 1052 2498 Admo-
1104 2438 1204 2506 dilicit,
1223 2453 1315 2494 omnm
1333 2440 1440 2502 credit,
1460 2443 1552 2495 omniu
1575 2449 1678 2511 sperat,
1700 2447 1791 2499 omniu
1808 2446 1903 2498 scutinei

235 2540 287 2592 net
307 2553 344 2590 ne
368 2536 431 2607 quis
453 2535 606 2606 impatiens
625 2535 654 2589 in
680 2535 845 2606 operatione
868 2535 991 2604 deliciet,
1016 2551 1053 2591 ne
1105 2531 1124 2602 (l
1149 2531 1221 2594 Cor..
1241 2549 1300 2595 ιιιι,
1322 2533 1389 2602 bn).
1408 2533 1539 2590 Ostendit
1553 2535 1621 2590 inde
1641 2536 1721 2591 illam
1741 2551 1902 2608 perseverare

236 2629 299 2701 quis
312 2628 516 2684 tentationibus
529 2631 578 2682 aut
591 2633 724 2683 avocatus
741 2634 791 2683 aut
804 2629 895 2684 victus
911 2629 940 2684 iu
960 2628 1054 2684 medio
1103 2625 1240 2680 tenaciter
1257 2642 1339 2698 posse
1362 2627 1440 2698 quod
1463 2628 1574 2684 noverit
1596 2629 1695 2686 omnia
1718 2631 1856 2686 sustinere.
1877 2631 1902 2685 Et

234 2721 327 2778 laudis
342 2725 370 2776 et
383 2723 481 2792 gloriae
501 2721 606 2776 itinere
625 2721 754 2791 desistat,
771 2727 800 2777 et
814 2725 936 2794 pereant
952 2729 1054 2794 prate-
1103 2718 1158 2772 elio
1179 2718 1207 2773 in
1226 2718 1311 2774 loco:
1333 2721 1510 2785 Sustinentes,
1531 2721 1635 2794 iuquit,
1659 2726 1771 2780 meacm
1792 2727 1820 2778 in
1839 2723 1903 2778 dilec-

234 2814 298 2884 rito,
320 2815 390 2870 dum
415 2831 481 2887 que
504 2817 649 2885 coeperant
669 2813 806 2870 desinunt
829 2832 890 2871 esse
916 2813 1052 2888 perlecta,
1105 2813 1187 2874 tione,
1204 2815 1271 2867 sutis
1286 2817 1393 2880 operies
1412 2829 1521 2870 ser-nure
1537 2817 1672 2872 unitatem
1691 2819 1902 2889 spiritusincon·

235 2909 308 2965 sicui
322 2909 458 2980 scriplum
477 2913 518 2964 esi
535 2924 541 2962 :
557 2910 672 2964 iustitio
686 2909 757 2978 iusti
773 2923 829 2965 non
852 2910 977 2965 liberabit
995 2925 1056 2966 eum
1099 2906 1244 2973 junctione
1256 2909 1335 2976 pacis
1352 2905 1473 2979 (Epiros,
1492 2924 1527 2976 rr,
1549 2910 1587 2980 2).
1610 2910 1745 2966 Probavit
1765 2927 1814 2966 nec
1830 2909 1903 2964 uuita·

235 3006 448 3074 inquirerentque
465 3002 508 3056 dic
529 3004 693 3057 enarraverit
710 3003 830 3069 (bacch,
844 3020 939 3071 ιιιιιιιι,
953 3005 1005 3072 l‘ti.
1023 3005 1055 3057 ut
1107 3002 1162 3054 tem
1175 3001 1281 3054 servari
1298 3017 1379 3072 posse
1395 3017 1446 3056 nec
1472 3019 1571 3073 pacem
1593 3003 1650 3058 nisi
1673 3021 1704 3059 se
1728 3005 1841 3060 invicem
1857 3004 1902 3058 ira·

234 3096 339 3152 iteruin
358 3113 364 3150 :
383 3098 451 3152 Tene
465 3096 537 3167 quod
549 3095 642 3158 babes,
657 3111 690 3150 ne
703 3097 775 3150 otius
793 3099 910 3168 occipiat
929 3113 1055 3152 coronurn
1104 3097 1163 3147 tres
1178 3097 1281 3150 mutua
1296 3095 1447 3150 tolerantia
1462 3096 1586 3166 foveant,
1602 3101 1632 3151 et
1646 3098 1803 3154 concordie
1822 3099 1901 3152 viricu-

236 3195 310 3246 tuem
324 3189 430 3260 (ipoc,
448 3205 486 3256 ιιι,
504 3189 557 3258 ιι).
575 3187 644 3252 Quae
659 3205 711 3242 vor
725 3189 893 3244 adhortatur
913 3190 1055 3261 patienter
1080 3186 1164 3244 ¹lum
1179 3187 1316 3258 patientia
1332 3187 1528 3245 intercedente
1543 3192 1715 3247 custodient.

235 3285 265 3338 et
289 3283 400 3338 sortiter
427 3297 617 3354 perseverare,
647 3287 679 3336 ut
704 3281 753 3353 qui
778 3283 812 3336 ad
841 3299 974 3338 coronam
1000 3282 1053 3354 (ie)
1140 3281 1204 3336 liVi.
1226 3281 1298 3344 Quid
1318 3281 1440 3352 deiude,
1462 3286 1492 3338 ut
1512 3301 1570 3339 non
1587 3285 1672 3355 jures
1692 3293 1784 3358 neque
1804 3284 1901 3342 maledi·

234 3376 320 3432 laude
344 3377 405 3447 jam
434 3374 562 3448 proxima
587 3375 687 3430 nititur
707 3375 746 3441 ⁶⁸,
770 3375 892 3432 durarite
918 3375 1055 3448 patientia
1104 3390 1160 3441 cas,
1182 3380 1214 3429 ut
1236 3378 1284 3430 tua
1305 3375 1402 3432 ablata
1422 3393 1478 3431 non
1499 3383 1621 3450 repetas,
1638 3386 1684 3448 ut,
1704 3385 1813 3454 accepta
1828 3381 1902 3450 alapa,

235 3475 399 3526 coronetur.
1104 3473 1134 3524 et
1151 3468 1271 3522 alteram
1286 3468 1433 3525 maxillam
1449 3469 1611 3527 verberanti
1627 3473 1769 3544 prebeas,
1792 3477 1820 3529 ιιι
1836 3470 1903 3527 tratri

270 3565 336 3620 lllll.
361 3561 501 3619 Patientia
521 3566 627 3628 numm,
652 3561 756 3617 iratres
780 3561 972 3632 dilectissimi,
994 3579 1054 3618 non
1104 3561 1134 3616 in
1150 3563 1177 3617 te
1191 3563 1319 3634 peccanti
1334 3579 1392 3618 uon
1412 3567 1526 3620 tantum
1547 3566 1655 3637 septies
1670 3568 1735 3639 (ιι),
1748 3567 1795 3623 sed
1808 3572 1901 3638 septua-

235 3661 345 3714 tantum
363 3658 437 3712 bona
451 3655 583 3722 custodit,
605 3656 654 3710 sed
671 3662 699 3711 et
717 3655 829 3728 repellit
847 3655 974 3710 adversa.
988 3656 1051 3728 Spi·
1105 3654 1165 3727 gies
1184 3655 1288 3726 septies
1311 3657 1345 3723 ⁷⁸,
1365 3657 1415 3712 sed
1436 3663 1464 3712 at
1485 3657 1582 3713 omnia
1605 3661 1727 3716 omnino
1749 3666 1853 3732 peccata
1869 3658 1901 3711 di·

235 3753 303 3808 ritoi
326 3754 423 3808 sancto
446 3750 542 3805 lavans
563 3752 593 3804 et
611 3749 769 3806 coelestibus
790 3765 821 3804 ac
842 3749 943 3804 divinis
958 3750 1052 3806 cobae-
1105 3749 1209 3817 mittas,
1227 3754 1257 3803 ιιι
1276 3749 1380 3822 diligas
1399 3749 1532 3807 inimicos
1545 3757 1619 3822 tuos,
1634 3761 1669 3810 ut
1688 3770 1741 3827 pro
1761 3750 1902 3810 adversariis

928 3923 1034 3990 llariae
1053 3925 1224 3989 lectiones.

266 4060 289 4096 θ’
299 4060 436 4124 Discipuli
450 4060 505 4111 mei
519 4060 585 4110 estis
601 4059 651 4111 Ar.
675 4061 759 4112 suris.
773 4061 836 4112 aad.
850 4063 874 4123 l,
889 4061 914 4122 ι,
927 4059 952 4124 3,
967 4062 990 4112 4.
1024 4061 1046 4096 ⁶¹
1060 4061 1222 4114 Secundum
1236 4061 1312 4128 quod
1326 4065 1354 4115 et
1366 4062 1469 4115 Paulus
1481 4063 1543 4116 ιιοιι.
1563 4067 1586 4126 ι,
1600 4065 1625 4129 2,
1636 4065 1662 4129 3,
1676 4068 1700 4118 ι.
1732 4065 1754 4100 ⁸⁴
1768 4064 1838 4118 Satri
1851 4061 1901 4112 iacti

242 4133 428 4186 eumustum.
445 4131 520 4182 libor.
536 4131 603 4181 Pan.
619 4131 683 4181 noc.
698 4131 722 4181 t.
755 4131 1032 4197 ”Exspeciationsm
1057 4145 1202 4197 speramus
1227 4133 1310 4183 Suria.
1327 4136 1370 4184 Ar.
1394 4134 1456 4184 flod.
1477 4135 1538 4194 iti.
1567 4135 1624 4186 Ver.
1660 4137 1682 4170 ⁸⁶
1704 4137 1902 4199 Decrepresen·

243 4209 320 4256 tanto
340 4204 441 4264 Bodl,
460 4202 657 4264 &diserta
682 4204 740 4252 tin.
766 4203 823 4254 Ver.
850 4207 939 4256 Boura.
958 4206 1049 4255 Benet.
1075 4205 1134 4254 Deo
1157 4206 1306 4266 praestanto
1327 4204 1404 4252 Onon.
1438 4201 1460 4236 ⁸⁷
1478 4203 1618 4256 hietemus
1643 4221 1701 4258 non
1714 4206 1812 4270 fatigati
1826 4203 1901 4253 litii.

237 4275 261 4311 ⁸⁸
279 4273 417 4326 Coronam
431 4273 592 4336 laudiciam
605 4273 765 4336 proximam
789 4275 880 4338 lindi,
896 4277 920 4338 3,
930 4277 955 4326 t.
980 4278 1050 4326 Voss.
1065 4278 1087 4324 l.
1099 4274 1222 4325 Laudem
1237 4287 1321 4338 quam
1337 4274 1461 4338 proxime
1479 4275 1568 4325 lieret.
1584 4275 1620 4326 ut
1636 4275 1810 4340 {abdemium
1826 4270 1901 4336 proxi-

236 4357 310 4396 mam
336 4344 405 4392 ross.
421 4345 496 4392 Eros.
529 4340 551 4374 ⁸⁹
565 4341 703 4405 Quotitur
717 4343 785 4397 ιἰιιι.
806 4348 876 4396 Voss.
893 4347 917 4396 ι.
932 4346 996 4398 uon.
1018 4347 1050 4396 Ξ.
1069 4347 1092 4396 ι.
1126 4343 1147 4378 ⁷⁰
1158 4344 1205 4395 Sic
1215 4343 1278 4394 lorti
1290 4348 1316 4394 et
1328 4343 1420 4394 stabili
1432 4348 1563 4395 manente
1577 4346 1605 4395 in
1623 4347 1709 4398 corde
1719 4343 1848 4410 patientia,
1861 4351 1901 4390 uec

238 4413 379 4466 adulterio
392 4416 474 4462 Snrr's.
508 4413 529 4446 ⁷¹
542 4412 682 4464 Cestatam
693 4415 905 4468 Eucharistiae]
918 4417 981 4468 Bod.
996 4418 1020 4477 ι,
1035 4417 1059 4468 t.
1074 4419 1129 4467 na.
1149 4417 1208 4465 iliu.
1226 4417 1293 4466 Fors.
1313 4413 1378 4461 Voss.
1394 4415 1417 4476 l,
1430 4414 1453 4464 ι.
1470 4415 1539 4464 tane.
1556 4414 1633 4466 Ebur.
1648 4420 1673 4466 et
1684 4429 1767 4464 omnes
1780 4413 1902 4478 imperate

235 4485 461 4540 ramatensium
473 4485 678 4536 Eucharistiam
690 4487 745 4536 din.
780 4485 1075 4553 ⁷²AEiernainregnis
1100 4491 1143 4538 Ar.
1161 4489 1230 4536 Lam.
1260 4483 1336 4534 neor.
1357 4484 1411 4534 NG.
1435 4487 1491 4534 tin.
1506 4485 1568 4536 Bod.
1587 4487 1610 4548 l,
1633 4487 1657 4549 2,
1675 4489 1699 4548 3,
1715 4488 1739 4537 i.
1772 4484 1790 4519 ¹³
1811 4483 1900 4546 Cogitat

235 4557 350 4620 malurn,
362 4569 417 4607 non
434 4555 536 4620 gaudet
549 4567 635 4619 super
646 4558 806 4621 iniquitate,
822 4559 977 4610 collaetatur
995 4565 1088 4612 autem
1105 4561 1131 4610 in
1149 4558 1263 4610 veritate
1285 4557 1338 4606 tin.
1373 4555 1394 4589 ⁷⁴
1410 4555 1592 4620 Septuaginta
1608 4563 1639 4609 et
1655 4564 1761 4623 septem
1775 4556 1831 4608 lted.
1845 4554 1863 4602 t·

884 4687 998 4771 Stepb.
1021 4688 1144 4754 Baluzii
1167 4693 1266 4752 notae.

265 4833 313 4898 (ta)
331 4833 549 4897 repraesentante.
564 4833 624 4899 Ego
644 4847 701 4886 non
715 4835 825 4887 inficior
850 4837 918 4902 quin
944 4829 1172 4904 vulgataDvero
1186 4837 1336 4890 lectionem
1351 4837 1490 4888 Pometios
1511 4837 1605 4888 retulit
1622 4837 1651 4887 in
1674 4837 1836 4892 contextum,
1849 4838 1897 4878 acm

234 4901 329 4964 lectio,
352 4917 415 4967 quaa
442 4908 583 4967 prestante
611 4904 706 4969 habet,
733 4909 769 4958 sit
794 4910 907 4972 optima.
932 4911 968 4961 nt
990 4925 1055 4962 curn
1106 4908 1286 4960 videlicetob
1305 4922 1417 4958 causam
1441 4907 1515 4973 quod
1534 4921 1620 4958 manu
1643 4919 1701 4958 non
1721 4899 1897 4970 gustaturos·

233 4979 329 5024 nostra
359 4975 466 5024 nitatur
492 4978 654 5028 auctoritate
682 4977 878 5030 novemdecim
909 4979 1055 5044 exempla·
1105 4980 1246 5042 charistia,
1275 4978 1324 5030 sed
1351 4979 1418 5030 olim
1456 4981 1558 5043 gestari
1594 4980 1675 5029 solita
1700 4979 1735 5028 sit
1761 4977 1788 5025 in
1819 4980 1896 5022 mann·
1921 4993 1923 5003 ν

234 5045 305 5094 rium
332 5049 490 5096 nostrorum
517 5053 544 5096 et
567 5061 617 5098 sex
638 5049 867 5113 anglicanorum,
885 5053 943 5100 tum
971 5052 1055 5101 etiam
1106 5051 1186 5114 Quod
1210 5051 1348 5114 Rigaltius
1376 5049 1511 5114 probavit
1540 5051 1636 5114 ltaque
1663 5049 1753 5099 visum
1773 5049 1813 5096 est
1839 5041 1897 5090 hinc

233 5115 391 5165 testimonio
420 5115 503 5179 Flori,
528 5117 678 5168 arbitratus
701 5131 763 5170 sum
788 5133 849 5172 earn
883 5121 1053 5172 reddendam
1104 5123 1263 5182 lectionem,
1289 5135 1353 5186 qum
1378 5126 1512 5187 proeterea
1535 5123 1633 5172 nititur
1664 5119 1821 5172 auctoritate
1846 5115 1897 5162 octo

233 5197 294 5235 0⁸⁸⁰
308 5185 457 5250 Cypriane·
1104 5199 1228 5246 veterum
1253 5193 1465 5258 exemplarium,
1486 5207 1548 5244 esse
1568 5193 1745 5244 retinendam.
1769 5188 1830 5240 Nam
1851 5182 1896 5245 Cy·

265 5257 315 5318 (litt
347 5257 385 5306 ld
410 5271 546 5308 coronam.
574 5259 693 5311 Multum
715 5261 823 5312 variant
854 5263 881 5314 in
908 5263 963 5316 boc
991 5265 1053 5316 loco
1104 5267 1220 5330 priauus
1246 5267 1274 5315 in
1302 5265 1373 5315 libro
1400 5265 1433 5314 dc
1461 5265 1562 5329 Lepsia,
1584 5266 1622 5315 ait
1647 5279 1653 5312 ε
1677 5263 1742 5312 «Et
1765 5257 1832 5324 quod
1851 5263 1896 5302 non

233 5329 325 5378 velere
350 5329 529 5393 exemplaria.
544 5329 679 5392 Quasdam
703 5334 778 5383 enirn
801 5333 934 5386 exhibent
957 5336 1052 5388 lectio·
1104 5338 1198 5386 statim
1210 5337 1321 5386 Domini
1335 5349 1436 5400 corpus
1452 5336 1604 5400 inquinatis
1620 5333 1748 5384 manibus
1761 5327 1895 5391 accipiat.»

233 5401 719 5464 nomquarnnosratlnuimua,alia
744 5405 779 5454 nd
803 5419 928 5456 coronam
953 5407 1052 5468 laudis,
1106 5407 1325 5458 Videlonnnem
1342 5407 1515 5470 Stephanum
1529 5407 1702 5464 Darentium,
1716 5391 1894 5460 1ib.1,cap.ld,
1948 5399 1949 5420 ¹

233 5469 287 5522 olla
302 5474 330 5522 ot
344 5473 451 5522 veteres
471 5471 606 5524 editiones
629 5473 665 5523 nd
682 5487 807 5525 coronam
831 5482 854 5526 et
877 5476 979 5528 leudem
990 5479 1052 5541 jnm
1102 5477 1137 5530 de
1152 5477 1253 5528 nitidus
1276 5477 1395 5530 Ecclesia
1413 5479 1554 5542 catholica,
1578 5478 1688 5530 Hauriat
1711 5472 1805 5524 valesii
1826 5465 1895 5517 adno-

231 5545 392 5610 pronimnnr.
413 5541 454 5592 Ex
469 5541 524 5594 iltis
538 5543 626 5596 lector
639 5557 701 5595 eam
722 5546 805 5610 eligat
820 5561 883 5612 qnae
897 5547 950 5600 sibi
964 5550 1052 5614 magis
1102 5550 1219 5600 tationes
1241 5549 1275 5600 ad
1297 5551 1461 5612 Eusebium,
1482 5551 1530 5602 lib.
1554 5564 1594 5612 vr,
1614 5563 1672 5614 cap.
1692 5547 1731 5607 tc,
1752 5547 1779 5594 at
1800 5540 1842 5622 lib.
1855 5547 1893 5614 vit.
1948 5577 1949 5590 ι

232 5616 365 5668 irriserit·
1101 5633 1163 5685 cap.
1185 5622 1216 5682 93
1237 5619 1416 5673 Cardinaiem
1443 5623 1559 5684 Bonam,
1583 5621 1630 5674 lib.
1653 5633 1672 5672 u
1689 5621 1778 5670 iterum
1796 5614 1893 5686 teturpt·
1948 5617 1949 5688 ι

261 5687 310 5752 (ιθ)
329 5689 471 5740 (testatam.
490 5685 595 5740 Omnes
610 5689 717 5740 veteres
738 5688 875 5741 editiones
899 5695 927 5742 at
950 5691 1051 5743 sexde-
1101 5705 1204 5752 aarum,
1217 5705 1277 5757 cap.
1297 5693 1336 5756 ιι,
1360 5698 1387 5745 et
1409 5693 1623 5758 Hospiniannm,
1645 5691 1692 5742 lib.
1713 5701 1722 5739 ι
1742 5687 1773 5738 de
1791 5677 1889 5744 remote,
1948 5701 1949 5754 ι

231 5759 287 5812 olm
300 5757 363 5812 iibri
382 5761 501 5820 veteres,
528 5757 612 5810 etiem
632 5757 839 5825 Seguieriauus,
869 5761 1048 5828 habontpus-
1106 5775 1166 5826 cap.
1181 5763 1205 5814 5.
1948 5755 1949 5820 l

231 5835 324 5899 totum,
337 5833 410 5897 coto,
434 5830 462 5882 et
487 5827 1049 5897 inhiaVeronensis,pestctam.1stam
1132 5834 1183 5900 tit)
1211 5835 1271 5889 Non
1301 5841 1404 5890 ιαιιιιιιιι
1423 5837 1524 5904 septies.
1558 5836 1598 5890 ιιι
1628 5835 1735 5888 veteres
1764 5823 1883 5879 edomet
