3986 6208
710 228 738 286 S.
758 229 917 289 alentini
935 229 1177 294 OPERUMDARS
1198 229 1482 288 11.-0rDstlDt.n.

579 577 692 706 uu
746 575 973 706 anuo
1028 577 1141 703 ar
1193 574 1524 706 LIDDRE
1567 551 1613 639 <¹³
1680 499 1681 502 Ὗ

1007 829 1176 923 LIBER

249 1247 451 1301 incursuros.
475 1243 628 1297 -Paucis
654 1241 717 1297 libri
740 1241 822 1310 bajus
848 1246 1038 1312 oruamentum
1062 1241 1154 1298 reddit
1184 1243 1215 1295 in
1240 1239 1294 1294 nee
1314 1239 1396 1294 rerba
1422 1242 1455 1295 D.
1484 1241 1596 1296 Pontias
1624 1239 1655 1292 in
1677 1238 1741 1295 Vita
1766 1235 1907 1306 liupr-iani:

287 1345 301 1386 u
333 1337 411 1400 Quis,
442 1335 548 1404 inperii,
582 1333 691 1387 livorem
721 1331 755 1387 de
785 1337 919 1388 venenata
950 1333 1063 1388 inuidia
1090 1333 1262 1402 malignitate
1291 1332 1457 1393 uenientem,
1488 1329 1630 1384 dulcedine
1656 1327 1767 1384 remedii
1794 1327 1911 1382 salutaris

288 1425 444 1480 inhiberet?
466 1445 480 1472 »
504 1424 643 1492 Principio
667 1423 763 1491 igitur,
783 1428 929 1492 postquam
954 1438 983 1477 eo
1008 1424 1117 1492 grauius
1139 1424 1240 1476 crimen
1266 1435 1319 1475 esse
1346 1420 1434 1474 zelum
1458 1434 1505 1474 seu
1528 1419 1649 1481 livorem,
1672 1432 1725 1487 quo
1749 1415 1865 1470 occultius
1879 1418 1909 1468 est

281 1515 401 1577 matum,
428 1520 453 1567 ct
479 1514 609 1580 originem
635 1513 693 1583 ejus
726 1513 834 1567 diabolo
862 1513 1052 1568 ascribendam
1078 1513 1170 1568 docuit
1197 1512 1374 1580 :propositis
1400 1512 1482 1564 etiarn
1509 1508 1595 1564 obiter
1625 1507 1737 1562 inuidiae
1767 1504 1881 1573 esemplis

285 1605 375 1659 Veteri
404 1607 581 1666 Testamenta,
607 1604 727 1659 radicem
751 1605 886 1659 malorum
917 1606 1036 1658 omnium
1064 1603 1199 1658 invidiam
1226 1617 1291 1663 esse,
1315 1617 1367 1670 per
1388 1600 1498 1670 singula
1527 1600 1656 1653 uitiorum
1685 1611 1782 1667 ponera
1802 1593 1911 1656 deducite

282 1699 361 1764 atque
379 1693 446 1748 adeo
466 1700 535 1748 recte
556 1698 581 1748 et
604 1709 620 1747 u
642 1693 748 1750 Cirristo
765 1699 792 1748 et
813 1695 847 1749 ab
871 1695 1010 1765 apostolis,
1033 1709 1087 1748 uon
1107 1708 1161 1747 uno
1179 1695 1209 1747 in
1231 1693 1297 1754 laco,
1316 1690 1491 1745 interdictam
1508 1691 1664 1756 baianum
1681 1687 1781 1747 odium.
1799 1688 1912 1756 poetrerm

280 1785 327 1838 ubi
351 1787 397 1839 Dei
407 1785 527 1854 eaempio
550 1784 587 1838 ad
609 1784 779 1839 ditectionem
802 1785 973 1839 inimicorum
995 1799 1037 1839 eos
1062 1783 1225 1838 adhortatus
1244 1788 1293 1848 est,
1320 1782 1496 1850 praemiorum
1517 1781 1621 1834 coronis
1649 1776 1794 1849 propositis
1818 1775 1849 1830 ab
1874 1773 1912 1828 boe

285 1875 357 1928 malo
378 1873 502 1930 deterret.
880 1883 882 1888 ⁴

279 2020 300 2074 l.
327 2020 432 2074 Zamae
464 2017 541 2089 quod
574 2018 706 2074 honum*
735 2018 829 2074 videas
869 2023 897 2074 ei
932 2017 1238 2114 invidereAltandum
1268 2021 1311 2072 esi
1339 2016 1445 2088 itaque,
1479 2013 1580 2068 fraires
1623 2007 1810 2078 dilectissimi,
1841 2011 1911 2078 alque

243 2112 408 2168 melioribus
423 2110 594 2184 6381eve
611 2113 686 2184 apud
711 2113 850 2184 iguosdam
869 2117 896 2170 ei
916 2113 1058 2168 modicum
1111 2111 1244 2166 omnihus
1259 2111 1363 2166 viribus
1379 2107 1585 2164 elaborandum
1607 2111 1638 2162 ut
1659 2104 1778 2159 inimico
1799 2099 1907 2156 seriem

242 2205 352 2261 crimen
390 2205 512 2273 videtur,
551 2205 654 2262 fraires
692 2207 890 2275 dilectissimi,
932 2207 1058 2280 dumque
1111 2215 1139 2262 ei
1159 2209 1255 2280 jacilla
1283 2225 1332 2265 sua
1358 2210 1387 2262 in
1409 2224 1509 2263 omnes
1531 2203 1658 2277 corporis
1685 2202 1800 2273 pariesi
1822 2199 1910 2272 quibus

243 2300 423 2356 existimatur
449 2301 583 2355 lereesse
605 2305 634 2356 et
661 2300 818 2371 modicum,
840 2317 897 2356 non
920 2301 1056 2368 timetur,
1112 2304 1268 2376 percutiet
1297 2302 1439 2358 vulnerari
1463 2316 1624 2374 possumus,
1653 2296 1790 2368 dirigenti
1810 2293 1912 2349 sollicita
1968 2309 1969 2314 ¹

241 2395 310 2448 dum
326 2410 384 2449 non
400 2394 526 2462 timetur,
540 2395 751 2464 contemniiur;
769 2395 838 2449 dum
851 2395 1057 2462 contemuitur,
1110 2403 1138 2452 et
1160 2397 1244 2469 plena
1270 2397 1418 2468 vigilantia
1439 2409 1648 2468 repugnemus,
1677 2389 1831 2446 seeundum
1850 2385 1912 2460 quod

241 2505 299 2543 non
323 2489 406 2544 facile
431 2489 538 2544 vitatur
563 2488 610 2560 (ti,
643 2493 671 2543 ei
696 2489 728 2543 iil
767 2505 842 2544 cenea
879 2495 908 2544 el
947 2490 1058 2544 occulta
1107 2493 1207 2546 Petrus
1221 2493 1364 2562 apostolus
1379 2489 1407 2545 in
1428 2489 1551 2561 Epistola
1566 2504 1618 2542 sua
1633 2481 1912 2560 preemoneiatdocei

240 2582 401 2654 pernicies:
420 2599 494 2655 que,
510 2583 578 2638 dum
595 2584 689 2638 minus
703 2583 875 2655 perspicitur
889 2588 919 2638 ui
934 2583 1058 2637 caverie
1108 2586 1203 2642 dicens
1220 2603 1226 2641 :
1242 2583 1333 2642 Sobrii
1348 2591 1431 2640 estote
1454 2588 1479 2639 et
1496 2584 1642 2652 vigilitate,
1664 2585 1732 2652 quia
1757 2577 1911 2634 aduersarios

240 2675 477 2748 providentibus²
493 2678 591 2748 possit,
610 2677 781 2748 improvidas
800 2681 910 2732 mentes
933 2678 1056 2732 latenter
1106 2687 1192 2736 uester
1206 2680 1330 2735 diabolus
1345 2683 1483 2748 tamarcem
1499 2679 1537 2732 leo
1549 2679 1659 2746 rannus
1678 2677 1790 2737 circuit,
1810 2674 1912 2742 elipeum

240 2769 352 2846 affligit.
368 2772 452 2825 Porro
468 2774 565 2826 aulem
588 2771 725 2826 Dominus
747 2771 904 2842 prudentes
928 2787 987 2826 essa
1004 2787 1055 2825 nos
1106 2775 1235 2830 deuorare
1247 2788 1370 2844 querens
1384 2773 1395 2808 ⁶
1411 2774 1430 2844 (l
1449 2775 1534 2840 Petu,
1552 2786 1580 2838 v,
1601 2769 1637 2841 8).

140 2927 148 2940 1
235 2865 331 2934 jussit,
352 2867 477 2920 elcaula
500 2865 692 2921 sollicitudine
716 2865 834 2936 vigilare
856 2865 1055 2937 proecepit,ne
1142 2870 1174 2922 ll.
1201 2867 1308 2922 Circuit
1336 2865 1439 2938 illati)
1465 2881 1516 2920 uos
1552 2863 1690 2936 singulos,
1727 2867 1756 2918 et
1793 2865 1911 2930 unquam

238 2959 413 3016 adversarius
427 2959 548 3031 vigilans
562 2959 697 3030 semper³
719 2965 747 3015 et
766 2976 880 3030 semper
905 2959 1053 3026 insidians,
1105 2960 1194 3016 hostis
1208 2961 1315 3017 clausos
1337 2959 1477 3029 obsidens,
1503 2975 1602 3014 muros
1624 2956 1766 3030 explorat,
1789 2959 1818 3010 et
1831 2956 1909 3008 lentat

239 3052 287 3108 ubi
307 3053 454 3124 inpactus
477 3053 635 3124 obrepserit
650 3052 719 3125 (litt,
744 3053 779 3108 de
802 3052 930 3110 scintillis
952 3053 1056 3108 conilet
1104 3072 1141 3109 an
1164 3055 1200 3110 sii
1221 3071 1287 3126 pars
1309 3053 1405 3126 eliqua
1428 3069 1576 3108 murorum
1591 3051 1628 3125 (5)
1651 3051 1749 3106 minus
1776 3049 1911 3105 stabilisei

238 3146 380 3214 incendia,
408 3147 443 3201 de
467 3147 561 3217 parvis
580 3147 706 3202 maxima
728 3153 893 3220 exaggeret,
922 3152 960 3214 at,
985 3147 1052 3202 dum
1106 3147 1202 3203 minus
1224 3148 1291 3218 lida,
1317 3149 1397 3218 cujus
1421 3148 1500 3204 aditu
1528 3147 1563 3202 ad
1586 3145 1727 3201 interiora
1751 3147 1909 3217 penetretur.

240 3240 364 3308 remissis
379 3245 406 3294 ei
422 3240 540 3294 incautis
562 3240 670 3296 leniore
691 3257 760 3296 aura
781 3243 810 3295 el
828 3241 897 3296 flatu
922 3241 1053 3296 molliore
1104 3241 1195 3298 Oileri
1208 3242 1296 3297 oculis
1313 3242 1420 3296 formas
1435 3241 1544 3297 illices⁷
1565 3245 1592 3296 ci
1615 3239 1714 3296 faciles
1734 3235 1908 3309 voluptatesl,

238 3331 395 3400 blanditur,
421 3333 602 3404 procellisae
622 3334 783 3389 turbinibus
801 3334 1054 3402 excitatis,ruinaa
1104 3341 1136 3391 ni
1160 3335 1221 3391 risu
1255 3335 1382 3391 desiniat
1412 3335 1578 3391 castitatem.
1611 3337 1701 3389 Aures
1740 3349 1791 3405 per
1818 3343 1909 3386 canora

238 3426 302 3482 ridel
318 3429 346 3481 ei
370 3426 467 3482 salutis
489 3443 520 3484 ac
542 3428 607 3484 vitre
627 3427 776 3500 naufragia
800 3429 946 3484 moliatur.
961 3430 1049 3486 nxeu-
1062 3417 1091 3488 B
1104 3429 1236 3486 musica⁹
1252 3427 1289 3502 (6)
1304 3421 1405 3500 teniat,
1420 3433 1453 3484 ut
1468 3429 1532 3484 soni
1554 3427 1688 3484 dulcioris
1714 3427 1814 3482 auditu
1831 3424 1911 3480 solral

922 3566 1027 3631 Variae
1053 3565 1222 3630 lectiones.

267 3701 378 3752 1Βοιιοε
391 3703 447 3752 tin.
487 3701 762 3767 ⁸Apreavldeniibus
786 3705 889 3754 Vocat.
915 3702 1103 3755 prudentibus
1120 3705 1188 3753 Pem.
1207 3701 1313 3753 Vacci.
1348 3701 1562 3767 ’Semparipse
1581 3705 1640 3753 Dea.
1662 3703 1766 3754 Vosai.
1798 3703 1908 3753 ⁴Leian-

234 3774 277 3822 ier
288 3769 396 3835 obrepit
410 3773 475 3821 Pom.
495 3773 562 3822 Voss.
576 3775 599 3823 i.
620 3772 751 3837 obrepsit.
767 3775 812 3824 Ar.
836 3774 896 3823 Dod.
914 3775 974 3834 Di.
1003 3777 1058 3826 Ver.
1085 3775 1146 3824 Tin.
1180 3778 1247 3826 Voss.
1270 3774 1411 3839 obrepant
1438 3777 1502 3824 Vici.
1537 3775 1657 3824 ⁵Dartes
1671 3771 1794 3822 mittenti
1816 3770 1873 3822 Dod.
1889 3776 1908 3831 i,

234 3839 516 3906 ‘Aliquiddevorare
542 3844 603 3893 bod.
618 3845 682 3904 Μ,
702 3848 758 3896 Ver.
786 3845 846 3893 Tito.
880 3844 1021 3896 ⁷Formas
1044 3844 1196 3897 muliebres
1218 3844 1281 3894 Dod.
1294 3842 1317 3894 3.
1362 3843 1552 3895 ⁸v01untates
1572 3843 1642 3892 iam.
1668 3841 1747 3892 Ebor.
1772 3843 1837 3892 Voss.
1856 3841 1906 3897 t,t.

234 3911 288 3964 NG.
304 3914 327 3963 t.
342 3915 409 3964 Peru.
425 3913 487 3964 Ded.
501 3918 525 3977 a,
541 3917 563 3964 t.
587 3917 652 3965 Vici.
670 3919 738 3968 Voss.
772 3915 1017 3968 ⁹Canoramusica
1047 3921 1108 3969 Ben.
1126 3916 1187 3966 ltu.
1206 3918 1274 3966 Voss.

889 4034 1002 4118 Steph.
1025 4033 1149 4098 Baluzii
1169 4037 1268 4097 notae.

265 4141 296 4202 (i)
311 4139 382 4192 Cuin
402 4144 518 4192 sanctus
540 4141 713 4205 Augustinus
736 4142 846 4193 initium
868 4146 896 4194 et
920 4143 1051 4207 quiedam
1101 4146 1178 4193 tanto
1193 4141 1291 4205 majori
1305 4139 1391 4190 livore
1406 4141 1560 4204 torquetur,
1583 4140 1688 4203 quanio
1702 4140 1824 4206 aliquam
1844 4135 1907 4203 apud

233 4212 287 4262 nlla
300 4213 384 4276 hujus
401 4213 464 4263 libri
485 4213 546 4264 loca
563 4214 702 4264 retulisset
721 4214 749 4264 in
767 4215 785 4266 l.
808 4216 1051 4280 1v‚deliaptismo
1101 4227 1166 4265 eum
1188 4213 1288 4264 viderit
1313 4212 1495 4262 clariorem.»
1523 4209 1558 4260 Et
1577 4224 1641 4261 mox
1666 4227 1672 4260 ε
1694 4227 1709 4258 a
1734 4213 1808 4264 tiore
1831 4211 1906 4260 dolosi

233 4288 326 4333 oorttru
356 4284 515 4344 Donatistae,
543 4297 565 4334 c.
597 4285 622 4346 8,
648 4288 743 4348 postea
766 4285 854 4334 ait:u
877 4285 945 4338 llaec
966 4287 1051 4338 verba
1101 4284 1189 4335 hostis
1217 4284 1348 4334 universa
1368 4283 1539 4346 perlustrans
1566 4283 1693 4345 explorat
1710 4295 1808 4334 omnes
1826 4281 1906 4332 aditus

235 4353 367 4418 Cypriani
380 4356 407 4403 in
423 4355 555 4419 Epistola,
570 4357 681 4420 populis
693 4359 767 4418 nota,
781 4371 865 4421 quam
881 4371 953 4422 vera,
966 4372 1050 4423 quam
1101 4357 1202 4407 animm
1217 4367 1285 4414 sum,
1301 4368 1337 4404 an
1354 4355 1389 4404 sit
1403 4351 1509 4418 aliquid
1524 4352 1666 4403 infirmum
1680 4358 1708 4406 et
1720 4356 1813 4405 minus
1827 4357 1906 4404 tutum

232 4426 314 4476 fortia
334 4427 390 4476 sint
412 4429 647 4490 recognoscimus.
670 4427 741 4479 Vere
762 4427 856 4479 decuit
877 4428 1049 4493 cyprianum
1101 4426 1235 4492 perquod
1249 4426 1337 4489 possit
1352 4425 1479 4488 irrepere.
1493 4441 1508 4469 »

232 4497 385 4547 deZeloei
404 4497 501 4548 Livore
523 4503 552 4548 et
577 4513 691 4564 arguere
719 4501 839 4564 graviter
858 4467 1088 4562 etmonereafl
1131 4499 1166 4562 (s)
1189 4501 1337 4549 iturorum.
1367 4497 1457 4546 Antea
1483 4495 1627 4560 legebatur
1653 4497 1837 4547 membrorum.
1860 4493 1905 4542 Ve-

233 4572 358 4633 quoiam
384 4569 526 4620 mortifero
547 4570 621 4620 malo
639 4571 762 4633 coreJus
785 4570 896 4634 penitus
926 4571 1050 4622 alienum
1100 4583 1159 4620 ram
1176 4569 1326 4620 lectionem
1342 4567 1502 4618 invenimus
1517 4569 1545 4617 in
1560 4566 1670 4620 duobus
1684 4570 1802 4620 vetustis
1821 4579 1905 4618 exem·

233 4643 311 4689 tanta
330 4639 471 4690 eharitatis
493 4639 664 4691 abundantia
684 4641 883 4706 comprobarit.
898 4659 911 4684 a
931 4640 1008 4692 Idem
1021 4645 1049 4692 in
1099 4641 1233 4705 pluribus,
1256 4641 1284 4689 in
1312 4639 1453 4690 Victorino
1472 4639 1605 4688 nimirum
1625 4643 1719 4690 vetere
1743 4645 1771 4690 et
1793 4639 1820 4688 in
1845 4638 1906 4687 Tor-

233 4715 317 4773 capui
335 4711 495 4774 vltpistolea
522 4710 555 4760 ad
579 4711 712 4763 Galatas:
729 4728 744 4756 o
769 4710 885 4774 Scripsit
905 4715 934 4761 et
950 4710 1050 4762 beatus
1099 4713 1222 4764 nacensi.
1247 4711 1278 4760 ln
1294 4710 1437 4760 Victorino
1461 4711 1595 4773 seriptum
1620 4713 1662 4762 est
1688 4709 1858 4760 membrorum
1881 4709 1904 4756 ei

233 4779 389 4844 Cyprianus
403 4779 505 4832 librum
521 4781 554 4832 de
564 4781 629 4832 Zeto
643 4785 671 4832 et
691 4780 788 4832 Livore
803 4782 949 4845 optimum,
964 4796 1049 4846 quem
1098 4795 1182 4847 supra
1207 4783 1310 4833 lineam
1335 4781 1377 4831 oet
1397 4794 1557 4842 murorum,·
1596 4781 1625 4832 in
1651 4781 1820 4832 Toruaeensl
1848 4790 1904 4828 raro

232 4855 280 4915 qui
307 4851 413 4915 legerit,
435 4865 489 4900 non
516 4851 683 4903 dubitaverit
708 4865 892 4903 annumerare
918 4852 1049 4917 operibus
1098 4867 1245 4916 murorum,
1262 4851 1751 4916 eisupralineamoetmembrorum.

232 4923 325 4972 cernis
339 4921 482 4972 invidiam.
501 4923 602 4974 »Vide
614 4923 796 4974 Hin'cmarum
812 4925 840 4974 in
858 4923 929 4975 libro
941 4938 978 4976 av
992 4925 1048 4975 Ca·
1129 4927 1285 4988 (elcanam
1311 4925 1421 4976 mustea.
1447 4925 1526 4975 Hanc
1547 4925 1705 4987 lectionem,
1732 4937 1814 4990 quam
1838 4934 1903 4988 pre·

232 4991 387 5055 pilularum,
404 5007 462 5057 cap.
477 4994 516 5054 tt,
534 5007 596 5058 pag.
607 4995 664 5044 566.
1097 4998 1192 5048 ierunt
1204 4997 1327 5061 antiquae
1348 4995 1494 5056 editiones,
1516 4996 1600 5046 etiam
1615 4996 1784 5058 Morelliana,
1797 4996 1902 5045 relinere

264 5063 297 5124 iit
325 5065 382 5114 Non
408 5063 487 5127 [acite
512 5063 620 5114 otiatur.
644 5064 865 5117 consultationes
887 5067 997 5118 Zachmi
1020 5072 1049 5118 et
1097 5068 1292 5133 placuit,quia
1309 5069 1385 5118 illam
1404 5066 1537 5118 exhibent
1561 5067 1762 5130 septemdecim
1781 5065 1841 5116 libri
1861 5073 1902 5113 re·

232 5134 455 5197 Apolloniicup.
472 5135 512 5198 iit,
528 5136 648 5187 iniomo
669 5137 844 5201 xsptatteptt
868 5139 1046 5200 Dacherieni,
1097 5144 1178 5200 teres,
1194 5139 1336 5204 nisiquod
1359 5139 1388 5188 in
1415 5152 1512 5189 aarum
1533 5151 1590 5189 uno
1611 5141 1901 5203 seriptumeateonora

232 5217 292 5268 pag.
308 5205 339 5254 36
353 5219 359 5252 :
375 5223 388 5250 a
406 5205 440 5255 nt
455 5206 529 5270 quod
551 5209 593 5256 esi
606 5208 719 5268 erarius,
736 5208 789 5258 sub
803 5209 896 5272 specie
912 5211 1046 5260 iunocen-
1097 5225 1145 5275 pro
1160 5225 1268 5272 cariora,
1283 5216 1311 5262 et
1327 5213 1394 5276 quia
1407 5212 1544 5262 musicam
1555 5210 1611 5262 dici
1633 5224 1716 5276 posse
1737 5209 1903 5260 dubitabatur

231 5276 278 5325 tim
291 5277 394 5326 malum
411 5291 466 5327 nou
489 5283 613 5338 cavetur,
632 5279 699 5329 dum
721 5280 800 5331 vitari
815 5293 895 5345 posse
913 5294 969 5331 non
984 5295 1047 5332 cre·
1096 5295 1156 5333 aevo
1171 5281 1347 5344 Quintiliani,
1361 5285 1391 5332 ui
1410 5283 1470 5346 lpse
1491 5283 1530 5331 aii
1553 5281 1676 5345 lib.v1u,
1700 5295 1760 5346 cap.
1780 5280 1803 5331 3.
1817 5279 1849 5330 m
1861 5281 1901 5327 ia·

232 5347 314 5396 (titur.
333 5366 346 5390 »
1096 5367 1160 5405 men
1182 5352 1296 5418 quidam
1321 5354 1367 5404 alii
1386 5351 1449 5404 libri
1468 5357 1576 5404 veteres
1602 5356 1631 5404 ai
1656 5349 1741 5404 aditio
1760 5351 1901 5414 anglicana

263 5418 294 5478 ti)
321 5417 366 5466 Ubi
390 5420 419 5467 in
443 5423 530 5482 pectus
559 5419 668 5484 obrepit.
708 5422 812 5474 Decem
849 5422 912 5473 libri
938 5427 1046 5474 veteres
1095 5426 1246 5490 praeierunt
1274 5436 1401 5476 canoram
1424 5423 1568 5486 musicam·
1588 5423 1678 5476 codex
1701 5418 1900 5488 Moyasiaaenais

230 5488 380 5552 obrepserit.
395 5489 434 5537 lta
446 5491 529 5540 eiiam
544 5494 650 5542 veteres
664 5491 809 5545 editiones.
827 5494 918 5544 Editio
943 5494 1045 5545 biorel-
1096 5500 1123 5547 ei
1156 5495 1302 5561 Digamus,
1341 5507 1464 5545 canorem
1491 5495 1629 5544 mimicam.
1661 5493 1716 5545 Sed
1755 5493 1800 5544 hle
1833 5502 1901 5542 error

230 5559 435 5625 litoquessdOt'D
453 5561 670 5626 Dtcltttssbitral·
1095 5571 1145 5632 esi,
1173 5580 1259 5620 canor
1292 5567 1368 5618 enlm
1397 5569 1438 5617 est
1463 5565 1611 5616 masculini
1641 5566 1758 5630 generis.
1784 5562 1898 5618 Ouidius,

260 5633 410 5696 (l)cireait
435 5632 487 5681 ilie.
516 5633 621 5684 Auctor
641 5635 771 5700 Epistola
789 5637 827 5686 ad
852 5636 1044 5688 Demetriadem
1094 5639 1142 5690 lib.
1171 5653 1191 5690 v
1215 5638 1460 5702 Metaotorpitoseon
1480 5651 1489 5685 .·
1512 5637 1601 5687 «Non
1627 5641 1719 5688 tamon
1749 5635 1795 5685 illa
1822 5643 1898 5682 canor
1968 5659 1969 5662 =

230 5703 395 5766 interopera
413 5703 594 5768 Hieronymi:
612 5705 761 5756 alrrvidere
790 5721 845 5756 non
871 5711 1044 5758 cessataue·
1094 5708 1403 5761 mulcendasnutusad
1424 5707 1630 5760 aures.»Sunt
1652 5705 1736 5759 etium
1753 5705 1898 5760 aliaexom-
1968 5693 1969 5714 ¹

230 5773 510 5844 iorinvidire,eiqni
529 5777 615 5830 seusei
644 5791 656 5824 n
685 5779 740 5828 Deo
767 5781 823 5844 ipsc
845 5782 1041 5846 projectasest
1094 5781 1148 5850 pla.
