4090 6188
145 237 216 297 tota
577 299 582 304 ,
661 241 799 300 CisllEN
818 241 862 302 DE
881 239 1030 304 RESURR.
1050 243 1273 306 MORTUORUM.
1747 253 1825 314 *teht

143 365 176 414 ut
208 361 236 416 id
262 361 376 414 totidem
408 361 500 415 verbis
531 376 587 416 non
609 363 709 429 dicet),
735 366 784 418 sed
809 367 957 418 Domintco
1006 369 1071 420 nico
1091 383 1147 420 non
1170 382 1220 432 eo,
1238 370 1287 422 sed
1312 374 1457 438 sequente)
1482 373 1528 426 dte
1550 373 1582 426 td
1607 376 1774 439 caeruleae
1797 390 1826 430 vr

141 438 278 499 sequente
300 435 487 500 plenilunium
505 436 680 499 (seulnnarn
698 437 820 500 thynno
844 439 955 502 inipso
1006 440 1048 490 ru.
1079 441 1143 506 Apr.
1171 441 1234 504 Quo
1264 445 1323 506 ipso
1351 445 1396 495 die
1424 445 1626 498 celebrandurn
1658 449 1723 498 item
1753 458 1826 500 esset

142 506 306 570 plenilunio.
332 507 367 557 Et
394 508 506 572 quidem
531 509 591 559 fleri
622 513 714 571 potest
741 514 773 559 ιιι
798 510 955 574 Cyprianus
1005 513 1159 562 secuudum
1182 512 1353 576 cyprianum
1368 521 1399 566 ut
1412 520 1459 582 qui
1481 521 1644 582 estprimus
1662 519 1825 571 Dourinicus

139 579 223 628 etism
243 579 323 641 (sicut
346 579 533 646 Hippolytus),
549 595 604 630 non
627 581 687 646 ipso
709 581 863 646 plenilunio
881 584 955 646 (cum
1006 591 1067 645 post
1085 595 1125 633 xu
1144 581 1186 633 ill.
1204 586 1269 647 Apr.
1294 584 1362 636 teria
1381 587 1405 637 3.
1425 588 1620 653 Enmdemqne
1634 588 1730 662 974
1749 591 1823 641 diem

137 649 175 700 sit
198 651 382 712 Dominicusl,
415 652 520 704 Pascha
549 653 747 705 celebrandum
782 652 874 715 vellet,
906 652 955 703 sad
1006 653 1064 715 (pro
1086 654 1218 706 Pasclrate
1244 656 1324 706 ist-ius
1347 660 1432 722 anni),
1454 659 1600 722 designent
1615 673 1737 712 canonas
1756 663 1822 712 Pas-

135 720 956 788 Dominicosequente,quodetsuaderevideuturrudarn
1005 723 1100 775 cheles
1124 726 1251 789 Dionysii
1279 727 1393 791 (qulbus
1418 732 1476 794 jam
1501 731 1615 794 utimur,
1638 733 1666 782 in
1689 740 1821 800 computo

136 791 262 842 Taberna
275 791 380 845 codicis
398 793 430 845 R.
1004 798 1123 861 tuliano)
1140 801 1174 850 ad
1189 805 1311 852 mentem
1324 804 1424 867 synodi
1437 805 1569 856 Nioaenoe.

173 861 270 937 973
291 865 428 930 Denique,
442 867 470 916 iu
485 870 567 918 aetate
584 867 660 918 lunae
674 866 831 932 discrepant
846 883 852 917 :
868 869 954 933 quip-
1036 872 1122 920 Erant
1145 877 1238 924 autern
1256 877 1364 937 (preter
1385 875 1437 926 bos
1458 877 1601 941 Hippolyti
1621 880 1647 928 et
1668 875 1820 943 Cypriani),

132 946 180 1015 9⁰!
202 947 251 997 pro
273 948 347 986 anno
370 935 477 999 vulgari
501 937 556 1000 2t3,
574 940 622 1001 qui
647 941 689 989 est
711 939 740 988 in
767 952 875 990 canone
901 938 954 1003 Cy·
1003 942 1136 993 aliiitem
1156 957 1278 995 canones
1298 945 1474 998 adsimilem
1501 949 1616 998 formam
1641 952 1751 1013 (nempe
1772 963 1822 1015 pcr

132 1007 224 1086 prieni
252 1019 343 1057 annus
372 1007 533 1069 secundus,
561 1014 586 1059 et
614 1011 642 1059 in
675 1022 782 1060 canone
810 1010 953 1075 Hippolyti
1003 1013 1188 1076 sedecenoia,
1211 1019 1259 1066 aut
1281 1017 1451 1081 duplicatam
1477 1018 1672 1081 Octneteridat,
1696 1019 1821 1085 adeoque

127 1078 287 1128 vicesimus
316 1080 474 1140 secundus,
504 1081 616 1143 ponitur
642 1081 709 1132 luna
742 1082 951 1142 quartadecima
1001 1089 1063 1147 post
1087 1097 1175 1135 annos
1200 1087 1320 1148 tt2,eut
1343 1089 1427 1139 etiam
1447 1090 1488 1149 56,
1508 1091 1710 1150 recurrentes);
1730 1094 1762 1142 nt
1785 1105 1820 1140 ex

130 1148 292 1198 secuudum
323 1148 503 1214 cyprianum,
528 1165 568 1202 ιιιι
595 1150 637 1202 Κι.
663 1155 727 1216 Αρι.
753 1153 821 1202 teria
842 1153 876 1214 35
901 1154 950 1205 sed
1000 1155 1139 1220 Cypriane
1162 1161 1256 1208 nostro
1281 1163 1390 1210 constat
1412 1163 1471 1226 (qui
1498 1161 1634 1226 ejusmodi
1659 1174 1748 1211 unum
1772 1167 1820 1212 aut

129 1219 291 1270 secundnm
310 1220 500 1286 Hippolytum,
523 1235 564 1274 xv
581 1224 624 1276 Kl.
647 1227 712 1288 Apr.
731 1225 799 1274 teria
824 1227 849 1284 7,
864 1225 949 1276 adeo·
998 1227 1086 1278 alium
1105 1225 1215 1294 rejicit),
1230 1233 1258 1280 et
1272 1229 1404 1283 Bucherii
1418 1231 1493 1283 uotis
1508 1232 1542 1283 sd
1561 1245 1698 1285 canonem
1712 1233 1817 1300 Hippo·

126 1302 184 1352 que
202 1289 389 1355 plenilunium
409 1305 460 1346 xiv
482 1294 525 1344 Kl.
543 1296 612 1356 Apr.
632 1295 699 1346 ieris
721 1296 887 1358 primanos
905 1301 948 1349 est
996 1298 1056 1363 tyti.

125 1359 196 1410 Mar.
213 1363 244 1413 ta
265 1362 310 1414 die
327 1365 525 1428 Dominico,et
544 1367 688 1432 Hippolyti
712 1367 819 1420 Pascha
842 1370 947 1434 [Domi-

1013 1531 1169 1548 m

347 1645 579 1742 GARMEN
616 1650 688 1743 DE
722 1651 1196 1780 RESURRECTIONE
1230 1655 1586 1752 MORTUORUM

844 1824 897 1888 sn
918 1824 1087 1890 anniculi

285 1971 352 2053 (Ee
373 1973 521 2040 Marica.
551 1973 700 2040 Veterum
722 1975 882 2056 Scriptor.
907 1983 939 2038 at
957 1976 1106 2042 Monam.
1130 1976 1278 2060 ampliss.
1302 1978 1445 2059 collect,
1470 1988 1548 2046 tom.
1570 1981 1645 2068 IX.)

672 2291 991 2384 thesaurario
1028 2291 1260 2380 PRAEVIA.)

154 2577 277 2633 Carmen
292 2577 328 2633 de
342 2580 559 2642 Resurrectione
575 2582 754 2634 mortuorum
766 2577 796 2634 S.
812 2576 945 2650 Cypriani
959 2593 1067 2632 nomeu
1081 2578 1243 2649 praesertin
1259 2583 1422 2650 pervetusto
1437 2581 1532 2636 codice
1542 2579 1731 2651 corbeiensis,
1743 2583 1809 2638 ania

118 2647 214 2720 annui
226 2672 389 2738 nongentos
398 2667 501 2723 litteris
516 2667 679 2738 majusculis
692 2671 820 2722 exorato.
833 2667 899 2734 Quis
912 2671 1008 2721 autem
1029 2665 1065 2720 sit
1082 2667 1128 2720 ille
1149 2667 1318 2738 Cyprianus,
1330 2669 1407 2724 hand
1423 2669 1507 2724 facile
1520 2673 1564 2725 est
1575 2668 1714 2726 divinare.
1730 2671 1803 2726 Ram

119 2756 277 2826 quominus
289 2756 476 2813 celeberrimo
491 2758 531 2812 illi
544 2755 762 2826 Carthaginensi
779 2756 910 2826 episcopo
927 2761 956 2809 et
975 2755 1104 2827 martyri,
1123 2757 1203 2826 cujus
1220 2757 1335 2830 egregio
1351 2759 1458 2829 scripta
1475 2759 1640 2814 suavissime
1659 2760 1805 2832 leguntur,

119 2846 191 2900 illud
210 2847 410 2916 attribuamus,
426 2847 540 2903 obstare
563 2847 676 2901 ridetur
697 2847 784 2900 oratio
807 2845 892 2899 nimis
911 2843 1064 2911 salebrosa,
1081 2847 1110 2900 et
1132 2845 1243 2900 violatia
1268 2847 1449 2918 frequentius
1470 2847 1556 2902 metri
1576 2847 1671 2918 legas;
1695 2848 1809 2902 tametsi

118 2937 272 2991 sententiae
289 2953 391 3008 graves
403 2943 431 2993 et
444 2955 570 2993 nervosae
585 2939 620 2994 ab
634 2956 668 2994 eo
684 2938 800 2993 minime
812 2935 994 3000 abhorreant,
1010 2950 1063 2989 nec
1077 2937 1157 2989 tanto
1172 2937 1286 2991 doctore
1302 2935 1430 3006 indignae
1448 2935 1625 3007 judicentur.
1640 2935 1696 2992 Sed
1713 2953 1807 3008 neque

119 3036 190 3080 aetas
205 3026 329 3081 auctoris
345 3027 504 3099 aCyprioni
523 3028 756 3099 Carthaginensis
777 3041 837 3081 reso
856 3024 960 3079 distare
982 3022 1191 3078 viminariam
1211 3025 1234 3079 si
1259 3041 1291 3080 eo
1312 3025 1457 3097 antiquior
1472 3041 1528 3079 non
1547 3025 1592 3096 sit,
1611 3025 1806 3097 subaquolem

118 3117 223 3170 saltem
242 3115 329 3172 fuisse
352 3117 499 3188 complura
526 3119 667 3172 evincunt.
687 3117 769 3172 Certe
794 3131 827 3170 eo
855 3131 885 3167 sa
906 3113 1063 3183 praesertim
1084 3117 1216 3185 ternpore
1243 3113 1355 3182 vixisse,
1380 3131 1436 3186 qno
1457 3113 1552 3188 975
1578 3113 1694 3186 rigebat
1713 3115 1807 3170 adhuc

118 3204 262 3260 idolorum
278 3205 380 3272 cultus,
401 3206 444 3261 his
467 3206 593 3262 insinuat
611 3206 748 3272 versibus,
764 3205 867 3276 quibus
886 3203 989 3276 impios
1007 3203 1037 3259 in
1056 3209 1183 3260 extremo
1201 3204 1308 3276 jndicio
1333 3205 1511 3260 conscientiae
1532 3204 1655 3260 stimulis
1684 3204 1805 3276 agitatos

115 3294 239 3366 inducit,
255 3295 389 3351 eumdem
402 3295 542 3352 idolorum
556 3296 666 3354 cultum
681 3295 852 3352 detestantes
869 3311 875 3350 :

567 3455 629 3506 lllio
643 3455 762 3519 quisque
773 3467 832 3504 sura
844 3453 977 3504 letabitur
990 3451 1074 3503 ellare
1087 3452 1163 3503 vitae.

568 3518 630 3568 Jam
640 3518 760 3581 primum
772 3517 934 3589 quicunqne
946 3516 1038 3566 Deum
1051 3515 1122 3564 mele
1133 3517 1260 3566 senserat
1269 3517 1343 3578 ente,

569 3580 605 3630 Et
621 3593 690 3644 vaga
702 3579 828 3628 mentitio
841 3578 1002 3628 coluissent
1013 3578 1130 3627 numine
1143 3589 1220 3640 saxa,

570 3645 661 3704 Atque
672 3644 830 3692 cruentatas
842 3641 905 3702 igue
918 3643 1077 3690 sacraverat
1090 3651 1160 3701 aras,

568 3705 603 3756 Et
615 3705 766 3769 picturatas
778 3703 874 3754 timuit
887 3703 947 3753 sine
958 3713 1028 3753 voce
1041 3701 1154 3767 figuras,
1168 3705 1221 3754 etc.

115 3837 258 3894 floruisse
272 3839 362 3896 etiam
375 3839 628 3896 turbulentissimis
642 3839 784 3894 nascentis
799 3837 931 3894 Ecclesia
946 3837 1133 3910 temporibus,
1146 3836 1250 3908 quibus
1264 3835 1343 3892 verbi
1362 3836 1436 3892 sacri
1451 3853 1596 3909 precones
1609 3835 1719 3892 crudeli
1739 3851 1794 3892 nec

115 3926 315 3997 tradebantur,
338 3945 371 3984 ac
392 3929 480 3984 iidem
504 3929 609 3986 Christi
633 3945 719 3999 quarn
739 3927 930 3998 predicabant
953 3926 1100 3999 sanguinis
1122 3925 1262 3981 allusione
1284 3931 1371 3981 testas
1390 3925 1487 3981 invicti
1511 3924 1711 3998 obsignabant,
1730 3925 1803 3982 satis

114 4017 305 4088 demonstret,
321 4035 386 4074 cnm
401 4023 588 4091 tyrannorum
602 4018 630 4073 iu
643 4017 818 4075 Christianos
833 4017 1045 4073 immanitatem
1059 4015 1103 4072 bis
1117 4015 1208 4071 verbis
1223 4014 1373 4086 redarguit
1387 4037 1393 4069 :

565 4147 621 4196 Vos
631 4149 722 4198 tamen
732 4146 809 4196 lrunc
822 4146 973 4196 Dominum
983 4143 1047 4196 cmii
1057 4145 1196 4208 terraeque
1209 4141 1342 4209 negastis,

568 4209 603 4259 rit
613 4211 703 4273 justos
717 4211 808 4272 potins
819 4206 925 4258 crudeli
942 4205 1019 4257 carde
1032 4206 1166 4264 necastis,

564 4273 766 4346 Prmeonesque
781 4271 831 4344 Dei
845 4271 971 4342 plerique
984 4281 1058 4331 sarpa
1070 4267 1198 4379 lugaftis,
1230 4330 1235 4342 Ι

564 4335 673 4384 Veritas
687 4347 716 4384 ιιι
731 4333 810 4383 robis
823 4345 872 4396 pro
884 4343 1002 4383 crrmrue
1015 4343 1126 4395 semper
1147 4330 1259 4381 nhaesrt.

148 4461 197 4516 llis
210 4460 293 4528 adde,
309 4461 382 4533 quod
403 4461 622 4517 ldillanariorum
647 4460 682 4516 de
700 4465 815 4516 terreno
836 4458 939 4517 Christi
958 4473 1050 4530 ragno
1073 4462 1135 4529 post
1156 4459 1396 4515 resurrectionem
1416 4458 1493 4514 hand
1517 4457 1637 4514 obscure
1663 4457 1792 4514 insinuat

113 4550 291 4620 opinionem,
308 4567 372 4621 quie
386 4550 430 4604 rix
446 4551 538 4606 sacch
554 4549 629 4605 tertii
646 4549 732 4604 huam
745 4549 851 4620 attigit.
865 4545 923 4604 Sed
936 4562 1030 4619 nequa
1044 4547 1138 4603 minus
1151 4549 1349 4621 antiquitatem
1363 4549 1446 4620 sapit,
1456 4549 1543 4620 quod,
1554 4548 1651 4620 petitis
1667 4548 1794 4618 undique

110 4639 299 4710 argumentis,
313 4639 426 4694 insanos
441 4641 491 4694 uri
505 4640 548 4694 sui
562 4638 745 4711 philosophos
760 4639 887 4694 futuram
904 4652 1058 4708 corporum
1071 4638 1314 4693 resurrectionem
1329 4641 1478 4708 negantes,
1492 4637 1546 4692 boc
1559 4637 1686 4691 carmine
1700 4636 1798 4707 impu-

109 4745 212 4799 gnasse
226 4745 243 4782 a
256 4745 324 4784 vcro
342 4745 397 4784 nou
412 4735 454 4783 est
469 4729 610 4785 absimile.

144 4819 205 4872 lirit
216 4817 289 4873 forte
303 4818 353 4889 qni
368 4817 503 4873 carminis
516 4819 602 4888 hujus
616 4823 763 4874 auctorem
776 4815 861 4872 iaciat
878 4815 1065 4888 Cypriacam,
1081 4831 1115 4871 ex
1135 4831 1220 4888 mago
1240 4815 1446 4885 Christianum,
1463 4813 1568 4870 deinde
1586 4813 1743 4870 Antiochia
1769 4812 1799 4868 in

108 4904 207 4978 976
229 4906 372 4961 Phoenicia
391 4905 559 4978 episcopum
583 4912 612 4961 et
633 4910 797 4977 martyrem,
819 4906 899 4976 cujus
922 4909 987 4960 ecta
1009 4903 1100 4959 tribus
1117 4903 1195 4959 libris
1217 4922 1235 4959 a
1256 4920 1351 4960 coaevo
1379 4903 1518 4976 scriptore
1545 4903 1676 4959 distincta
1700 4901 1789 4976 primi

106 4994 252 5049 edidimus
267 4999 336 5050 tom.
351 4995 384 5050 lll
399 5003 563 5050 nostrornm
577 4995 798 5052 Arrecdotorurn.
815 4995 920 5048 Varum
935 4994 982 5048 ille
999 5007 1057 5046 non
1072 4993 1181 5063 latine,
1198 4993 1248 5050 sed
1263 4997 1359 5052 Gracc
1373 4993 1548 5066 scripsisset.

142 5087 286 5142 Caeterum
300 5083 384 5155 hujus
400 5084 529 5154 opusculi
542 5083 667 5155 pretinm
684 5083 806 5154 probant
820 5088 927 5136 asserta
941 5081 971 5135 in
986 5097 1019 5135 eo
1035 5083 1179 5152 praecipua
1192 5082 1362 5140 Christianae
1376 5082 1526 5154 religionis
1540 5082 1685 5155 dogmata,
1699 5097 1798 5153 pecca·

106 5179 169 5228 turn
183 5173 332 5244 originale,
348 5173 482 5244 baptismi
495 5174 656 5240 necessitas,
667 5171 812 5228 Trinitatis
826 5170 1007 5242 mysterium,
1019 5173 1199 5226 mortuorum
1215 5172 1398 5242 resurrectio,
1417 5187 1482 5243 quaa
1497 5187 1565 5226 sane
1576 5169 1647 5228 tanti
1663 5169 1721 5226 risa
1736 5175 1803 5228 sunt

106 5263 136 5318 in
153 5261 352 5334 antiquissimo
366 5265 492 5330 auctore,
509 5266 539 5316 nt
553 5263 588 5318 ab
602 5280 636 5318 ea
650 5263 761 5318 edendo
774 5261 892 5316 minime
909 5259 1059 5314 deterrere
1082 5261 1207 5330 potuerit
1228 5261 1323 5315 oratio
1341 5261 1404 5332 eius
1429 5261 1616 5331 subbarbara,
1631 5275 1696 5334 quaa
1715 5259 1802 5316 etiam

103 5349 137 5401 atr
154 5345 417 5417 imparitatibrario
431 5346 498 5402 licut
509 5346 709 5418 arriiqnissimo
726 5349 871 5414 excerpta,
886 5345 960 5400 adeo
982 5343 1139 5414 depravata
1155 5350 1208 5412 est,
1221 5346 1252 5398 ut
1275 5360 1350 5415 saepe
1367 5345 1481 5399 haerere
1504 5359 1621 5400 necesse
1642 5343 1689 5414 sii,
1706 5357 1801 5414 neque

108 5435 440 5509 proptereacradimus,
454 5441 669 5507 conquerentur
682 5435 785 5490 eruditi
802 5435 854 5490 riri
868 5435 974 5490 frustra
987 5450 1039 5488 nos
1053 5449 1171 5504 operam
1183 5441 1312 5490 nostram
1328 5433 1493 5489 collocasse.

141 5529 207 5582 llaec
222 5531 376 5598 postquam
389 5527 571 5600 scripseram,
588 5546 714 5602 sequens
731 5529 838 5586 adverti
855 5543 972 5584 carmen
985 5526 1096 5583 aditum
1112 5521 1148 5577 ad
1164 5525 1272 5579 calcem
1285 5522 1452 5579 Tertnllieni
1467 5539 1585 5595 operum
1598 5522 1685 5578 fuisse
1700 5540 1706 5576 :
1723 5520 1801 5594 quod

104 5635 172 5673 cum
192 5616 300 5672 ibidem
319 5616 465 5688 legissem,
478 5626 506 5675 et
528 5636 593 5674 cum
617 5637 670 5674 ms.
695 5623 793 5676 nostro
821 5620 1015 5689 contulissem,
1037 5619 1176 5674 audacem
1201 5617 1384 5688 deprehendi
1406 5616 1622 5687 editorem,qui
1643 5614 1758 5668 violatas
1785 5629 1802 5666 a

103 5708 261 5779 Cypriane,
287 5706 452 5778 quicunqne
476 5707 524 5762 ille
547 5712 601 5777 esi,
622 5709 708 5764 matri
730 5709 809 5780 leges
831 5709 1032 5781 humilemque
1057 5709 1164 5780 stylum
1186 5705 1372 5778 impatienter
1397 5705 1507 5774 ferens,
1532 5703 1701 5778 opusculum
1724 5699 1801 5754 istud

103 5795 329 5869 elegantioribus
341 5795 468 5851 versibus
483 5797 602 5854 reddere
615 5803 732 5854 conatus
747 5803 798 5869 est,
813 5803 841 5856 ei
860 5797 900 5854 sic
922 5815 981 5855 nou
1004 5797 1159 5871 Cypriani,
1176 5795 1227 5853 sed
1245 5811 1326 5852 suam
1345 5793 1452 5869 publici
1473 5793 1547 5865 juris
1567 5787 1796 5848 lucubrationem
