4238 6218
158 273 192 332 au
389 236 394 251 ’
864 271 1026 333 crissoto
1046 269 1067 331 ι.
1606 301 1608 308 ·
1755 281 1808 338 aaa

156 395 259 454 nodbad
273 396 382 470 copiam
395 395 522 454 facundi
534 397 648 470 cespitis
662 398 842 454 culminibus
858 400 949 472 1’(ιι)
960 415 988 486 Α
1000 401 1035 455 tis
1059 399 1083 436 ¹¹
1104 399 1198 455 sacculi
1219 397 1400 456 nutabundus
1421 418 1453 457 ac
1466 401 1568 458 dubius
1583 401 1709 476 vestigiis
1725 403 1810 460 ober-

157 491 310 562 iugrarescit.
321 491 480 562 Aggredior
490 497 587 547 tamen
597 491 731 548 facultate
744 493 767 527 ¹¹
778 509 834 564 qua
848 494 948 562 raleo;
1003 493 1131 549 rantibus
1149 492 1327 561 fluctuarem,
1347 494 1411 549 vitas
1426 494 1451 532 ¹³
1465 511 1536 552 meae
1554 495 1676 566 nescius,
1692 498 1817 554 veritatis
1907 569 1910 574 Ι

156 600 205 640 nom
218 587 240 638 ct
252 583 372 638 materia
386 583 498 640 dicendi
511 584 577 640 facit
590 600 707 640 mecum
722 587 759 641 ¹⁴.
775 586 807 640 In
817 585 950 656 judiciis,
1003 603 1036 642 sc
1062 586 1132 641 lucis
1152 587 1273 656 alienus,
1303 586 1417 642 difficile
1443 605 1559 660 prorsus
1585 606 1619 645 ac
1640 591 1742 646 durum
1764 609 1816 665 pra

156 679 177 732 iu
189 676 312 732 concione
327 677 350 712 ¹⁸
372 677 546 749 prorostris,
565 678 702 750 opulenta
718 678 850 734 facundia
870 679 951 734 volis·
1001 678 1056 734 illis
1075 685 1143 734 lunc
1163 678 1292 735 moribus
1312 679 1452 750 opinabar
1465 681 1540 752 quod
1565 682 1595 737 ιιι
1608 684 1730 739 salutern
1744 685 1818 740 mibi

154 771 191 826 bili
211 771 230 805 ¹¹
248 769 401 826 ambitione
421 769 554 841 jactetur.
575 772 654 827 Cum
681 787 749 827 aero
769 770 804 826 de
829 771 951 826 domiuo
1002 772 1100 828 divina
1114 771 1293 845 indulgentia
1308 773 1506 846 pollicebatur,
1516 778 1549 829 ut
1562 776 1624 847 quis
1639 778 1747 833 renasci
1763 779 1817 851 iat)

156 860 228 936 198
246 863 305 918 Deo
328 864 350 898 ¹¹
372 879 426 919 vox
440 867 494 932 est,
509 864 584 919 vacis
598 881 669 936 pura
684 865 708 900 ¹¹
721 863 877 920 sinceritas
891 881 950 920 non
1001 865 1097 922 denuo
1129 870 1246 937 posset,
1281 870 1370 938 utque
1399 867 1428 921 iu
1454 881 1557 923 noram
1587 867 1674 924 vitam
1706 871 1815 927 lauacro

155 956 423 1028 eloquentiaaviribns
439 955 609 1028 (munitur
628 958 664 1013 ad
685 957 752 1013 fidei
770 963 950 1029 argumenta,
1002 975 1085 1031 sqrrae
1113 960 1246 1015 salutaris
1277 959 1419 1016 animatus
1445 960 1487 1030 ¹¹,
1523 962 1597 1032 quod
1626 963 1703 1033 prius
1725 963 1818 1020 fuerat

154 1049 191 1104 sed
217 1049 306 1105 rebus.
330 1049 459 1121 Denique
484 1051 580 1121 accipe
606 1067 664 1106 non
694 1050 801 1106 diserta
823 1050 879 1122 (23)
903 1051 951 1106 sed
1001 1059 1165 1125 exponeret,
1181 1056 1219 1122 et,
1233 1053 1621 1125 corporislicet¹¹manente
1636 1056 1817 1128 compege¹¹‚

153 1141 226 1208 faula,
244 1159 297 1198 nec
308 1142 344 1198 sd
362 1143 579 1213 audientiaeltt)
593 1143 741 1216 popularis
754 1143 917 1199 illecebram
928 1145 951 1180 ¹¹
1001 1145 1148 1201 bominem
1171 1145 1269 1202 anImo
1292 1163 1326 1202 ac
1348 1151 1445 1202 ruente
1465 1146 1489 1182 ¹¹
1512 1149 1645 1203 mutaret.
1660 1147 1711 1212 Qui
1729 1150 1818 1220 possi-

154 1237 212 1290 culto
224 1252 351 1291 sermone
368 1237 465 1291 fucata
478 1237 514 1305 ¹¹,
531 1235 583 1291 sed
598 1237 634 1292 ad
652 1237 782 1292 divinam
798 1237 950 1309 indulgen·
999 1237 1064 1293 bilis
1079 1238 1115 1305 ¹¹,
1135 1237 1257 1308 aiebam,
1278 1243 1321 1294 est
1336 1242 1416 1293 tanta
1432 1239 1588 1307 conversio,
1604 1244 1636 1295 ut
1649 1243 1770 1313 repente
1787 1258 1820 1297 ac

153 1330 207 1384 tiam
222 1329 433 1400 predicandam
454 1329 519 1385 rudi
540 1330 660 1386 veritate
681 1329 830 1402 simplicia.
847 1331 951 1404 Accipe
1001 1331 1155 1404 perniciter
1169 1337 1289 1387 exuatur
1301 1331 1378 1404 quod
1392 1333 1436 1387 vel
1448 1331 1607 1404 genuinum
1620 1333 1675 1388 situ
1688 1333 1713 1369 ¹¹
1728 1339 1817 1390 mute·

153 1421 210 1492 quod
222 1423 339 1478 sentitur
350 1429 503 1494 antequam
514 1423 561 1478 dic
574 1422 639 1494 itur,
650 1440 701 1479 nec
714 1439 866 1495 permoras
878 1427 949 1480 tem·
1001 1424 1050 1480 riae
1076 1425 1213 1480 naturalis
1236 1424 1382 1496 obduruit,
1409 1425 1454 1480 rel
1481 1431 1649 1497 usurpatum
1669 1427 1717 1482 diu
1740 1428 1819 1485 senia

152 1531 233 1586 pamm
253 1515 338 1588 longa
357 1515 511 1588 agnitione
531 1517 693 1588 colligitur,
714 1517 762 1574 scd
781 1518 950 1590 compendio
1000 1519 1147 1574 vetustatis
1166 1518 1308 1574 inolevit?
1329 1519 1392 1576 stlta
1415 1517 1477 1575 haec
1500 1523 1528 1575 at
1552 1519 1692 1590 profunda
1707 1522 1821 1593 penitus

154 1611 234 1679 gratia
246 1611 416 1666 maturantis
428 1610 573 1667 hauritur.
1001 1609 1095 1667 radice
1121 1611 1266 1666 sedenmt.
1293 1611 1415 1677 Quando
1442 1612 1647 1684 parcimoniam
1663 1612 1744 1670 discit
1769 1616 1818 1688 qui

1001 1705 1165 1777 epularibus
1178 1705 1263 1761 coeuis
1278 1707 1308 1760 et
1326 1705 1415 1778 largis
1430 1706 1549 1778 dapibus
1567 1707 1712 1763 assuerit?
1726 1712 1754 1764 et
1766 1709 1816 1780 qui

180 1799 218 1856 Ill.
241 1801 300 1871 Ego
328 1799 351 1836 ¹¹
367 1815 433 1856 curu
455 1799 485 1855 in
501 1799 627 1856 tenebris
649 1799 704 1872 (25)
718 1804 803 1872 atqua
824 1799 854 1856 in
870 1775 1124 1871 noctesspretiosa
1144 1803 1221 1854 veste
1249 1799 1419 1870 conspicuus
1442 1799 1472 1854 ιιι
1494 1815 1565 1854 auro
1587 1803 1673 1872 atque
1692 1801 1722 1856 in
1746 1817 1814 1872 pnr-

150 1907 208 1948 acca
230 1894 284 1966 (aa)
309 1891 405 1966 199
423 1893 561 1966 jacerem,
585 1909 710 1968 cumque
724 1893 753 1949 in
769 1893 952 1966 salojactan-
1002 1909 1077 1964 pura
1105 1893 1160 1965 (28)
1183 1891 1280 1962 fulsit,
1311 1891 1347 1947 ad
1374 1891 1520 1964 plebeium
1546 1909 1576 1949 se
1600 1909 1632 1948 ac
1657 1894 1817 1965 simplicem

819 2093 925 2159 Vau‘ce
951 2091 1129 2159 lectiones.¹

173 2253 189 2282 ¹¹
203 2249 396 2302 Culmistlsan.
442 2253 462 2284 ⁴³
476 2249 650 2301 Facultatum
663 2250 721 2300 Bm.
753 2249 893 2302 “rictum
911 2247 987 2301 Gaul.
1021 2252 1041 2283 ¹⁵
1068 2249 1099 2298 In
1115 2247 1213 2312 judicii
1238 2247 1417 2300 contentione
1443 2245 1509 2297 Vici.
1534 2247 1592 2298 din.
1611 2247 1691 2298 Gaul.
1711 2249 1816 2302 Iudicii

147 2320 264 2371 concione
280 2319 342 2370 Ena.
358 2321 427 2371 ans.
475 2320 495 2352 ¹¹
510 2319 603 2370 Nobili
617 2318 681 2370 Eub.
730 2317 1544 2372 1’Βοιιιιιιοιιῐιοοιιιιιιι.ΕιιιιιΙιιιιιιιιιοιιιιιιιιιιιοΤιιιι.
1578 2315 1598 2350 ¹¹
1614 2318 1693 2369 Purus
1713 2319 1779 2370 Vasa.
1792 2323 1816 2372 ι.

149 2389 164 2428 ι’
176 2387 316 2440 illecebras
341 2389 389 2439 dr.
421 2389 491 2439 Euan
537 2391 558 2421 ¹¹
573 2389 707 2440 Fncatum
730 2389 790 2440 ritu.
834 2392 857 2423 ¹¹
872 2389 946 2454 Ergo
969 2391 1066 2441 Pamet.
1088 2389 1172 2440 nuliis
1190 2387 1322 2452 presidiis
1336 2389 1431 2451 posuit.
1475 2389 1497 2420 ¹¹
1508 2387 1601 2452 Hujus
1614 2402 1702 2438 amnes
1714 2392 1738 2438 et
1760 2405 1820 2440 arar.

148 2456 378 2524 Corporaaltipclt.
425 2459 446 2491 ¹¹
460 2459 715 2510 Manentemateria
729 2459 791 2510 Thu.
838 2458 859 2492 ¹⁷
874 2459 1027 2510 Hominum
1050 2471 1083 2509 ac
1101 2460 1223 2510 mentem
1247 2458 1308 2507 Vici.
1353 2455 1374 2490 ¹¹
1388 2456 1462 2519 Quid
1477 2458 1677 2522 impossibilius
1693 2459 1815 2524 aicham,

146 2542 217 2592 quam
227 2531 294 2580 Pam.
311 2529 381 2578 Lam.
397 2527 444 2578 Ei.
458 2529 517 2592 fleg.
531 2527 606 2591 Quin
622 2531 688 2579 Pcm.
708 2530 777 2580 ans.
791 2531 866 2592 spis.
879 2531 947 2580 Eam.
962 2531 1050 2580 Manu.
1064 2527 1116 2579 Cui
1135 2528 1210 2579 Gaul.
1226 2527 1297 2578 Lam.
1310 2525 1457 2590 Quomodo
1467 2527 1534 2578 Voss.
1547 2528 1570 2578 4.
1605 2527 1772 2580 19(ιιιιιιιιιιι
1787 2531 1816 2581 in

146 2600 206 2662 sinu,
216 2605 273 2650 saia
287 2599 446 2664 marginalis
459 2603 507 2650 ast.
521 2598 579 2650 cad.
597 2597 720 2652 Gemino
734 2601 789 2652 situ
809 2601 876 2652 Voss.
890 2603 914 2652 l.
926 2600 997 2664 spir.
1013 2597 1146 2650 Genilum
1160 2597 1188 2648 in
1200 2597 1265 2647 siuu
1277 2595 1338 2647 Ead.
1351 2595 1375 2646 3.

777 2746 890 2829 Steph.
914 2745 1038 2810 Baluzii
1059 2749 1158 2809 notas.

146 2917 277 2969 sterilibus
293 2919 411 2970 terris.»
432 2918 517 2981 Idem,
529 2920 577 2972 lib.
598 2933 657 2980 vni,
675 2934 735 2986 cap.
749 2922 775 2981 t,
789 2923 828 2972 alt
847 2924 877 2971 ut
898 2924 953 2972 ter·
1003 2918 1111 2984 aspexit
1127 2921 1155 2970 et
1166 2917 1266 2969 stultos
1280 2917 1308 2968 in
1322 2927 1368 2968 me
1380 2915 1533 2968 mundanas
1551 2917 1695 2982 sapientiae
1713 2915 1819 2970 diutius

145 3001 196 3038 ram
215 2989 302 3054 cultu,
320 2991 362 3042 sic
381 2993 502 3041 animam
528 2991 683 3056 disciplinis
704 2991 862 3044 uberiorem
883 2988 951 3041 fleri.
1003 2990 1103 3041 haberi
1123 3002 1222 3040 sensus
1245 2983 1374 3052 indoluit,
1390 3002 1423 3040 ac
1444 2989 1551 3038 fatuum
1575 2987 1730 3052 prudentias
1743 3003 1821 3040 mor-

82 3091 85 3098 ·
148 3059 302 3112 Ammianus
334 3061 526 3126 Marcellinus,
553 3063 634 3114 Initio
658 3064 722 3114 libri
746 3075 821 3114 χιιι
850 3063 954 3113 Instru-
1004 3061 1068 3112 talis
1089 3061 1234 3126 ingenium
1256 3059 1363 3111 coelesti
1385 3059 1443 3110 sale
1457 3057 1587 3112 condivit.
1610 3059 1673 3110 idox
1687 3063 1822 3112 utcarnis

145 3136 223 3182 menta
243 3134 340 3184 amnia
359 3134 511 3186 mediocris
531 3135 637 3200 ingenii
656 3135 678 3186 si
704 3133 865 3186 suffecerim
878 3133 1103 3224 com-Cocalus
1135 3133 1248 3184 interior
1282 3131 1371 3196 caiigo
1404 3130 1539 3193 deseruit,
1565 3141 1614 3194 per
1645 3133 1738 3182 sentes
1768 3131 1820 3182 dn-

145 3207 263 3254 moturus.
279 3220 295 3253 s
1004 3205 1076 3255 mosi
1090 3204 1163 3254 ruris
1185 3203 1306 3254 errantia
1320 3201 1349 3251 in
1364 3201 1480 3252 herbam
1492 3201 1571 3252 florei
1583 3201 1695 3265 cespitis
1715 3204 1823 3254 revolvi

170 3274 454 3338 alienissimorum
472 3278 951 3331 omneseditioneaantePamelia-
1004 3275 1134 3340 vestfgia,
1168 3277 1284 3338 tutoque
1323 3273 1389 3324 nisu
1421 3273 1544 3324 melioris
1576 3271 1681 3323 arbitrii
1713 3275 1820 3326 cultum

144 3357 206 3394 nam.
227 3346 413 3400 Consentiunt
434 3351 518 3402 etiam
539 3355 632 3404 vetera
656 3353 835 3416 exemplans.
855 3350 952 3415 Quan-
1003 3345 1133 3397 illustrati
1148 3345 1269 3410 pectoris
1283 3345 1343 3395 Deo
1357 3343 1457 3395 dicari.
1473 3361 1487 3391 a
1502 3343 1641 3394 Minucius
1652 3344 1731 3395 Felix
1745 3345 1780 3398 de
1792 3361 1822 3398 se

145 3428 216 3478 anam
243 3423 338 3470 autem
367 3433 421 3472 vox
450 3420 558 3482 culmis,
588 3436 673 3487 quam
705 3423 846 3475 Pameiius
874 3421 953 3472 alteri
1002 3417 1121 3482 loquens
1137 3431 1143 3465 :
1161 3434 1175 3462 «
1198 3414 1280 3476 cum,
1295 3414 1420 3465 discussa
1442 3414 1621 3480 caligine,de
1644 3416 1820 3470 tenebrarum

144 3487 284 3550 substituit,
297 3490 372 3541 hona
397 3493 434 3542 sil
448 3492 595 3544 etbouum
610 3507 725 3546 sensum
740 3495 898 3554 constituat,
912 3505 954 3544 re·
1003 3487 1141 3553 profundo
1168 3487 1199 3538 ln
1224 3486 1315 3538 lucem
1345 3485 1489 3549 sapientias
1514 3489 1542 3536 et
1566 3486 1675 3536 rtrtutis
1699 3501 1821 3553 emerge-

143 3559 285 3611 rocandam
309 3574 371 3613 esse
396 3564 493 3627 putavi
512 3568 637 3617 veterem
661 3565 821 3627 lectionem,
840 3579 903 3630 quae
925 3568 954 3617 et
1004 3573 1070 3611 rem.
1093 3575 1108 3607 ι
1140 3558 1294 3620 Lucienus,
1328 3556 1472 3622 presbyter
1504 3555 1711 3622 Antiochenus,
1745 3561 1818 3624 apud

143 3626 309 3693 ipaaaptims
328 3635 390 3682 ast:
412 3634 526 3686 culmen
546 3636 622 3686 euim
640 3635 782 3700 significat
801 3635 954 3692 s'ummita-
1003 3629 1147 3694 Rufinum,
1174 3629 1223 3680 lib·
1241 3641 1282 3691 ¹¹2
1307 3641 1366 3692 0³1³·
1392 3633 1416 3686 ⁶,
1436 3637 1563 3678 asserens
1587 3624 1670 3677 fidem
1697 3633 1820 3682 nostrum

142 3697 188 3748 tem
208 3698 330 3767 alicujus
350 3703 397 3754 rei.
420 3705 451 3754 In
473 3704 891 3773 codiceTuronensiscriptnm
911 3716 954 3764 est
1003 3701 1136 3752 fldissiffl
1161 3699 1281 3764 d⁰n¹¹¹0⁵
1308 3713 1314 3747 ¹
1339 3715 1354 3746 ι
1374 3697 1538 3748 E¹¹¹V¹¹¹¹¹¹⁸
1571 3698 1654 3746 ¹¹¹¹¹¹¹
1687 3713 1739 3750 ¹¹⁰⁸
1771 3703 1820 3752 ⁸1¹·
1852 3721 1858 3734 “

142 3766 300 3830 culminum,
316 3775 344 3822 ot
358 3786 442 3839 supra
456 3776 726 3829 Hammoniacum,
1003 3771 1125 3836 quando,
1145 3777 1173 3822 et
1196 3769 1344 3821 simulacra
1367 3781 1431 3834 qua·
1455 3768 1507 3833 ipsi
1524 3767 1657 3819 finximus
1674 3769 1741 3822 deos
1755 3774 1820 3825 coeli

166 3837 294 3900 titillans
317 3841 468 3908 eloquentia
489 3847 601 3900 viribus.
629 3847 819 3914 Hieronymus
840 3851 868 3901 in
890 3853 954 3917 epi·
1003 3855 1036 3893 ac
1059 3845 1140 3893 terrm
1174 3841 1342 3907 putabamus
1375 3843 1511 3892 auctores.
1539 3854 1554 3887 a>
1586 3837 1818 3909 Commodianus,

141 3909 201 3958 stola
235 3913 272 3962 ad
313 3913 509 3966 Pammachium
542 3931 591 3982 pro
623 3917 702 3970 IIbrls
734 3921 794 3971 suis
825 3923 955 3974 aduersas
1003 3914 1133 3964 lnsslfucl·
1157 3913 1189 3964 ²⁰
1212 3927 1218 3962 ἵ
1243 3931 1257 3958 a
1274 3911 1350 3964 00⁰⁸
1373 3915 1401 3961 0¹
1424 3922 1476 3974 08⁰
1502 3911 1552 3972 ¹⁰¹2
1572 3921 1699 3974 Pellem
1724 3920 1819 3970 menta

141 3977 304 4034 tartaronum
341 4000 351 4034 :
383 4003 397 4031 a
428 3986 514 4038 Porro
546 3988 754 4053 eloquentiam,
787 4004 871 4056 quam
904 4005 953 4057 pro
1003 3989 1137 4046 moratus,
1159 3987 1186 4035 ct
1202 3983 1288 4034 vitam
1315 3983 1397 4033 istius
1417 3981 1514 4032 saecuh
1537 3993 1631 4031 veram
1652 3995 1712 4034 esse
1735 3993 1820 4051 puta-

141 4047 241 4103 Christo
256 4055 286 4104 in
304 4051 441 4107 Cicerone
456 4059 622 4115 contemnis,
636 4059 664 4108 in
686 4059 809 4124 paruulls
832 4075 888 4112 non
911 4076 953 4113 re·
1003 4057 1076 4108 bum.
1093 4071 1107 4103 a
1122 4054 1194 4106 Vide
1208 4055 1290 4106 ctiam
1302 4055 1431 4104 instruct
1444 4054 1456 4103 I
1471 4056 1499 4102 et
1511 4051 1551 4102 33.

141 4123 241 4184 notram
273 4126 469 4178 ecclesiastica
495 4128 702 4192 interpretatio,
729 4131 838 4182 etiamsi
869 4132 954 4185 habet
1035 4128 1082 4190 (tot
1104 4129 1132 4177 In
1146 4131 1220 4177 nacte
1233 4139 1310 4176 caca.
1334 4124 1363 4175 ld
1382 4127 1424 4175 est
1440 4123 1606 4174 idololatria.
1621 4124 1818 4194 Hieronymus,

141 4192 234 4258 eloquii
276 4201 475 4260 venustatem,
508 4197 682 4250 dissimulare
719 4212 780 4252 eam
813 4202 896 4255 debet
927 4207 955 4255 et
1003 4200 1032 4249 ln
1047 4203 1131 4262 caput
1153 4198 1263 4248 tertium
1286 4197 1383 4248 Ionae:
1402 4195 1622 4258 «Proponamus
1634 4195 1747 4248 beatum
1764 4200 1819 4265 Cy-

139 4262 233 4326 fusere·
248 4281 277 4329 a,
1003 4271 1140 4334 priunum,
1158 4269 1206 4333 qui
1229 4269 1306 4332 prius
1329 4265 1492 4317 idololatrias
1515 4269 1637 4317 assertor
1654 4267 1717 4331 fult,
1737 4275 1765 4323 et
1789 4273 1818 4324 ln

166 4333 212 4394 (ιιι
236 4338 300 4386 Nan
335 4336 446 4389 diserta.
481 4337 671 4404 Hieronymus
704 4341 732 4391 in
768 4341 884 4406 epistola
917 4345 955 4395 ad
1003 4343 1107 4392 tantam
1122 4339 1239 4404 gloriam
1256 4337 1344 4390 crevit
1355 4337 1523 4402 eloquentius
1537 4341 1569 4387 ut
1583 4339 1729 4391 oratoriam
1744 4357 1818 4408 quo·

138 4401 318 4468 Nepotianum,
341 4407 375 4457 de
400 4409 458 4457 ufta
477 4409 661 4461 clericorum:
684 4411 788 4462 «Audi
810 4413 903 4478 igilur,
922 4419 954 4466 ut
1004 4424 1059 4476 que
1079 4409 1192 4461 doceret
1211 4408 1382 4474 Carthagini,
1399 4407 1510 4458 audisse
1531 4408 1642 4459 tandem
1661 4423 1818 4466 sermonem

137 4469 227 4550 heatus
241 4473 404 4540 Cyprianus
426 4479 474 4540 ait,
488 4491 544 4530 non
559 4479 670 4542 diserta,
686 4481 735 4532 sed
756 4483 875 4533 tortia.»
895 4485 952 4536 Hu-
1003 4479 1093 4543 Ioues,
1109 4480 1184 4531 etad
1202 4480 1393 4544 poenrrenunn
1409 4491 1573 4530 conversum
1594 4481 1622 4529 in
1644 4483 1748 4533 tentam
1770 4499 1818 4538 re-

138 4545 225 4604 ncius,
244 4545 295 4596 lib.
319 4559 338 4607 ι,
362 4549 445 4612 epist.
471 4549 527 4599 ιιι
552 4549 663 4602 «Certi
684 4564 782 4602 sumus
803 4555 878 4618 quod
899 4515 1079 4606 nonDnissa
1101 4553 1232 4602 virtutem
1257 4549 1452 4601 accuratum
1471 4547 1584 4614 publice
1604 4552 1819 4618 predicasset

138 4613 186 4662 mm
200 4615 306 4667 diserta
319 4619 422 4682 cupitis
437 4618 533 4672 audire
553 4618 603 4672 sed
616 4621 706 4671 fortia.
719 4640 734 4668 ι
755 4625 885 4676 Julianus
907 4628 955 4678 Pe
1005 4636 1054 4688 pro
1066 4623 1113 4674 illo
1128 4623 1265 4675 cervicem
1282 4621 1374 4686 gladio
1387 4621 1519 4672 flecteret.
1532 4637 1547 4667 a

139 4686 245 4749 marius,
266 4687 318 4737 lib.
352 4700 391 4749 ιιι,
425 4688 457 4738 de
493 4690 550 4739 Vita
581 4691 795 4757 contemplativa,
814 4709 873 4761 cap.
897 4697 953 4749 ct:
1036 4695 1084 4756 ιιι)
1099 4693 1215 4744 lienasci.
1236 4693 1296 4744 Non
1318 4693 1393 4743 euim
1414 4692 1565 4754 nascimur,
1580 4691 1629 4742 sad
1645 4694 1818 4746 renascimur

139 4755 357 4808 nl’rudcntibus
373 4757 442 4809 viris
464 4771 520 4810 non
540 4760 650 4824 placent
671 4762 813 4827 phalerato
834 4767 882 4818 sed
900 4769 955 4819 for·
1005 4764 1164 4816 Christiani.
1190 4763 1388 4824 Tertullianus,
1409 4763 1437 4811 iu
1457 4760 1624 4826 Apolopeta'co
1647 4777 1656 4811 :
1681 4764 1816 4831 «Fiunt,

136 4825 178 4873 ¹¹³·
193 4846 206 4871 ι
1004 4850 1061 4886 non
1086 4840 1242 4888 nascuntur
1266 4833 1458 4886 Christiani.»
1482 4831 1550 4883 Item
1578 4831 1765 4898 Hieronymus
1787 4837 1817 4888 ln

166 4897 211 4958 ιιι]
226 4899 332 4950 Necad
348 4901 492 4952 audientia
515 4901 609 4953 Codex
626 4905 747 4971 episcopi
763 4909 953 4960 acconensis:
1004 4907 1075 4958 libro
1096 4907 1223 4958 aduersus
1247 4903 1419 4970 Vigilantiam
1442 4904 1512 4955 etin
1526 4903 1647 4968 Epistola
1661 4903 1697 4955 ad
1712 4908 1818 4974 Istam,

138 4965 215 5019 «Nec
228 4971 386 5022 audientias
411 4972 555 5037 popularis
578 4974 710 5027 illecebra
730 4977 806 5030 culto
827 4992 955 5033 sermone
1005 4978 1039 5029 de
1060 4978 1237 5029 Institutione
1257 4977 1331 5028 fitia.
1355 4975 1437 5041 Apud
1459 4975 1634 5039 Primasium,
1649 4978 1677 5026 iu
1701 4977 1818 5044 Prolago

137 5035 231 5088 mauu.
248 5059 264 5088 a
1005 5050 1197 5102 commentarii
1217 5051 1244 5099 in
1260 5047 1398 5113 Epistulas
1417 5046 1505 5109 Pauli,
1524 5045 1674 5098 Christiani
1692 5049 1771 5100 aiunt
1783 5050 1819 5101 ad

148 5109 211 5165 ,iiii
237 5113 297 5176 Epo
328 5125 386 5163 aum
419 5114 448 5162 in
489 5115 611 5168 tonsoris.
646 5115 720 5168 cuat
753 5119 830 5172 bunc
861 5121 954 5174 Iocum
1004 5120 1141 5172 Iudaeos:
1164 5138 1179 5168 a
1198 5119 1283 5170 Filios
1304 5117 1424 5170 Abrahae
1445 5130 1502 5168 non
1524 5119 1590 5168 facil
1607 5119 1747 5180 nativitas,
1768 5120 1819 5174 sed

137 5185 242 5232 mactus
265 5185 459 5247 Augustinus,
487 5198 564 5235 serm.
591 5188 647 5251 dli,
672 5191 700 5238 in
728 5202 800 5241 nora
823 5191 953 5245 edItioue.
1004 5192 1111 5243 fides.»
1134 5191 1205 5242 Vide
1229 5203 1292 5256 quas
1316 5189 1351 5240 de
1373 5188 1594 5240 Christianorum
1615 5191 1759 5243 nativitate
1780 5193 1820 5243 alt

139 5247 248 5302 Videtur
266 5258 366 5304 autem
390 5251 524 5306 Sedulius
545 5257 580 5307 ab
595 5257 649 5311 hoc
661 5260 723 5311 loca
735 5267 879 5314 mutuasse
892 5278 955 5329 quas
1005 5262 1185 5314 Munnulusa
1200 5261 1285 5314 Girba
1297 5262 1326 5311 tu
1341 5261 1461 5311 concilio
1476 5258 1698 5323 Carthaginensi,
1712 5267 1740 5314 et
1754 5275 1817 5328 quos

139 5316 168 5369 da
185 5335 234 5372 sna
257 5326 446 5377 conversione
467 5326 501 5377 ad
523 5328 612 5379 Deum
628 5329 723 5382 scribit
736 5333 763 5382 in
785 5333 904 5397 Epistola
919 5331 955 5384 od
1006 5333 1120 5384 Pontius
1135 5333 1270 5383 dlaconus
1282 5333 1310 5382 ln
1329 5331 1386 5382 Vita
1397 5331 1526 5394 cypriani
1540 5331 1608 5381 dicii
1622 5330 1657 5383 de
1674 5334 1819 5386 nativitate

137 5393 318 5444 uramentum
342 5409 351 5444 :
383 5415 397 5443 a
420 5396 492 5448 Cum
526 5401 710 5452 saecularibus
741 5403 826 5468 Igitur
856 5403 955 5454 studiis
1005 5403 1121 5455 coelesti.

139 5473 298 5529 occupatas,
325 5469 424 5533 inquil,
455 5471 511 5521 vim
544 5473 712 5537 impatientis
742 5475 857 5541 Ingenii,
880 5475 955 5541 quod
1035 5475 1084 5538 (aa)
1110 5475 1141 5524 In
1162 5487 1261 5526 aura...
1282 5486 1415 5539 purpura.
1440 5471 1626 5536 Hieronymus
1648 5473 1676 5523 lu
1700 5475 1819 5540 Epistola

138 5531 296 5588 Divinitatis
320 5537 348 5586 iu
373 5552 418 5588 me
444 5541 616 5604 providentia
640 5547 790 5610 generavit,
805 5559 861 5597 nan
878 5547 954 5597 ιιιιιι-
1004 5547 1041 5596 ad
1054 5543 1225 5598 Heliodorum
1247 5546 1282 5596 do
1303 5544 1471 5596 landertim
1494 5543 1634 5606 solitariae,
1655 5547 1683 5595 et
1704 5546 1733 5597 in
1754 5549 1819 5612 Epi-

141 5609 180 5656 tau
201 5611 310 5660 antmae
335 5609 382 5660 sed
405 5611 482 5662 inani
503 5614 568 5666 vitta
589 5615 785 5681 dependerem,
799 5623 826 5668 et
848 5618 955 5669 littera·
1004 5617 1073 5668 stata
1096 5617 1133 5668 ad
1156 5618 1252 5668 aarum
1278 5616 1313 5668 dc
1338 5613 1516 5665 Institutione
1541 5612 1629 5665 ulta:
1650 5631 1665 5664 c
1688 5615 1719 5665 Iu
1750 5629 1819 5669 auro

140 5677 183 5724 rire
206 5679 311 5728 solatia
338 5679 495 5746 disprIiuse
521 5684 629 5736 lusibus
659 5685 825 5738 infructuosi
848 5688 955 5753 operis,
1005 5691 1088 5754 atque
1102 5701 1224 5752 purpura
1241 5686 1374 5738 ludere.»
1395 5685 1430 5736 oi.
1447 5682 1516 5735 Cato
1537 5683 1611 5748 apud
1631 5687 1664 5736 Α.
1687 5686 1819 5751 Gellium,

140 5758 190 5797 uon
220 5751 347 5808 aneton,
370 5749 521 5816 deservire,
548 5755 660 5807 undem
693 5757 848 5810 misericors
879 5760 956 5811 Deus
1005 5759 1054 5809 lib.
1075 5771 1105 5821 u,
1121 5771 1182 5823 cap.
1203 5759 1254 5809 te:
1274 5775 1289 5805 a
1305 5757 1393 5807 Fures
1413 5755 1584 5820 privatorum
1612 5755 1767 5808 facinorum
1791 5759 1821 5809 ιιι

141 5828 226 5871 rerum
264 5819 397 5874 conditor
431 5823 600 5880 clementius
639 5827 773 5882 fabricam
812 5831 856 5882 sul
884 5829 956 5897 turis
1004 5842 1090 5882 nervo
1118 5833 1201 5897 atqua
1227 5830 1257 5881 tu
1281 5826 1464 5894 compedibus
1488 5829 1600 5878 etatem
1625 5827 1823 5892 agnouimus

296 5907 438 5983 Pinna.
460 5913 514 5983 tv.
1639 5920 1658 5988 7
