4076 6190
211 259 255 316 ιιι
881 259 958 318 vul
976 262 1002 316 s.
1023 259 1191 317 erraturi.
1453 225 1461 236 ’
1845 267 1896 324 aar

210 391 309 446 obrem
327 387 492 462 Cyprianus,
511 403 575 444 cum
595 386 837 445 animadverteret
855 409 869 439 a
888 389 918 442 in
937 385 1168 473 plebeAiuquit
1181 384 1347 458 Cyprianus,
1363 384 1387 441 si
1405 385 1433 442 in
1455 385 1510 443 hoc
1525 387 1621 460 operis
1641 405 1735 461 agone
1748 395 1897 448 currentes

209 487 349 557 quosdam
363 485 406 539 uel
421 483 617 540 imbecillitate
630 481 729 551 animi,
742 483 785 538 vel
794 482 862 538 ndei
873 482 1021 554 parvitate,
1075 480 1134 534 dies
1149 497 1200 534 nos
1212 480 1258 534 rel
1272 480 1441 537 redditionis
1455 480 1499 537 rol
1515 484 1722 555 persecutionis
1740 485 1895 554 invenerit,

167 605 169 612 ·
209 581 252 635 rel
276 579 427 635 dulcedine
449 578 593 633 saecularis
615 577 691 644 ritae,
716 575 761 632 vol
786 593 868 632 sexus
893 575 1023 644 mollitie,
1074 589 1220 644 nusquam
1246 574 1383 630 Dominus
1409 575 1522 631 meritis
1550 576 1652 632 nostris
1680 577 1714 632 ad
1741 580 1894 650 praemium

204 677 263 746 -vel,
280 674 356 747 quod
377 675 470 746 majus
489 680 541 744 est,
561 673 690 730 ueritatis
709 688 817 740 errore,
837 671 932 728 minus
951 678 1025 728 alere
1075 665 1179 723 deerit.
1195 668 1225 721 ln
1241 683 1310 740 pace
1327 668 1507 724 vincentibus
1522 685 1659 726 eoronam
1672 670 1824 728 candidam
1841 689 1896 746 pro

210 770 330 838 fortiter,
349 785 401 825 nec
420 769 546 842 pectoris
564 769 607 823 sni
630 768 758 823 divinum
781 770 866 839 etque
885 767 1025 823 invictum
1076 760 1209 832 operibus
1234 761 1329 833 dabit3
1353 763 1382 816 in
1409 763 1605 834 persecutione
1632 775 1809 838 purpuream
1836 783 1890 839 pro

209 863 296 919 robur
310 879 451 932 exserere,
466 883 480 914 r
494 879 552 918 non
571 861 756 934 pretermisit
773 860 949 917 occasionem
971 861 1024 917 do·
1044 887 1050 896 ·
1074 854 1208 927 passione
1224 855 1409 926 germinabit.
1426 877 1440 904 a

210 957 306 1014 cendae
321 957 458 1027 venulis,
475 974 507 1013 ac
528 956 795 1029 prestantissimum
811 957 843 1012 de
860 955 1025 1012 Mortalitatc
1110 947 1152 1004 Ad
1175 948 1290 1004 initium
1315 949 1384 1006 enni
1407 951 1460 1007 254
1483 950 1607 1006 velemur
1628 951 1711 1024 epist.
1735 954 1779 1024 ee,
1804 969 1894 1025 quam

210 1049 316 1106 librum
338 1051 458 1123 scripsit,
473 1052 502 1106 in
520 1067 576 1123 quo
595 1050 773 1105 demonstrat
791 1050 852 1122 ejus
871 1065 930 1104 esse
948 1065 1023 1103 mor·
1075 1045 1112 1099 au
1136 1045 1303 1100 Florentium
1323 1047 1477 1115 Pupienum
1499 1044 1611 1116 scripsit
1633 1045 1800 1119 Cyprianus,
1823 1063 1891 1102 oum

211 1151 270 1201 tem
290 1146 391 1200 timere
410 1145 459 1216 qui
478 1144 512 1200 ad
532 1143 677 1200 Christum
695 1142 737 1199 ire
758 1143 838 1212 nolit,
859 1159 907 1198 eos
927 1145 1024 1197 eutem
1071 1138 1130 1208 jam
1147 1155 1195 1193 sex
1211 1137 1293 1194 annis
1312 1137 1460 1194 ecclesiam
1475 1138 1731 1210 Carthaginensem
1746 1140 1891 1212 guberna·

211 1240 336 1311 quivere
349 1239 378 1294 in
391 1239 536 1296 Christum
550 1238 681 1306 credunt,
692 1237 780 1294 laetari
792 1237 896 1294 debere
910 1237 1024 1292 cunrad
1075 1234 1128 1286 ret.
1148 1231 1291 1303 Pupienus
1312 1230 1360 1286 ille
1379 1233 1446 1286 ante
1467 1231 1694 1303 persecutionem
1715 1233 1745 1288 in
1768 1233 1895 1288 Ecclesia

210 1333 355 1390 Christum
375 1338 524 1388 uocantur.
544 1333 646 1388 Narrat
666 1331 833 1404 episcopum
856 1331 1023 1404 quemdam,
1074 1325 1169 1382 iuerat
1199 1328 1229 1380 et
1259 1324 1521 1380 communicaverat
1552 1342 1618 1381 cum
1650 1326 1809 1399 Cypriano;
1841 1328 1895 1384 sed

211 1428 260 1502 qui
281 1427 393 1500 petebat
415 1430 446 1482 ut
460 1443 476 1482 e
491 1427 592 1483 morbo
614 1425 758 1494 evaderet,
775 1425 945 1497 increpitum
964 1440 1025 1480 esse
1074 1425 1182 1496 postea,
1203 1421 1388 1478 schismaticis
1409 1439 1439 1478 se
1460 1423 1630 1494 adjungens,
1651 1443 1665 1474 a
1680 1425 1807 1495 infanda,
1828 1431 1892 1482 tur·

211 1523 241 1578 in
255 1521 363 1576 visione
380 1537 387 1576 :
405 1541 419 1572 ι(
437 1519 522 1576 Nobis
541 1536 655 1593 quoque
675 1518 755 1592 ipsis,
774 1519 867 1592 inquit
887 1519 929 1592 (p.
949 1518 1023 1590 nul),
1073 1517 1132 1599 pia,
1149 1517 1233 1573 etiarn
1249 1515 1403 1590 gentilibus
1414 1516 1595 1586 exsecranda,
1610 1539 1624 1568 a
1639 1518 1674 1573 de
1690 1519 1830 1590 Cypriane
1847 1523 1889 1574 te·

211 1614 337 1671 minimis
360 1619 388 1670 et
408 1613 540 1670 extremis
559 1613 671 1686 quoties
690 1614 847 1670 revelatum
867 1617 919 1681 est,
936 1628 1024 1685 quam
1074 1627 1153 1667 mere
1163 1611 1333 1668 crediderat.
1344 1610 1418 1676 Quin
1429 1611 1516 1666 etiam
1527 1611 1633 1667 litteras
1644 1612 1679 1666 ad
1689 1628 1755 1667 eum
1768 1613 1893 1669 scribere

209 1708 376 1780 frequenter
398 1711 427 1763 et
452 1707 602 1763 manifeste
623 1707 660 1763 de
684 1708 735 1764 liei
758 1707 924 1779 dignatione
949 1723 1022 1778 prce-
1075 1721 1160 1762 ausus
1179 1710 1231 1774 est,
1247 1705 1277 1760 in
1296 1704 1400 1776 quibus
1416 1703 1543 1776 judicem
1565 1721 1594 1759 se
1614 1705 1739 1778 episcopi
1757 1706 1801 1760 sui
1822 1723 1890 1762 con-

209 1807 324 1874 ceptum
339 1807 382 1856 est
394 1806 425 1857 ut
439 1803 614 1858 contestarer
626 1801 738 1858 assidue
753 1804 781 1856 et
794 1801 908 1872 publice
920 1799 1023 1872 praedi·
1036 1770 1203 1866 Bstituens,
1225 1798 1332 1854 dicebat
1357 1796 1520 1853 sacerdotes
1541 1798 1664 1854 humiles
1687 1815 1748 1855 esse
1774 1799 1891 1868 dehere,
1928 1805 1931 1811 '

210 1911 307 1952 cerem
329 1896 432 1951 iratres
453 1898 563 1951 nostros
585 1911 641 1951 non
661 1911 723 1950 esse
743 1895 885 1966 lugendos
905 1893 1023 1950 accersi·
1075 1894 1238 1965 scrupulum
1255 1891 1307 1947 sibi
1328 1907 1388 1947 esse
1410 1891 1567 1948 tollendum
1581 1893 1617 1948 de
1635 1893 1733 1949 animo
1752 1893 1782 1948 in
1803 1909 1891 1965 quem

210 1989 286 2046 tione
300 1987 445 2044 Dominioa
460 1987 497 2043 de
513 1989 617 2045 seculo
633 1989 783 2044 liberatosi
801 2011 815 2040 a
829 1991 909 2044 Hunc
921 1987 1024 2044 librum
1075 1986 1223 2056 inciderat,
1240 1985 1393 2041 Ecclesiam
1408 1988 1524 2057 propter
1537 1986 1709 2059 Cypriannm
1729 1987 1893 2059 portionem

211 2083 250 2141 sic
269 2083 403 2154 designet
421 2083 538 2139 Pontius
553 2087 618 2156 post
633 2099 704 2156 opus
720 2083 851 2139 ‘idumeus
868 2083 984 2141 Gentiles
998 2087 1025 2138 et
1075 2081 1119 2137 sui
1132 2081 1162 2136 in
1174 2081 1303 2152 disperso
1318 2078 1434 2146 habore,
1449 2081 1613 2152 omnesqui
1631 2097 1696 2136 cum
1711 2098 1746 2138 eo
1761 2096 1892 2136 commu·

209 2183 275 2234 ante
290 2177 377 2233 libros
390 2177 424 2233 de
439 2177 522 2249 Opere
540 2181 565 2234 et
579 2178 754 2248 Eleeaosynu
771 2192 804 2232 ac
819 2178 852 2233 de
864 2179 1023 2233 Patientia:
1074 2174 1216 2241 nimbum,
1239 2175 1342 2246 polluto
1361 2173 1436 2230 illins
1456 2189 1504 2230 ore
1526 2175 1649 2246 pollutos
1669 2191 1740 2244 esse,
1762 2179 1790 2230 et
1809 2190 1893 2249 spem

211 2289 226 2323 a
247 2273 269 2327 h
290 2289 347 2345 quo
368 2270 522 2328 Christiani
544 2271 683 2327 mollioris
703 2271 820 2327 affectus
841 2271 916 2326 circa
938 2271 1024 2326 amis·
1074 2269 1139 2324 vitre
1153 2273 1267 2323 aeterna
1281 2267 1549 2324 communicationis
1563 2269 1636 2324 illius
1649 2270 1815 2341 contagione
1828 2285 1891 2340 per·

211 2365 320 2423 sionem
335 2382 452 2422 suorum
465 2368 523 2431 eut,
537 2365 616 2439 quod
634 2365 724 2436 magis
739 2371 789 2436 est,
805 2364 872 2423 fidei
885 2365 1025 2437 parvioris
1075 2362 1188 2418 didisse.
1204 2361 1360 2434 Cyprianus
1377 2362 1574 2418 innocentiam
1593 2379 1674 2418 suam
1695 2381 1730 2418 ea
1749 2380 1813 2435 quea
1828 2362 1893 2434 epi-

210 2461 428 2519 consolarentur
444 2476 493 2532 spe
511 2459 684 2516 futurorum.
701 2479 715 2510 a
731 2459 859 2531 Scriptus
871 2459 982 2515 videtur
994 2460 1024 2515 ia
1075 2471 1193 2528 scopum
1217 2454 1337 2511 decebat
1360 2454 1496 2528 gravitate
1519 2458 1548 2510 et
1569 2456 1728 2512 constantia
1750 2457 1890 2530 defendit,

210 2571 278 2628 pace
299 2553 351 2610 sub
369 2553 521 2609 Valeriano
540 2570 548 2609 ι
569 2554 647 2608 nulla
665 2552 743 2608 enirn
763 2553 838 2608 inest
856 2552 1025 2624 significatio
1075 2558 1104 2609 et
1116 2552 1275 2625 impudenti
1285 2552 1478 2621 obtrectatori,
1489 2553 1512 2608 si
1526 2553 1693 2609 temeritatis
1707 2560 1735 2610 ct
1749 2555 1893 2627 superbiae

142 2687 144 2690 -
209 2647 413 2722 persecutionis
444 2662 509 2703 cum
533 2653 611 2719 peste
636 2647 809 2719 conjuactae;
836 2647 904 2719 quin
937 2647 1025 2702 etiam
1075 2651 1161 2720 atque
1179 2646 1339 2702 insolentiae
1354 2647 1476 2702 velsero
1490 2648 1687 2719 paenitentiam
1703 2665 1893 2722 agerecoepe·

209 2741 367 2815 Cyprianus
390 2742 445 2798 hac
474 2741 631 2796 calamitate
658 2740 833 2798 Christianos
864 2741 970 2796 armari
996 2744 1025 2796 et
1075 2741 1122 2811 rit,
1137 2741 1249 2796 veniam
1269 2739 1353 2796 offert
1370 2757 1376 2794 :
1394 2761 1408 2792 a
1426 2741 1556 2798 hianeute
1570 2748 1679 2810 tamen,
1694 2742 1797 2815 iuquit,
1813 2744 1892 2816 apud

209 2835 366 2911 praeparari
382 2835 919 2907 declarat,utiortitersegerantcum
934 2851 1025 2907 perse·
1075 2852 1126 2890 nos
1152 2834 1254 2890 divinoe
1281 2851 1408 2890 censurae
1432 2841 1560 2908 respectu
1587 2841 1614 2892 et
1639 2841 1729 2906 metu,
1756 2841 1787 2892 ut
1812 2839 1895 2910 prius

209 2927 1024 3003 cutiovenerit.«Excedunt150eoceinpace,inquit,
1075 2929 1228 2985 liominurn
1251 2943 1349 2984 meum
1370 2928 1516 2984 consulam
1540 2945 1576 2984 an
1599 2930 1649 2985 tihi
1670 2930 1884 3004 pacem151

208 3027 277 3082 tutes
291 3041 354 3079 curn
377 3023 469 3096 gloria
488 3040 539 3078 sua
558 3022 684 3094 virgines
687 3063 754 3090 ......
769 3023 966 3079 accenduntur
980 3029 1023 3078 te·
1075 3023 1135 3078 dari
1155 3028 1183 3078 et
1200 3026 1228 3077 te
1247 3021 1283 3076 ad
1304 3021 1595 3078 communicationem
1615 3025 1744 3080 Ecclesia
1763 3041 1821 3080 sue
1839 3025 1893 3080 ad-

208 3117 278 3191 pidi,
293 3119 528 3189 constringuntur
541 3115 661 3185 remissi,
679 3117 839 3172 excitantur
853 3117 958 3188 ignavi,
975 3115 1023 3172 de·
1036 3143 1064 3216 C
1077 3117 1151 3172 mitti
1167 3133 1218 3172 sua
1234 3115 1395 3172 ostensione
1408 3121 1436 3171 et
1448 3116 1643 3172 admonitione
1656 3119 1806 3190 permittit.
1822 3139 1837 3170 a
1852 3120 1895 3175 Ex

208 3215 330 3271 seriores
343 3211 554 3283 compelluntur
567 3215 597 3265 ut
612 3210 739 3277 redeant,
752 3209 872 3281 gentiles
885 3216 1026 3281 coguntur
1075 3209 1119 3263 his
1134 3214 1213 3281 patet
1228 3210 1303 3264 hunc
1318 3209 1465 3265 hominem
1486 3225 1545 3266 non
1563 3211 1728 3284 episcopum
1748 3212 1845 3279 luisse,
1861 3218 1896 3269 nt

209 3312 240 3360 ut
265 3303 397 3373 credent,
424 3289 503 3358 vetus
527 3303 655 3358 fidelium
684 3303 808 3375 populus
835 3303 870 3357 ad
897 3303 1024 3375 quietum
1075 3303 1206 3358 nonnulli
1226 3303 1279 3358 sibi
1294 3303 1513 3370 linxerunt,sed
1529 3303 1632 3359 laicum
1654 3305 1786 3377 Cypriani
1801 3306 1893 3377 juris-

207 3401 333 3468 rocatur,
361 3397 396 3452 ad
426 3396 516 3452 eciem
544 3411 644 3451 recens
673 3400 700 3450 et
728 3396 858 3468 copiosus
885 3396 1025 3452 exercilus
1075 3395 1193 3452 dictioni
1212 3396 1389 3469 subjectum;
1405 3397 1450 3452 cui
1472 3403 1571 3454 tamen
1591 3414 1651 3454 sese
1670 3397 1779 3456 nefario
1800 3399 1894 3456 schis-

208 3491 311 3549 robore
333 3489 451 3547 fortiore
478 3489 632 3561 colligitur,
657 3494 836 3562 pugnaturus
859 3489 919 3546 sine
945 3494 1023 3545 metu
1076 3496 1150 3546 mate
1177 3491 1363 3547 subtraxerat.
1387 3492 1444 3547 Nec
1468 3492 1650 3548 verisimdior
1671 3509 1772 3550 eorum
1795 3495 1895 3566 opinio

208 3585 310 3642 mortis
324 3599 389 3642 cum
404 3583 534 3656 praelium
549 3584 670 3653 venerit,
684 3583 733 3656 qui
750 3583 786 3638 ad
801 3583 933 3639 militiam
950 3587 1023 3638 teur-
1075 3583 1124 3656 qui
1140 3585 1297 3658 Pupienum
1313 3585 1420 3658 eliqrud
1439 3585 1468 3640 in
1488 3587 1685 3658 persecutione
1700 3605 1814 3660 passum
1830 3605 1894 3646 esse

207 3696 278 3754 porc
303 3677 486 3735 mortalitatis
509 3676 629 3734 accedit.
653 3699 667 3730 a
691 3678 758 3734 ilinc
780 3678 868 3734 etiam
892 3678 1024 3734 nonnulli
1074 3679 1261 3748 contendunt,
1277 3679 1346 3751 quia
1360 3679 1428 3736 dicit
1442 3679 1469 3733 ei
1485 3680 1644 3752 Cyprianus
1659 3681 1699 3754 (p.
1718 3684 1800 3755 ¹²¹i²
1818 3703 1832 3732 «
1849 3683 1892 3738 Ne

209 3776 320 3829 metum
342 3789 424 3828 suum
444 3771 499 3828 hoc
520 3771 638 3828 nomine
655 3769 863 3844 praetexebant,
878 3772 954 3844 quod
972 3771 1024 3826 sibi
1073 3772 1146 3827 sorte
1159 3772 1293 3828 claritatis
1309 3775 1337 3829 et
1352 3773 1482 3846 martyrii
1496 3775 1537 3829 tui
1556 3774 1681 3846 dignitas
1696 3781 1792 3831 nostra
1810 3792 1891 3832 oom-

208 3865 295 3939 pestis
314 3865 493 3923 occasionem
513 3865 644 3938 martyrii
664 3866 847 3938 preriperct3
863 3881 920 3938 qua
940 3882 1023 3922 excu-
1074 3865 1268 3922 munioatione
1286 3867 1454 3923 maculetur.
1476 3885 1490 3919 a
1510 3869 1543 3922 Et
1562 3885 1589 3939 p.
1605 3872 1656 3924 lui
1673 3885 1680 3924 :
1698 3889 1712 3918 «
1726 3870 1892 3926 Persecutio

208 3961 317 4016 satione
338 3961 379 4016 uti
398 3977 455 4016 non
475 3959 643 4032 potuissent¹
661 3960 683 4014 si
703 3976 758 4032 qua
777 3965 846 4016 tune
867 3961 1024 4033 persecutio
1074 3960 1151 4016 enim
1166 3959 1282 4015 veniens
1294 3959 1369 4015 tead
1383 3976 1525 4016 summam
1540 3962 1669 4033 martyrii
1684 3963 1893 4020 sublimitatem

208 4055 319 4112 aditum
335 4054 370 4110 ad
386 4055 554 4128 martyrium
570 4054 738 4126 aperuisset
1075 4053 1215 4126 provexit,
1233 4069 1278 4110 mc
1296 4061 1393 4110 sulem
1410 4055 1625 4126 proscriptionis
1644 4073 1731 4112 onere
1751 4056 1894 4129 depressit

243 4151 324 4205 Hunc
346 4150 442 4204 tamen
464 4148 569 4204 librum
592 4149 645 4203 sub
665 4147 742 4204 Gallo
764 4147 902 4219 scriptum
924 4148 1022 4205 existi·
1074 4165 1138 4203 cum
1155 4147 1267 4219 publice
1280 4148 1425 4220 legeretur
1440 4166 1447 4204 :
1462 4168 1476 4202 a
1493 4148 1521 4204 Si
1534 4150 1598 4221 quis
1612 4155 1691 4206 leuet
1702 4151 1747 4206 rol
1764 4152 1893 4223 possidet

208 4246 268 4298 met
282 4242 460 4313 Pearsonius,
474 4258 551 4299 anno
568 4245 630 4311 252,
647 4263 661 4292 α
679 4242 747 4315 quia
766 4248 969 4316 argumentum
988 4243 1023 4298 ab
1074 4241 1110 4297 de
1125 4241 1205 4297 bonis
1218 4241 1323 4298 Caecilii
1335 4242 1470 4314 Cypriani
1483 4242 1609 4315 episcopi
1623 4243 1861 4302 Christianorum.
1876 4269 1891 4296 a

207 4336 332 4392 instante
353 4338 549 4408 persecutione
568 4341 596 4392 et
614 4336 782 4392 antichristo
801 4337 934 4394 ueniente
953 4337 1022 4392 dne·
1074 4335 1130 4392 Sed
1151 4337 1180 4390 in
1203 4336 1246 4390 his
1260 4334 1353 4391 uerbis
1373 4336 1525 4392 manifesta
1545 4342 1587 4393 est
1607 4338 1715 4408 ironie3
1738 4355 1790 4394 uec
1812 4339 1891 4394 ebsi-

207 4434 269 4485 tum
294 4429 350 4486 late
375 4430 558 4503 persequitur
581 4453 595 4482 a
622 4430 788 4503 Cyprianus.
814 4431 879 4500 Sed,
903 4446 968 4486 cum
994 4432 1021 4487 S.
1074 4429 1135 4484 mili
1149 4428 1234 4485 modo
1249 4429 1398 4502 Dionysius
1410 4431 1619 4488 Alexandrinus
1632 4431 1762 4488 Germani
1779 4432 1890 4488 calum·

208 4526 318 4595 martyr
333 4523 506 4595 jamdudum
527 4525 654 4580 crederet
673 4525 772 4580 mundi
792 4524 878 4580 linem
899 4528 927 4582 et
948 4511 1134 4584 auti-Dnias
1160 4523 1289 4579 refellit:
1313 4545 1326 4573 a
1348 4523 1403 4582 Sed
1426 4524 1545 4579 iorlasse
1565 4527 1731 4594 Germanus,
1757 4548 1771 4577 a
1796 4527 1893 4598 inquit

206 4615 305 4673 christi
325 4616 481 4673 adventum
500 4617 619 4688 instare,
639 4618 712 4673 hauc
734 4617 900 4690 opinionum
920 4617 948 4672 in
963 4619 1025 4690 ipsa
1075 4617 1150 4689 apud
1164 4617 1266 4673 Enseb.
1285 4617 1345 4690 (lib.
1361 4634 1407 4685 vu,
1426 4635 1450 4672 c.
1467 4617 1521 4687 lt),
1539 4618 1668 4674 «uiuitis
1688 4619 1754 4675 ssdei
1776 4621 1890 4676 confes-

205 4710 290 4767 etiam
316 4727 386 4783 pace
411 4711 534 4768 retinere
558 4713 666 4782 debuit,
690 4728 756 4767 cnm
782 4712 942 4784 prasertim
964 4713 1025 4768 lues
1074 4711 1199 4767 sionibus
1213 4711 1361 4784 gloriatur,
1377 4713 1467 4767 multa
1479 4713 1635 4784 praedieare
1651 4715 1892 4786 potestadversus

204 4821 270 4876 quaa
286 4811 346 4860 tum
362 4805 552 4877 grassabatur,
568 4823 625 4863 una
644 4822 705 4862 esse
723 4806 870 4862 rideretur
887 4823 922 4862 ex
940 4805 1024 4862 rebus
1073 4822 1102 4861 se
1119 4810 1210 4878 gesta.
1231 4825 1244 4858 a
1263 4805 1424 4871 Quinetiam
1445 4806 1551 4862 indicat
1567 4807 1724 4880 Cyprianus
1738 4825 1796 4864 non
1811 4809 1893 4865 deiu-

205 4898 307 4953 mundi
323 4899 408 4955 linem
427 4901 624 4957 antecessuris.
640 4901 710 4957 llinc
724 4900 832 4956 eaedem
848 4899 946 4956 mundi
963 4917 1024 4972 per·
1075 4903 1169 4956 turam
1190 4900 1404 4973 reprehensioni
1426 4901 1587 4970 instoriam,
1605 4902 1628 4957 si
1647 4902 1682 4957 de
1704 4902 1819 4958 rehusa
1839 4905 1893 4958 Pu-

208 4992 302 5047 euntis
329 4999 358 5048 et
382 4994 539 5049 antichristi
566 4994 821 5074 appropinquantis
849 4994 1023 5066 suspiciones
1073 4993 1159 5066 piano
1174 4994 1204 5050 in
1224 4993 1420 5066 persecutione
1436 5000 1465 5050 et
1484 4994 1511 5049 in
1526 5011 1596 5068 pace
1612 4995 1701 5068 gestis
1715 4996 1891 5069 inquiratur.

204 5085 236 5140 in
260 5085 338 5140 libris
360 5091 389 5141 et
417 5087 545 5159 epistolis
568 5091 631 5159 post
654 5088 879 5160 persecutionem
901 5088 1021 5160 scriptis,
1074 5109 1089 5137 u
1105 5089 1145 5144 lie
1166 5087 1200 5143 iis
1221 5094 1327 5150 autum,
1343 5088 1438 5162 inquit
1451 5090 1491 5160 tp.
1513 5089 1583 5160 lul),
1605 5105 1669 5162 quae
1691 5094 1721 5146 tu
1741 5089 1823 5163 egisti
1845 5093 1892 5148 rel

206 5178 238 5232 ut
259 5177 288 5233 in
308 5177 381 5234 libro
403 5180 436 5236 de
456 5183 529 5238 linit.
543 5183 644 5238 Erotes.
663 5185 719 5254 (pp.
737 5185 786 5238 teu
806 5188 834 5238 et
854 5185 925 5254 200),
945 5186 974 5237 ct
992 5183 1021 5238 in
1071 5181 1102 5238 in
1122 5182 1318 5253 persecutione
1337 5183 1380 5237 vel
1401 5182 1431 5237 in
1452 5197 1530 5254 pace,
1550 5184 1668 5238 stultum
1689 5189 1734 5239 est
1753 5189 1783 5240 ut
1803 5186 1893 5242 velim

205 5269 356 5342 epletus,
378 5272 412 5328 dc
430 5275 550 5330 Basiltdc
568 5280 593 5330 el
614 5276 741 5330 Martiale
757 5274 797 5347 (p.
821 5279 893 5348 ¹20).
914 5274 1021 5332 Proba·
1072 5281 1100 5332 te
1121 5275 1263 5348 judicare,
1287 5275 1404 5348 quando
1428 5279 1459 5332 tu
1482 5277 1577 5348 magis
1594 5276 1723 5349 judicem
1747 5282 1773 5335 te
1799 5281 1893 5336 nostri

204 5363 291 5420 bilius
305 5382 376 5440 ergo
397 5373 438 5422 est
456 5367 561 5424 librum
576 5369 609 5424 rte
623 5370 791 5425 llortulttote
807 5370 859 5425 snb
873 5369 1022 5426 Valeriano
1074 5370 1266 5427 constitueris.
1282 5391 1296 5422 a

205 5459 344 5533 scriptum
361 5477 422 5517 esse
436 5478 512 5517 anno
525 5465 577 5518 253
592 5465 641 5518 aut
652 5463 714 5519 254.
1106 5464 1168 5519 llon
1185 5463 1306 5520 dubium
1324 5470 1367 5520 est
1387 5463 1456 5536 quin
1471 5464 1501 5521 in
1517 5465 1653 5538 Stephani
1671 5481 1752 5538 papae
1768 5465 1893 5539 primor-

238 5551 321 5610 Liber
333 5555 367 5612 de
381 5555 504 5628 Onerat
518 5557 695 5628 Elecmorpno
707 5561 771 5630 post
784 5557 887 5613 librum
901 5557 934 5614 de
947 5559 1019 5615 dior·
1071 5557 1135 5625 diis,
1154 5573 1187 5612 ac
1202 5574 1272 5630 pace
1286 5558 1339 5613 snb
1351 5558 1503 5616 ,llaleriano
1518 5559 1631 5632 rigente
1649 5559 1807 5633 Cyprianus
1825 5561 1890 5634 epi-

202 5647 314 5704 tolttctc
335 5664 351 5705 a
373 5649 474 5706 Pontio
496 5651 627 5724 proxime
650 5655 824 5721 recensetur,
846 5667 878 5708 ac
900 5651 1020 5725 proinde
1070 5653 1157 5707 stolas
1182 5655 1215 5707 67
1242 5655 1272 5707 et
1301 5654 1335 5708 68
1366 5653 1520 5726 scripserit.
1547 5653 1734 5727 sexagesima
1758 5655 1892 5728 septimae

200 5741 254 5798 sub
274 5742 424 5801 Valeriano
445 5745 565 5817 scriptus
586 5749 639 5803 est.
659 5746 738 5804 Pacis
757 5751 871 5820 tempus
889 5745 1021 5818 designat
1070 5746 1131 5802 baec
1153 5745 1208 5802 ruit
1231 5747 1340 5803 occasio
1362 5763 1369 5803 ι
1396 5747 1563 5818 llarcianus,
1585 5748 1755 5806 Arelatensis
1778 5748 1890 5822 episco-

195 5836 256 5894 hrec
281 5836 344 5894 libri
373 5840 516 5898 conclusio
542 5859 549 5898 τ
577 5863 591 5891 r
615 5841 644 5900 Si
668 5840 825 5917 expeditos,
849 5839 873 5896 si
899 5841 1018 5912 celeras,
1069 5857 1131 5914 pus,
1148 5857 1212 5900 cerm
1231 5858 1260 5900 se
1275 5842 1429 5900 Novatieuo
1443 5842 1619 5917 adjunxisset
1636 5842 1771 5920 atqucab
1790 5845 1890 5906 Eccle-
