4012 6192
242 223 292 286 hid
542 220 588 282 Au
603 219 716 284 OPERA
734 225 762 284 S.
782 225 939 285 diruunt
952 227 1101 286 uuuuutu
1118 227 1263 286 APPEND.
1279 225 1616 288 tt.-stlrt³081rtrlt.
1847 235 1892 296 iti

241 353 323 410 Nunc
335 349 423 427 igitur
435 350 583 426 sapientia
594 351 829 423 armagestandu‚
841 352 1018 408 ubifeminei
1029 359 1058 408 et
1068 363 1098 439 Α
1109 368 1233 424 rumque
1248 352 1352 408 calcata
1367 353 1535 422 cartamine,
1555 357 1619 425 post
1635 353 1772 426 magnalia
1785 359 1893 431 atsigm
1966 403 1967 428 ,

242 447 331 506 virilis
344 464 425 504 sexus
444 449 586 502 certarnen
605 447 748 504 indicitur.
762 447 841 502 Unda
860 447 995 502 Salomon
1016 448 1056 502 sic
1107 445 1151 500 vel
1177 445 1320 504 mirabilia
1345 463 1548 518 usquequaque
1575 451 1734 516 monstrata,
1755 458 1893 509 noscuntur
1966 457 1967 464 ’

243 542 370 611 instruit,
385 541 483 598 diosas
502 557 509 597 :
531 561 545 590 κ
558 541 753 611 Prudentiam,
768 540 871 612 inquit,
894 541 936 596 fao
958 545 1056 598 notam
1106 554 1171 596 cum
1185 540 1228 595 his
1246 540 1379 595 omuibus
1395 541 1592 612 naufragasse,
1605 557 1670 596 cum
1688 543 1783 599 volunt
1800 544 1827 600 in
1843 550 1897 604 uari

242 637 305 702 tibi,
332 639 364 692 nt
390 639 418 692 te
446 639 538 692 serrat
563 652 581 691 a
607 635 728 690 muliere
753 634 848 690 ahena
874 638 903 690 et
930 635 1056 707 pessima
1104 634 1198 706 fragili
1211 629 1372 706 navigaret
1392 633 1521 698 Quantos
1542 634 1641 690 leones
1653 633 1762 692 dornoit
1781 653 1834 693 una
1846 655 1897 697 mu·
1966 659 1967 678 .

245 732 344 802 (Pron,
356 747 404 798 ru,
419 731 445 799 t,
462 729 501 800 t).
521 751 535 780 a
558 728 656 785 Videte
671 743 748 784 nunc
768 727 948 801 prudentiam
959 729 989 783 iu
1003 727 1056 784 isto
1104 727 1202 785 liebris
1215 727 1367 784 infirmitas
1382 726 1511 796 delicata,
1526 743 1591 802 quas
1613 743 1678 784 cum
1695 729 1731 785 sit
1744 729 1801 786 ritis
1818 735 1898 789 etmi-

239 823 327 892 bello,
342 840 401 880 non
420 822 506 879 fidem
523 822 604 879 nobis
624 822 721 878 datam
741 837 802 878 esse
820 822 975 892 victricem,
991 837 1055 894 quas
1104 837 1175 890 sera,
1188 821 1224 877 ds
1241 819 1353 894 magnis
1365 820 1452 876 efficit
1465 821 1593 894 prredam
1606 821 1682 895 (illi
1693 824 1771 888 Quod
1783 826 1896 884 Salomon

240 933 293 974 nos
314 917 471 972 timiditatis
494 915 620 972 remedio
643 915 789 971 liberasset
799 931 807 984 3
830 921 859 970 et
879 915 1054 986 contempla·
1104 916 1243 987 loquitur,
1259 914 1356 970 dicens
1371 931 1378 971 :
1395 935 1410 966 u
1433 915 1559 972 Pretium
1572 917 1728 975 meretricis
1743 921 1845 974 tanturn
1863 929 1898 977 est

240 1011 312 1066 mini
327 1028 391 1083 quse
406 1016 472 1067 sunt
491 1012 576 1066 modo
594 1025 674 1066 arma
695 1009 844 1077 sumenda,
858 1007 882 1063 si
901 1008 984 1064 sultis
1002 1009 1053 1065 ha·
1106 1009 1191 1064 unius
1203 1008 1295 1080 panis,
1311 1008 1413 1064 mulier
1435 1011 1532 1064 autem
1554 1010 1691 1081 pretiosas
1710 1010 1815 1067 animas
1834 1015 1897 1088 capit

240 1106 310 1162 bere
323 1105 394 1177 legis
407 1104 520 1160 auxilia.
543 1106 637 1160 Estote
657 1101 763 1173 timidi,
782 1108 813 1158 ut
833 1101 894 1158 sitis
908 1101 1054 1174 intrepidi,
1104 1101 1206 1176 (Pron,
1220 1119 1258 1172 vr,
1272 1105 1327 1172 26).
1345 1123 1359 1153 a

242 1199 449 1255 etliccttimor
463 1199 493 1253 in
509 1197 666 1254 certamine
681 1196 830 1252 infirmitas
844 1195 1054 1265 emendentur,
1140 1198 1213 1251 Ante
1240 1211 1294 1252 nos
1319 1196 1372 1252 ista
1398 1199 1573 1268 tractantur,
1601 1202 1629 1252 et
1652 1198 1738 1253 nullis
1761 1201 1896 1256 terroribus

239 1296 348 1362 tamen,
365 1291 521 1348 secuudum
535 1290 653 1346 verbum
668 1290 794 1362 Apostoli
815 1289 997 1358 tllGoc.,1n,
1014 1288 1054 1361 a),
1105 1305 1278 1356 coercemur,
1306 1290 1376 1362 quid
1403 1290 1571 1359 faceremus,
1598 1291 1623 1347 si
1646 1291 1825 1363 opinionibus.
1848 1298 1897 1351 tan-

240 1387 329 1442 virtus
345 1385 373 1440 in
388 1385 553 1440 infirmitate
574 1383 728 1454 perficitur.
745 1383 935 1455 separamini,
950 1383 1053 1456 depre·
1103 1383 1251 1440 tummodo
1262 1387 1355 1455 gestas
1370 1383 1503 1439 historias
1524 1384 1711 1441 audiremus?
1731 1386 1783 1442 Sed
1797 1387 1851 1442 hac
1862 1395 1897 1444 est
1966 1453 1967 1464 .

241 1495 299 1548 cor,
314 1477 486 1550 separamini
499 1477 666 1547 contagione
680 1477 824 1548 pestifera.
1103 1493 1220 1549 semper
1238 1476 1422 1532 incredulitas
1445 1478 1578 1533 humanae
1592 1477 1718 1551 duritiae,
1734 1483 1763 1537 ut
1783 1497 1837 1536 uon
1858 1499 1896 1538 so·
1966 1539 1967 1562 ,

276 1572 532 1643 Quantumcunque
553 1570 642 1626 fuerit
663 1570 857 1642 unusquisque
881 1570 994 1643 longius
1017 1569 1054 1626 ab
1103 1571 1164 1628 lum
1195 1569 1350 1639 erudiendo,
1381 1571 1431 1626 sed
1463 1569 1550 1626 etism
1581 1571 1706 1630 videndo
1737 1589 1792 1630 nou
1820 1575 1901 1632 credat
1966 1569 1967 1650 3

240 1664 373 1732 adversis,
388 1667 499 1720 tautum
511 1680 571 1720 nou
581 1663 666 1720 sentit
675 1664 800 1719 adversa.
818 1663 909 1719 llinus
922 1663 1054 1735 volupta-
1104 1664 1208 1720 alteros
1222 1663 1389 1730 interiissse,
1401 1663 1454 1720 nisi
1468 1671 1539 1720 etse
1554 1664 1645 1736 ipsam
1659 1665 1761 1722 viderit
1777 1667 1898 1739 interire;

239 1757 316 1812 tibus
332 1757 506 1827 stimulatur,
521 1757 569 1829 qui
583 1773 641 1814 non
655 1762 699 1812 est
711 1755 759 1810 ubi
773 1756 935 1828 frequentia
953 1730 1093 1813 estro-B
1110 1774 1162 1814 nec
1174 1756 1314 1814 sociorum
1337 1757 1477 1814 mortibus
1492 1757 1629 1830 quatitur,
1645 1758 1715 1815 dum
1733 1759 1794 1816 illos
1806 1777 1902 1832 proms-
1966 1749 1967 1752 ¹

246 1852 397 1921 luptatum.
413 1851 446 1906 Et
458 1849 554 1906 minus
574 1850 700 1906 avaritiae
715 1849 858 1905 molestias
877 1849 996 1921 patitur,
1011 1851 1060 1922 qui
1109 1849 1620 1924 ritosautiuvalidcsopinaturfli).
1636 1853 1782 1910 Soautem
1798 1855 1902 1910 multum
1966 1907 1967 1912 ,

244 1943 356 1999 divitias
379 1960 437 1998 non
454 1943 540 2011 videt,
555 1943 579 1997 si
596 1941 774 1998 admittimus
792 1944 958 2014 Apostolum
976 1943 1058 2015 polli-
1110 1945 1226 2014 mereri,
1250 1947 1299 1999 aot
1318 1945 1440 2000 multum
1459 1946 1554 2001 valere
1576 1944 1747 2004 fiducialiter
1767 1951 1849 2020 putat,
1865 1963 1903 2005 ne
1966 2005 1967 2010 ,

242 2041 377 2093 centem:
395 2034 491 2110 839
508 2055 522 2090 o
542 2037 597 2101 Qui
614 2036 724 2104 uolunt,
743 2035 848 2108 inquit,
863 2037 963 2093 divites
983 2037 1058 2106 fuori,
1110 2037 1202 2093 scions
1216 2037 1338 2108 praeberi
1357 2039 1465 2094 cunctis
1484 2040 1625 2110 exempla,
1640 2055 1708 2095 cum
1730 2040 1832 2097 fuerint
1851 2041 1902 2114 qui·
1966 2043 1967 2046 ’

240 2129 373 2186 incidunt
395 2129 425 2184 in
447 2128 631 2186 tentationem
652 2135 680 2186 et
702 2129 733 2184 iu
754 2129 1009 2204 muscipulasfto),
1030 2134 1061 2186 et
1108 2129 1231 2186 hiisdem
1268 2129 1397 2202 irrogata
1431 2131 1579 2203 supplicia,
1609 2133 1683 2187 sicut
1721 2134 1851 2189 Dominus
1879 2134 1902 2188 io
1966 2165 1967 2186 .

242 2223 384 2279 desideria
398 2223 491 2278 multe
514 2227 544 2277 et
561 2221 672 2279 inutilia
687 2225 717 2278 et
732 2223 826 2290 noxia,
842 2239 905 2294 quae
926 2228 1061 2296 mergunt
1108 2223 1263 2296 Evangelio
1289 2224 1425 2296 proponit
1451 2227 1480 2280 et
1506 2225 1594 2281 dicit:
1617 2245 1632 2276 u
1659 2226 1767 2282 Putatis
1791 2225 1859 2299 qood
1880 2226 1903 2282 hi
1966 2287 1967 2294 ,

240 2316 389 2372 bominem
410 2316 440 2371 iu
462 2315 653 2387 perditionem
672 2321 701 2372 et
721 2317 751 2372 in
773 2317 922 2373 interitum
937 2319 956 2388 (l
978 2320 1058 2388 lim,
1109 2315 1207 2390 840
1223 2316 1330 2372 Galilaei
1347 2332 1408 2388 pras
1424 2317 1557 2372 omnibus
1570 2318 1696 2374 Galilaeis
1710 2319 1814 2374 fuerint
1824 2336 1903 2392 pecca·

241 2427 278 2478 vr,
306 2409 343 2479 9).
372 2432 386 2461 »
419 2409 479 2464 Non
505 2409 588 2464 aliter
614 2409 821 2465 tentationibus
853 2409 979 2482 subjacet
1011 2410 1060 2483 qui
1108 2414 1194 2480 tores,
1214 2410 1265 2482 qui
1285 2411 1349 2465 talia
1373 2409 1446 2482 passi
1462 2409 1552 2466 sunt?
1573 2411 1644 2467 Non.
1671 2411 1738 2469 Dico
1754 2413 1903 2470 rohiszliisi

237 2503 355 2574 junctus
378 2506 421 2558 cst
440 2503 573 2573 feminae3
594 2503 625 2558 in
655 2519 714 2576 qua
736 2503 810 2560 nihil
834 2509 876 2560 est
902 2503 980 2560 aliud
1005 2505 1060 2560 nisi
1108 2503 1308 2575 poenitentiam
1321 2502 1488 2572 habueritis,
1502 2503 1633 2560 similiter
1654 2505 1781 2578 perietis,
1796 2505 1903 2561 sicutilli

241 2595 318 2668 quod
342 2595 429 2652 feriat
456 2595 682 2668 proximantem.
708 2597 828 2652 Aculeus
852 2598 962 2670 peccati
985 2598 1060 2653 facta
1109 2611 1195 2668 supra
1212 2612 1282 2668 quos
1304 2594 1406 2652 cecidit
1426 2597 1513 2653 turris
1534 2597 1565 2652 in
1585 2597 1674 2668 Siloa,
1692 2601 1722 2654 et
1739 2599 1835 2655 occidit
1853 2615 1901 2655 eos.

241 2695 284 2746 est
304 2689 397 2744 forma
416 2690 557 2758 feminea3
572 2696 601 2745 et
614 2689 718 2746 mortis
735 2690 857 2746 conditio
870 2707 930 2746 uon
943 2691 1059 2748 aliunde
1108 2689 1215 2745 Putatis
1226 2689 1363 2761 quoniam
1379 2693 1409 2744 et
1419 2689 1472 2761 ipsi
1480 2689 1624 2746 debitores
1633 2692 1755 2748 fuerunt
1764 2708 1820 2764 pra
1829 2692 1904 2747 omui·

247 2783 379 2852 surrexit,
402 2782 456 2838 nisi
478 2783 515 2838 de
536 2782 668 2838 muliebri
690 2783 856 2839 substantia.
878 2783 958 2848 Quod
979 2784 1057 2842 Salo·
1109 2782 1164 2837 bus
1178 2783 1343 2838 hominibus
1365 2782 1562 2838 habitantibus
1582 2785 1613 2840 iu
1633 2785 1830 2842 Hierusalem?
1844 2785 1902 2840 Nou.

242 2893 310 2934 mon
329 2877 365 2932 ad
384 2881 511 2933 nostram
531 2877 754 2932 sollicitudinem
772 2881 925 2946 memorat,
940 2878 1056 2936 dicens:
1109 2877 1177 2931 Dico
1201 2876 1301 2931 robh:
1316 2876 1344 2932 Si
1363 2891 1422 2932 nou
1442 2876 1641 2949 poenituerihs‚
1657 2877 1790 2934 similiter
1807 2877 1903 2952 peristis

244 2991 259 3022 c
277 2973 299 3027 A
321 2970 441 3026 muliere
460 2971 569 3026 fuctum
597 2973 640 3026 est
662 2970 775 3027 initium
798 2971 921 3042 peccati,
944 2975 1059 3044 propter
1111 2969 1196 3040 tuuc,
1209 2985 1264 3040 xor,
1282 2969 1320 3039 3).
1337 2989 1352 3020 s

242 3066 318 3121 hauc
332 3081 431 3120 omnes
443 3065 584 3121 morimur
597 3066 703 3136 (Eucti,
717 3081 780 3132 xxv,
796 3067 850 3134 33).
866 3087 880 3118 s
896 3064 965 3121 lnde
978 3082 1097 3168 mor-C
1144 3064 1280 3119 Miramur
1292 3063 1316 3118 si
1327 3061 1421 3118 Adam
1443 3079 1494 3135 per
1513 3063 1598 3120 Evam
1616 3065 1752 3122 seductus
1770 3072 1819 3133 est,
1832 3079 1903 3137 quen

242 3162 312 3215 tales
326 3164 470 3228 tenemur,
486 3174 539 3214 neo
554 3158 696 3214 timemus.
713 3157 787 3222 Quid
804 3158 827 3213 si
845 3159 908 3228 jam
926 3161 1060 3214 mortales
1111 3158 1191 3214 uulla
1211 3155 1397 3213 morientium
1423 3159 1555 3231 exempla
1578 3164 1793 3230 precesserant,
1814 3163 1841 3213 et
1859 3156 1902 3214 uisi

244 3253 394 3310 essemus?
418 3255 475 3307 Per
502 3251 653 3307 mulierem
684 3251 815 3307 liberavit
844 3269 897 3310 nos
927 3253 1061 3324 equidem
1106 3251 1197 3323 jussio
1211 3267 1269 3306 una
1281 3251 1497 3320 constrinxerat,
1511 3268 1576 3306 cum
1591 3252 1680 3309 modo
1703 3269 1756 3308 nos
1768 3267 1818 3308 nec
1837 3251 1904 3307 innu-

243 3348 379 3414 Christus,
399 3347 450 3401 sed
473 3344 550 3401 unde
571 3345 664 3401 adhue
685 3345 825 3401 morimur
838 3344 993 3402 formidare
1009 3347 1059 3402 de·
1110 3344 1262 3400 merabiles
1285 3349 1403 3412 mortes,
1419 3359 1472 3399 nee
1493 3345 1607 3400 infinita
1627 3345 1711 3415 jussa
1731 3345 1903 3417 compescant.

244 3441 353 3496 bemus.
378 3441 455 3495 Tunc
480 3438 611 3494 liberatio
637 3438 697 3510 ipss
724 3439 863 3495 constabit
892 3440 922 3494 in
942 3440 1060 3508 femina,
1110 3435 1217 3501 Quibus
1241 3435 1445 3492 convenienter
1456 3435 1560 3493 dicitur
1577 3438 1739 3495 secundum
1758 3437 1905 3508 increpatio·

244 3534 268 3590 si
294 3552 311 3590 a
336 3533 416 3588 nobis
436 3549 515 3589 mors
540 3533 720 3602 revincatur,
747 3549 811 3604 quas
842 3549 894 3604 per
924 3534 1061 3590 feminam
1110 3545 1179 3584 uem
1195 3529 1326 3586 homini:
1342 3529 1371 3585 Si
1385 3529 1475 3586 Adam
1495 3530 1614 3586 vidisset
1634 3534 1752 3600 mortes,
1768 3529 1904 3602 quaefacta

243 3634 370 3684 uenerat.
395 3629 537 3684 Caeternm
566 3627 589 3681 si
613 3627 708 3682 adhuc
734 3643 785 3698 per
812 3627 963 3682 mulierem
985 3628 1059 3684 eirca
1110 3623 1139 3678 in
1161 3623 1249 3691 robis,
1276 3623 1346 3678 olim
1368 3623 1399 3678 in
1425 3621 1518 3679 cilicio
1550 3627 1580 3680 et
1604 3623 1702 3680 cinare
1729 3623 1904 3697 paenitentiam

245 3738 297 3778 nos
338 3721 469 3777 scandala
506 3720 706 3788 dominantur,
747 3720 922 3776 liberationis
959 3721 1062 3778 Christi
1111 3716 1227 3788 egisset.
1256 3715 1323 3771 Dico
1347 3721 1445 3771 autem
1465 3717 1554 3785 robis,
1575 3719 1716 3789 quoniam
1737 3718 1801 3776 Ada
1818 3716 1904 3771 tolera·

243 3814 365 3871 fecimus
378 3831 429 3887 pro
442 3812 920 3886 certodispendium.Siquidemin
933 3814 1061 3871 futurum
1111 3810 1201 3866 bilius
1223 3810 1278 3865 erit
1298 3808 1328 3864 iu
1350 3807 1396 3863 dia
1414 3809 1526 3880 judicii,
1551 3826 1637 3882 quam
1660 3811 1751 3868 robis.
1773 3812 1859 3881 hunge
1877 3807 1905 3861 sit

246 3926 310 3981 spes
323 3909 375 3964 istu
388 3907 527 3964 libertatis
540 3912 646 3977 manet,
661 3924 747 3980 quarn
768 3907 836 3963 fidei
848 3913 953 3963 nostra
967 3907 1060 3964 Chris·
1111 3904 1198 3977 pestis
1224 3903 1281 3969 illa,
1306 3906 1336 3957 et
1360 3902 1434 3975 loss,
1456 3905 1485 3958 et
1516 3902 1696 3959 claudestina
1723 3904 1862 3976 pernicies.
1886 3899 1903 3954 0

245 4007 308 4059 tum
331 4002 474 4058 credimus
497 4002 675 4058 contulisse:
701 4005 732 4056 ut
755 4007 822 4058 tunc
843 4001 923 4056 uobis
944 4002 1061 4058 omniuo
1112 4014 1200 4069 quam
1215 3995 1418 4053 inordinabilis
1434 3995 1488 4067 (1³)
1506 3996 1620 4052 femine
1633 3997 1829 4071 propinquitas
1836 3997 1904 4067 jacu-

249 4097 357 4152 mulier
373 4111 431 4150 non
453 4098 564 4164 noceat,
585 4111 650 4152 eum
673 4100 702 4150 et
716 4096 776 4168 ipsa
796 4111 874 4151 mors
894 4095 981 4150 fuerit
998 4112 1062 4151 sua·
1109 4091 1194 4160 latur,
1207 4089 1288 4162 cujus
1301 4089 1450 4145 vicinaest
1467 4088 1638 4145 delictorum
1660 4087 1903 4148 lenociniumrtou

247 4194 339 4246 sueta.
356 4189 426 4243 Nam
441 4188 465 4244 si
479 4188 564 4243 modo
578 4192 722 4260 putamus,
738 4204 791 4244 uos
805 4188 986 4245 intentabiles
1000 4205 1061 4244 asse
1112 4187 1156 4240 est
1176 4183 1208 4238 in
1233 4183 1285 4239 bac
1305 4181 1437 4238 societate
1465 4181 1612 4239 sinceritas
1635 4183 1831 4256 approbabilis,
1853 4193 1904 4252 qua

248 4281 441 4338 muliebribus
458 4281 575 4352 jaculis,
600 4279 671 4352 quid
698 4297 767 4353 ergo
792 4285 880 4337 restat
905 4281 1062 4338 coelestibus
1112 4276 1270 4333 collisiones
1283 4275 1371 4330 habet
1389 4275 1466 4332 uelut
1487 4274 1655 4346 quibusdam
1674 4276 1804 4332 fluctibus
1825 4273 1904 4329 turbu·

251 4375 369 4447 regnis?
390 4375 451 4429 Non
471 4373 614 4429 immerito
639 4374 709 4429 tales
728 4391 828 4430 seusus
849 4376 997 4446 Apostolus
1016 4376 1061 4430 in·
1112 4371 1214 4428 lentas.
1230 4372 1262 4425 ln
1278 4369 1330 4424 hac
1342 4369 1537 4424 familiaritate
1549 4383 1606 4424 non
1625 4369 1836 4425 habitatamica
1848 4381 1902 4421 con·

246 4473 354 4542 crepet,
383 4467 481 4523 dicens
502 4483 510 4522 c
535 4488 549 4519 a
572 4469 633 4523 lam
657 4467 749 4522 satiati
772 4468 848 4535 estis,
870 4469 932 4538 jam
960 4460 1215 4534 diritesDcurdia,
1231 4461 1368 4551 quoniam
1395 4477 1453 4517 non
1474 4461 1529 4516 uisi
1549 4461 1743 4518 discordantes
1761 4459 1904 4517 inimicitias

245 4564 314 4619 facti
327 4561 410 4630 estis;
424 4561 485 4618 sina
509 4561 592 4618 nobis
610 4561 745 4634 regnatis,
762 4566 790 4617 at
810 4561 918 4618 utinam
937 4564 1063 4635 regnetis
1113 4563 1202 4614 creat.
1217 4555 1293 4612 Fecit
1305 4554 1440 4627 equidem
1463 4555 1522 4610 viro
1545 4555 1680 4610 hominus
1705 4555 1848 4611 mulierem
1865 4548 1903 4606 sd-

244 4657 267 4730 (l
287 4656 359 4718 Gor..
386 4672 422 4724 tv,
449 4657 487 4728 8).
508 4677 523 4707 u
546 4657 668 4728 Tempus
695 4670 764 4727 ergo
787 4656 951 4712 luctaminis
971 4657 1063 4713 adbuc
1110 4651 1257 4724 jutricem,
1277 4648 1327 4704 sed
1350 4647 1489 4720 serpentis
1503 4648 1610 4704 invidia
1630 4663 1783 4720 personam
1802 4643 1903 4715 sumpsit

247 4751 368 4822 geritur,
383 4755 411 4806 st
430 4765 506 4804 mors
530 4765 582 4820 par
604 4748 741 4805 feminam
762 4748 856 4805 adbuc
878 4765 966 4821 usque
986 4765 1064 4821 gras·
1112 4743 1256 4801 hostilem.
1278 4741 1359 4808 Quod
1384 4743 1407 4797 si
1428 4741 1478 4797 illa
1500 4741 1536 4797 de
1563 4742 1623 4797 viro
1647 4757 1700 4798 suo
1729 4744 1804 4810 nata,
1828 4749 1901 4808 usquo

248 4848 338 4898 satur.
370 4841 508 4910 Mentior,
544 4842 566 4898 si
598 4859 658 4898 non
692 4841 820 4898 ridemus
852 4841 955 4898 exinde
986 4843 1062 4899 inte·
1111 4838 1196 4895 hodie
1215 4838 1311 4910 ipsum
1333 4836 1380 4892 cui
1397 4835 1539 4909 jungitur,
1558 4837 1651 4892 tentet
1665 4852 1675 4907 ς
1697 4842 1803 4908 quanto
1827 4828 1902 4900 magis

246 4936 319 4992 ritus
346 4935 549 5007 plurimorum.
577 4935 681 5000 Quanti
707 4939 736 4991 et
761 4935 860 5008 quales
887 4935 1012 5008 episcopi
1036 4940 1064 4992 et
1112 4932 1160 4988 illa
1172 4947 1237 5004 quae
1251 4930 1411 5002 copulatur,
1426 4929 1503 4984 nuhs
1515 4929 1581 5002 legs
1594 4929 1768 5002 conjunctaf
1780 4929 1813 4983 Et
1831 4925 1853 4979 si
1869 4919 1901 4977 illi

246 5029 339 5086 clerici
363 5028 449 5084 simul
468 5032 499 5085 et
519 5027 596 5097 laici,
616 5032 681 5100 post
701 5028 911 5086 confessionum
931 5028 1061 5086 victorie·
1112 5026 1162 5100 qui
1175 5025 1231 5081 duo
1250 5031 1317 5081 suut
1330 5023 1360 5080 iu
1373 5039 1460 5080 carna
1476 5038 1535 5078 una
1555 5023 1692 5086 concreti,
1707 5017 1895 5078 tentationibus

915 5139 998 5206 Edit.
1015 5141 1119 5212 Oxou.
1139 5147 1242 5207 notae.

276 5235 953 5302 tto)Ettamusciputoa.l³amstlusett‚Omisimus
966 5252 1062 5294 vocam
1113 5241 1252 5295 Pometios
1276 5239 1324 5300 ait,
1345 5239 1407 5290 Non
1433 5236 1506 5290 mele
1533 5237 1617 5290 etiam
1640 5235 1771 5289 Erasmus
1791 5229 1894 5283 snsritot

244 5305 356 5368 dioboli,
375 5307 450 5372 quod
469 5321 561 5373 nequa
580 5312 633 5359 ret.
656 5321 751 5359 exous.
775 5321 867 5374 neque
892 5309 1062 5364 Rsmboldus
1112 5314 1165 5364 nisi
1195 5316 1368 5376 sequeretur,
1396 5310 1421 5359 st
1446 5312 1536 5360 autem
1568 5307 1679 5361 muttum
1707 5307 1806 5364 merari,
1829 5310 1901 5367 quttt

245 5380 359 5440 babent,
374 5395 466 5447 neque
480 5382 545 5434 alibi
562 5381 728 5448 Cyprianus,
743 5387 835 5434 tamen
850 5383 1061 5450 ubiquemusci·
1110 5381 1181 5434 illud
1213 5395 1248 5432 ex
1274 5384 1330 5431 vet.
1361 5390 1457 5432 exous.
1491 5381 1519 5430 et
1550 5377 1703 5431 Rsmboldo
1738 5375 1902 5442 reposuimus·

243 5449 336 5515 putom
353 5451 553 5515 rogitasses.
1110 5456 1221 5507 Pansa.
1855 5513 1860 5522 ,

276 5522 323 5584 tlt)
341 5524 376 5572 De
388 5525 490 5588 mapale
511 5523 590 5589 efficit
608 5523 735 5588 medam.
750 5523 890 5575 Pamellus
909 5524 956 5586 att,
972 5524 1059 5578 Anto·
1142 5527 1191 5590 (ta)
1207 5525 1226 5575 0
1241 5536 1320 5588 quam
1335 5521 1533 5587 ioorps'uotilis.
1545 5521 1684 5573 Pamsllus
1703 5520 1750 5572 ait.
1768 5517 1811 5570 Sic
1829 5517 1898 5593 susm

243 5595 309 5644 ntus
321 5593 395 5643 addit
408 5596 464 5660 ejus
475 5608 525 5659 pro
537 5609 632 5657 auom,·
653 5597 786 5660 antiquus
799 5606 864 5646 vero
886 5594 956 5645 alter
970 5595 1059 5647 codex
1109 5596 1277 5647 Antoninus.
1293 5593 1353 5644 Vet.
1370 5605 1463 5644 arcus.
1478 5606 1543 5644 vero
1559 5597 1587 5644 st
1602 5589 1768 5644 Rsmboldus
1780 5584 1899 5636 leudiso-

242 5663 359 5716 hforaltii
371 5665 454 5731 longe
469 5665 549 5716 aliter
561 5663 637 5730 legit,
647 5665 791 5729 demseris
802 5669 902 5716 tantum
912 5670 936 5716 st
948 5664 1058 5728 fortitus
1109 5664 1151 5725 lis,
1165 5665 1244 5716 locus
1257 5663 1401 5715 obscurus.
1413 5663 1533 5728 Conjiclt
1542 5669 1636 5715 autem
1645 5662 1759 5716 Grertus
1769 5651 1896 5732 legenduttt

240 5749 316 5788 auam
327 5737 436 5786 mistam
451 5736 530 5802 efficit
545 5737 671 5801 pradum.
683 5737 793 5788 Pauus.
1109 5735 1266 5786 lenocinium
1288 5748 1338 5800 pro
1356 5735 1535 5798 latrocinium,
1553 5733 1604 5788 ssd
1625 5733 1677 5786 boo
1698 5743 1754 5784 uon
1771 5723 1894 5780 satisfiet·

271 5807 320 5874 (ts)
344 5809 413 5860 Dum
432 5807 494 5862 s'tlos
516 5809 674 5874 promeritos
693 5811 742 5858 cut
767 5805 901 5859 trtootr'dos
919 5809 1057 5873 opinatur.
1107 5807 1219 5860 Pauus.
