3986 6208
248 259 298 322 atr
699 251 730 314 s‘.
752 249 909 316 arretini
927 256 1064 316 onenun
1086 258 1172 316 esus
1192 244 1224 312 ιι.
1242 287 1276 298 -
1290 251 1475 315 causeum.
1863 255 1908 316 ote

247 391 282 446 ad
306 389 437 462 gloriam,
458 401 545 459 quam
572 389 604 440 ut
633 384 781 457 praeceptis
808 384 958 441 dominicis
985 383 1064 440 obse·
1075 385 1171 470 Allan
1192 383 1281 438 virtus
1303 382 1354 438 ista
1379 379 1549 438 communis.
1565 379 1633 436 lnde
1657 379 1792 451 patientia
1810 381 1909 453 incipit,

248 485 314 556 quio
338 481 449 539 timoris
472 498 505 536 ac
528 480 687 538 devotionis
713 479 874 548 innitimur,
897 479 1063 551 patientiam
1116 478 1182 534 inde
1204 477 1317 533 claritas
1339 477 1401 547 ejus
1422 481 1451 531 et
1471 474 1596 548 dignitas
1618 476 1703 546 caput
1725 475 1819 530 sumit.
1834 475 1912 548 Origo

248 577 374 634 maxime
389 578 447 632 tota
460 573 657 630 observatione
671 579 804 628 tueamur
819 575 840 630 ¹.
1116 575 1145 627 ct
1171 571 1340 642 magnitudo
1372 569 1519 642 patientias
1552 570 1608 625 Deo
1643 570 1756 624 auctare
1787 569 1913 640 pmcedit.

285 673 320 728 ll.
344 671 422 726 llanc
450 685 479 726 se
501 669 603 726 sectari
626 667 788 740 philosophi
813 668 953 740 quoquc¹
978 666 1065 738 proil-
1117 665 1264 737 Diligeuda
1286 681 1331 720 res
1353 664 1545 736 hominique
1568 663 1628 720 Deo
1648 664 1732 718 chara
1745 663 1766 698 ¹¹
1787 667 1846 718 est:
1868 663 1913 718 bo·

248 768 356 822 tantur.
384 763 438 822 Sed
460 769 518 818 tam
548 762 605 818 illic
631 761 764 834 patientia
793 760 864 816 falsa
890 764 951 828 est,
978 776 1066 833 qaam
1116 775 1186 815 uum
1214 759 1290 831 quod
1313 761 1390 814 amat
1414 757 1548 829 majestas
1569 756 1665 814 divina
1689 755 1869 812 commendat.
1890 758 1914 812 Si

250 864 279 914 et
312 857 383 914 salsa
414 855 556 928 sapientia
589 859 640 910 est.
670 855 749 911 Unde
783 853 861 910 cuim
887 854 930 910 vel
955 854 1067 926 sapiens
1117 854 1251 910 dominus
1272 853 1355 909 nobis
1378 857 1407 908 et
1434 857 1516 925 paler
1540 853 1615 910 Deus
1635 855 1687 923 est,
1712 855 1850 908 sectemur
1873 867 1914 924 pa·

250 969 311 1008 esse
327 953 369 1008 rel
387 951 495 1023 patiens
510 940 658 1022 po‘ssitqui
676 964 729 1004 nec
745 947 912 1020 sapientiam
940 963 991 1003 nec
1016 965 1066 1018 pa·
1117 949 1247 1004 tientiam
1268 947 1380 1004 domini
1403 947 1512 1020 pariter
1526 949 1555 1004 et
1574 947 1663 1018 patris
1680 963 1687 1002 2
1710 945 1775 1019 quia
1794 951 1822 1001 et
1834 961 1915 1002 seram

249 1045 380 1102 tientiam
403 1043 451 1100 Dei
473 1043 601 1100 noviti?
622 1041 738 1114 quaudo
752 1042 813 1114 ipse
828 1042 863 1098 de
883 1041 927 1097 his
950 1042 998 1114 qui
1014 1040 1068 1097 sibi
1118 1043 1233 1114 oportet
1255 1057 1315 1098 esse
1331 1042 1529 1115 obsequentes,
1544 1046 1573 1098 et
1592 1041 1668 1098 lilios
1688 1057 1745 1096 non
1767 1039 1844 1096 dccet
1862 1055 1916 1096 esse

216 1201 226 1218 ⁸
249 1156 350 1212 sapere
363 1138 393 1194 in
415 1137 524 1194 mundo
538 1137 672 1193 ridentur
696 1138 813 1191 moneat
834 1140 862 1190 et
882 1135 977 1192 dieat:
1001 1137 1066 1192 Per·
1117 1138 1286 1210 degeneres.

248 1235 312 1290 dam
329 1235 493 1304 sapientiam
509 1233 688 1302 sapientium,
705 1235 729 1286 et
748 1230 926 1300 prudentium
945 1231 1066 1300 pruden·
1154 1232 1197 1286 lV.
1224 1231 1321 1297 Qualis
1341 1247 1414 1288 ¹raro
1441 1231 1471 1287 in
1498 1231 1555 1286 Deo
1584 1231 1613 1286 et
1638 1234 1746 1301 quanta
1772 1227 1915 1300 patientia,

249 1332 317 1384 tium
339 1327 486 1399 reprobabo
517 1325 594 1398 (lam,
614 1342 687 1394 xxix,
712 1325 766 1394 ll).
784 1325 854 1380 Item
879 1324 979 1380 beatus
1001 1341 1069 1397 apo-
1118 1326 1205 1399 quod,
1231 1325 1261 1382 in
1283 1325 1486 1382 coutumeliam
1504 1341 1563 1380 sues
1591 1323 1747 1396 majestatis
1769 1328 1796 1378 et
1816 1323 1917 1378 honoris

250 1422 338 1478 stolus
366 1421 477 1488 Paulus,
504 1421 606 1492 plenus
632 1417 738 1490 Spiritu
760 1421 859 1474 sancto
886 1423 914 1474 et
938 1418 1069 1474 vocandis
1117 1419 1300 1475 institutaab
1321 1417 1627 1492 hominibusprolena
1647 1417 1800 1489 tempiset
1819 1419 1917 1472 terrena

249 1514 464 1587 formandisque
490 1515 500 1549 ¹
530 1513 669 1570 Gentibus
695 1513 811 1580 missus,
839 1516 1017 1569 contestetur
1040 1518 1069 1570 at
1117 1511 1257 1585 figmenta
1270 1516 1299 1569 et
1312 1529 1393 1570 sacre
1402 1513 1541 1582 sacrilega
1556 1511 1764 1583 patientissime
1777 1510 1914 1578 sustinens,

248 1609 372 1666 instruat
397 1609 493 1664 dicens
518 1625 524 1664 :
556 1609 649 1665 Videte
673 1624 706 1663 ne
733 1609 796 1679 quis
825 1623 872 1663 uos
897 1607 1069 1678 depredatur
1117 1608 1310 1679 superbonus
1330 1612 1358 1663 et
1380 1607 1471 1663 malos
1496 1607 1642 1679 aequaliter
1665 1604 1825 1662 tacitdiem
1849 1605 1915 1660 nasci

245 1719 296 1776 per
320 1704 518 1776 philosophiam
543 1706 568 1758 et
594 1705 704 1758 inanem
727 1702 890 1770 fallaciam,
918 1702 1067 1758 secandum
1119 1708 1148 1758 et
1175 1703 1273 1757 lumen
1297 1702 1364 1758 solis
1393 1701 1507 1770 oboriri,
1533 1703 1562 1757 et
1587 1716 1652 1756 cnm
1683 1698 1819 1756 imbribus
1841 1707 1917 1756 terras

249 1798 424 1854 traditionem
446 1797 595 1864 hominum,
627 1795 775 1852 secundum
801 1797 933 1851 elementa
957 1795 1065 1865 mundi,
1077 1771 1105 1843 Β
1118 1795 1200 1868 rigat,
1215 1811 1300 1851 nemo
1319 1805 1336 1850 a
1358 1795 1504 1852 beneflciis
1519 1796 1581 1868 ejus
1601 1794 1762 1851 excluditur
1782 1793 1917 1865 quominus

251 1897 276 1948 et
288 1907 341 1946 uon
355 1891 500 1946 secundum
523 1891 669 1953 Christum,
685 1891 752 1960 quia
764 1892 794 1944 in
814 1892 873 1960 ipsa
889 1890 994 1946 habitat
1009 1907 1065 1944 om-
1113 1889 1199 1961 justis
1221 1889 1353 1946 similiter
1376 1895 1405 1946 et
1425 1890 1539 1962 injustis
1562 1889 1731 1945 indiscretas
1752 1887 1855 1960 pluries
1869 1889 1917 1942 lar·

249 1989 292 2042 nis
305 1985 445 2056 plenitudo
457 1986 611 2040 diuinitatis
625 1983 747 2055 (dolosa,
764 2001 794 2052 n,
808 1986 844 2053 8).
861 1985 895 2040 Et
910 1983 966 2038 alio
980 1985 1064 2040 loco:
1116 1984 1211 2055 giatur
1229 1984 1235 2038 l
1264 1983 1401 2039 Videmus
1427 1983 1608 2056 inseparabili
1634 1983 1798 2056 aequalitate
1823 1982 1917 2053 patien-

249 2081 331 2138 ltlcrno
358 2095 394 2148 se,
423 2079 527 2150 inquit,
556 2079 683 2148 decipiat.
706 2081 736 2136 Si
761 2081 821 2149 quis
853 2094 880 2134 se
907 2083 988 2148 potiit
1019 2095 1065 2134 su·
1116 2079 1163 2134 tire
1186 2077 1350 2134 nocentibus
1378 2083 1406 2134 et
1433 2077 1565 2145 innoxiis,
1593 2077 1739 2149 religiosis
1767 2077 1795 2131 et
1824 2076 1915 2146 impiis,

246 2177 366 2246 piantem
387 2187 440 2228 esse
463 2175 493 2227 in
519 2173 602 2240 uobis
626 2173 728 2228 mundo
751 2172 814 2228 hiric
837 2173 936 2228 stultus
958 2175 1018 2242 pat,
1034 2178 1065 2227 ut
1118 2173 1223 2244 gratias
1245 2173 1400 2244 agentibus
1424 2177 1452 2228 et
1472 2172 1605 2245 ingratis,
1631 2171 1682 2227 liei
1710 2175 1781 2226 nutu
1802 2174 1918 2240 tempora

248 2271 298 2338 fiat
313 2269 430 2337 sopiens.
449 2268 590 2336 Sapientia
609 2269 681 2322 enim
698 2267 794 2322 mundi
810 2265 848 2336 (3)
873 2268 953 2337 liujus
973 2267 1065 2322 stulti·
1118 2266 1249 2338 obsequi,
1263 2266 1407 2322 elementa
1418 2266 1560 2334 famulari,
1582 2265 1692 2338 spirare
1715 2267 1822 2332 ventas,
1837 2263 1917 2318 fautu

250 2363 290 2416 tia
311 2367 350 2416 cst
372 2361 447 2430 apud
466 2363 558 2416 Deum.
577 2361 716 2430 Scriptum
738 2365 777 2415 est
799 2362 896 2416 enim:
921 2361 1067 2432 Reprehen·
1117 2359 1217 2428 liuere,
1234 2361 1423 2432 grandescere
1437 2361 1532 2432 copias
1552 2361 1690 2416 messium
1703 2359 1738 2429 ¹¹,
1752 2359 1916 2414 fruclnsma·

250 2455 331 2511 ἀιιιιι8
346 2457 481 2524 sopientes
494 2457 522 2508 ia
537 2457 641 2510 astutia
654 2457 783 2526 ipsorum.
801 2455 835 2508 Et
847 2453 952 2508 iterum
971 2473 978 2510 ι
998 2454 1066 2524 Cop-
1117 2459 1258 2510 tnrescere
1278 2453 1315 2526 (5)
1338 2455 1496 2522 vinearum,
1510 2453 1666 2510 exuberare
1690 2452 1783 2526 pomis
1807 2452 1916 2519 arbusta,

251 2551 325 2604 ararit
348 2549 478 2604 Dominus
491 2549 502 2582 ¹
522 2549 696 2616 cogitationes
718 2550 893 2618 sapientium,
918 2550 984 2618 quia
1004 2554 1068 2603 sunt
1118 2563 1238 2604 nemora
1252 2548 1444 2618 frondescere,
1456 2553 1537 2620 prata
1550 2548 1664 2604 llorere.
1678 2550 1723 2617 Et,
1736 2563 1801 2603 cum
1812 2545 1915 2610 crebris,

251 2641 341 2698 stulta
370 2643 389 2710 (Ι
424 2641 497 2708 Com,
526 2657 575 2708 ιιι,
607 2643 706 2712 itt-20).
735 2643 845 2708 Quare,
877 2641 899 2695 si
931 2642 1068 2713 sapientia
1118 2641 1176 2696 imo
1190 2641 1748 2710 continuisexacerbeturoffensisDeus,
1761 2639 1917 2714 indignatio·

251 2734 308 2791 illic
321 2751 387 2790 vcra
402 2749 459 2789 non
475 2737 526 2801 est,
542 2749 601 2789 esse
625 2750 682 2788 nou
704 2735 800 2806 potest
819 2739 847 2790 et
868 2750 935 2789 vera
957 2735 1066 2807 patien·
1119 2753 1186 2791 nem
1202 2753 1285 2791 suam
1302 2739 1453 2808 temperat,
1465 2741 1492 2792 ct
1508 2737 1701 2808 prestitutum
1715 2735 1800 2791 semel
1816 2732 1917 2791 retribu-

251 2828 301 2884 tis.
317 2830 387 2884 Nam
407 2827 431 2883 si
452 2827 567 2900 sapiens
582 2829 605 2863 ¹⁰
629 2827 675 2882 ille
700 2833 743 2883 est
765 2829 815 2900 qui
840 2833 882 2884 est
903 2828 1019 2884 humilis
1040 2833 1069 2885 et
1119 2830 1205 2886 tionis
1219 2829 1297 2886 diem
1311 2830 1454 2902 patienter
1468 2833 1620 2902 exspectat.
1639 2831 1768 2903 Cumque
1785 2827 1877 2884 babeat
1892 2826 1916 2878 iu

253 2923 342 2992 mitis,
357 2921 541 2995 philosophos
556 2926 652 2978 autem
667 2939 719 2976 nec
730 2921 854 2978 humiles
864 2921 994 2978 ridemus
1007 2939 1067 2978 esse
1118 2927 1257 2997 potestate
1271 2924 1435 2996 vindictam,
1450 2925 1557 2980 mavult
1579 2924 1627 2981 diu
1649 2930 1750 2981 tenere
1768 2922 1803 2994 (6(
1825 2919 1916 2993 patien-

252 3033 305 3072 nec
322 3017 418 3084 mites,
433 3017 484 3072 sed
498 3017 551 3072 sibi
567 3017 690 3071 multum
712 3016 862 3088 placentes,
887 3023 916 3072 et
930 3017 984 3072 hoc
1005 3017 1068 3088 ipso
1119 3019 1198 3091 tiam,
1225 3019 1369 3075 sustinens
1389 3019 1495 3076 scilicet
1515 3020 1673 3075 clementer
1694 3021 1724 3074 et
1744 3017 1878 3082 differens,
1890 3021 1916 3067 ut

252 3111 327 3182 quod
342 3111 397 3165 sibi
419 3111 549 3181 placeant
569 3111 628 3167 [teo
649 3110 841 3181 displicentes,
865 3116 987 3184 apparet
1011 3111 1069 3166 illic
1120 3115 1144 3168 si
1161 3114 1222 3170 heri
1239 3117 1343 3186 potest,
1358 3114 1481 3170 multum
1501 3108 1914 3185 malitiaprotraotaaliquando

255 3221 354 3260 rerem
368 3221 425 3259 non
439 3221 498 3260 esse
515 3204 682 3275 patientiam
701 3205 722 3238 ¹¹
738 3204 833 3261 ubisit
850 3203 1069 3261 insolensaffec·
1121 3211 1258 3276 mutetur,
1275 3212 1304 3263 et
1323 3209 1410 3264 homo
1432 3209 1461 3264 in
1481 3223 1611 3264 errorum
1633 3213 1663 3264 et
1682 3207 1817 3264 scelerum
1836 3207 1915 3258 conm-

252 3301 318 3354 tetre
331 3297 469 3354 libertatis
483 3297 601 3353 audacia
616 3301 645 3352 ct
659 3298 762 3353 exserti
776 3314 809 3353 ac
820 3299 961 3354 seminudi
977 3303 1070 3372 pecto·
1119 3301 1206 3373 glane
1231 3301 1370 3358 volutatus
1396 3303 1438 3360 rel
1464 3317 1527 3358 sero
1551 3302 1588 3357 ad
1619 3303 1711 3358 lleum
1744 3301 1914 3362 convertatur,

252 3391 291 3447 ris
306 3391 498 3447 inverecunda
506 3391 655 3462 jactantia.
1118 3393 1180 3466 ipso
1195 3399 1331 3452 monente
1352 3400 1382 3450 et
1402 3396 1538 3452 dicente:
1559 3397 1627 3456 Noto
1649 3401 1762 3452 mortain
1783 3391 1913 3450 maruntii,

287 3486 404 3541 111.an
424 3489 530 3554 autem,
545 3484 649 3541 fratres
667 3484 857 3556 dilectissimi,
873 3485 923 3558 qui
943 3486 1066 3558 philoso·
1116 3493 1250 3559 quantum
1262 3494 1292 3545 ut
1303 3495 1458 3546 reuertatur
1475 3497 1502 3546 et
1525 3493 1601 3546 uiuat
1621 3490 1740 3562 (Erech,
1758 3501 1848 3554 xxxin,
1869 3483 1913 3551 ll).

252 3577 303 3652 phi
333 3595 390 3634 uon
420 3579 511 3635 verbis
539 3579 588 3635 scd
619 3579 700 3635 iactis
729 3595 828 3634 sumus
843 3621 851 3649 ,
878 3595 931 3636 nec
964 3582 1068 3638 vestitu
1118 3581 1153 3636 lit
1176 3581 1303 3639 iterum:
1327 3586 1501 3641 Rmertimini
1521 3584 1559 3639 ad
1581 3599 1622 3640 me
1643 3584 1696 3658 (7),
1719 3585 1783 3640 dicit
1804 3582 1914 3637 hammus

253 3671 434 3746 sapientiam,
461 3673 509 3729 sed
537 3673 653 3730 veritate
679 3673 874 3744 preterimus,
901 3675 950 3746 qui
978 3675 1066 3730 virtu·
1118 3679 1255 3748 (lintach,
1275 3695 1314 3747 ιιι,
1331 3679 1369 3748 7).
1390 3679 1424 3735 Et
1440 3679 1565 3735 iterum:
1590 3681 1769 3737 uererentur·
1789 3675 1911 3732 adlteru-

254 3771 314 3824 tum
343 3766 543 3822 conscientiam
569 3769 659 3840 magis
684 3784 771 3839 quam
791 3768 959 3840 jactantiam
989 3769 1069 3824 novi·
1116 3788 1182 3826 num
1207 3775 1291 3828 Deum
1319 3777 1446 3842 uestrum,
1474 3775 1605 3844 quoniam
1636 3776 1785 3830 misericors
1816 3776 1839 3826 et
1860 3770 1914 3840 pius

255 3879 328 3932 mus,
349 3862 398 3934 qui
418 3878 475 3916 nou
499 3861 647 3934 loquimur
670 3877 775 3932 magna
800 3862 848 3933 th),
875 3863 924 3918 sed
949 3862 1068 3919 vivimus
1117 3871 1142 3921 et
1161 3869 1270 3936 patiens
1293 3873 1319 3922 et
1343 3869 1434 3922 multe
1449 3869 1644 3932 miserationis,
1658 3873 1685 3924 ct
1707 3868 1755 3938 qui
1773 3866 1912 3922 sententian

254 3958 333 4031 quasi
359 3955 432 4010 servi
457 3955 479 3991 ¹²
505 3959 533 4012 et
558 3957 679 4012 cultores
706 3956 764 4025 llei,
792 3941 955 4028 patientiam
981 3973 1067 4029 quam
1117 3960 1208 4027 flectat
1229 3961 1359 4016 aduersus
1379 3962 1499 4016 malitias
1524 3964 1661 4030 irrogatus
1686 3962 1709 3997 ¹⁵
1735 3961 1807 4032 thoul,
1824 3975 1848 4026 ιι,
1871 3955 1911 4024 li)¹
1972 4025 1973 4038 χ

254 4050 424 4122 magisteriis
454 4049 613 4106 caelestibus
651 4049 787 4105 discimus
829 4049 972 4122 obsequiis
1014 4053 1069 4123 spi·
1119 4052 1201 4118 Quod
1215 4053 1284 4108 item
1297 4054 1397 4110 heatus
1415 4057 1558 4126 apostolus
1581 4056 1683 4112 Paulus
1705 4064 1913 4112 commemorans

254 4145 383 4202 sitatibus
405 4143 594 4216 piraebeamus.
610 4144 657 4198 Est
678 4144 755 4200 enim
779 4143 1068 4219 uobiscnn1624
1119 4149 1147 4203 et
1163 4151 1341 4220 peccatorem
1362 4149 1397 4206 ad
1417 4149 1614 4221 poenitentiam
1636 4167 1779 4220 revocans,
1800 4143 1912 4219 proponit

957 4289 1060 4356 Veriae
1080 4291 1250 4357 lectiones.

300 4423 562 4476 ¹lenesmontem.
580 4423 681 4474 Vosnl.
714 4423 1013 4492 ⁵Phllosopblqnique
1032 4425 1088 4476 Ver.
1121 4427 1243 4478 ¹blavit:
1260 4429 1399 4494 quomodo
1412 4434 1438 4482 et
1452 4433 1520 4482 tam
1537 4431 1612 4484 libor.
1626 4433 1680 4484 NG.
1693 4434 1715 4482 l.
1748 4425 1912 4482 ¹Servandis·

258 4509 313 4562 que
324 4495 452 4560 gentibus
467 4496 522 4545 tiu.
556 4493 819 4558 ¹comprehendam
839 4496 903 4544 Voss.
919 4498 941 4546 l.
957 4497 1176 4562 Reprehendens
1188 4500 1256 4549 Pam.
1272 4500 1326 4550 tiu·
1344 4502 1410 4550 Voss.
1425 4505 1448 4550 Ξ.
1464 4501 1519 4552 NG.
1535 4506 1559 4552 t.
1575 4502 1769 4568 Reprehendes
1789 4503 1844 4563 Sap.
1860 4497 1875 4545 l.
1889 4505 1911 4544 ¹11

256 4569 466 4631 adonicam.
502 4567 601 4619 ⁹Dens
623 4569 695 4617 Saris
716 4569 771 4617 Ver.
809 4569 905 4619 ¹¹Nam
932 4571 1029 4634 ntique
1054 4572 1075 4620 si
1100 4572 1212 4634 patiens
1232 4571 1303 4620 Lana.
1326 4571 1401 4622 titan
1434 4572 1487 4623 NG.
1506 4574 1674 4625 themis.
1696 4575 1748 4623 till.
1766 4572 1828 4622 Thu.
1854 4567 1908 4614 iou·

258 4639 379 4704 Sapiens
392 4640 490 4704 ltipalt.
528 4637 768 4689 ¹¹lllicnonesse
788 4639 948 4702 patientiam
963 4641 1031 4690 tam
1053 4640 1263 4703 Liu.Bod.t,e,
1283 4645 1307 4694 a,
1330 4645 1352 4690 t.
1388 4645 1408 4675 ¹¹
1425 4643 1544 4694 Utservl
1566 4643 1649 4692 Saris.
1663 4643 1734 4706 Quia
1747 4642 1813 4693 servi
1825 4637 1877 4689 hod.
1892 4638 1908 4682 t·
1970 4643 1971 4681 t

258 4713 277 4742 ¹¹
294 4709 384 4762 Cheru
396 4713 445 4767 cst,
457 4723 489 4760 ac
501 4708 606 4759 bonum
617 4708 679 4758 lind.
696 4710 719 4758 t.
755 4710 774 4741 ¹¹
787 4709 961 4761 candescere
977 4710 1070 4773 copias
1091 4711 1224 4762 messium
1244 4711 1332 4762 noret.
1355 4711 1473 4764 Fructus
1496 4715 1680 4766 maturescere
1694 4715 1767 4772 ,Vasa
1792 4712 1909 4762 Nitescere

269 4785 422 4832 maturatus
438 4782 491 4831 tin.
526 4784 545 4814 ¹¹
558 4779 688 4831 Malitiam
704 4781 852 4846 irrogatam
867 4781 927 4832 heu.
943 4781 1007 4832 ltad.
1026 4782 1049 4844 l,
1062 4782 1087 4846 2,
1105 4782 1129 4846 3,
1145 4784 1168 4833 t.
1184 4784 1267 4833 saris.

903 4899 1022 4982 Steph.
1045 4899 1168 4964 Baluzii
1191 4906 1289 4966 note.
1969 4911 1970 5001 i

286 5053 321 5116 (3(
349 5054 485 5117 supientia
514 5053 592 5117 huius
618 5053 721 5105 mundi.
750 5053 829 5106 llanc
850 5053 928 5106 Pauli
954 5027 1238 5120 apostollDreteres.
1255 5055 1503 5119 Quaelectiosane
1525 5062 1629 5125 optime
1651 5061 1851 5124 marthaque
1868 5054 1907 5104 bs·

255 5127 421 5176 sententiam
443 5125 540 5177 Celsus
562 5125 699 5176 malevolo
721 5127 869 5178 adversum
899 5127 1072 5180 Christianos
1122 5127 1168 5178 bet
1194 5129 1335 5189 mitescere,
1359 5143 1444 5193 quam
1466 5131 1598 5184 Erasmus
1617 5135 1730 5196 invexit,
1753 5133 1818 5183 bona
1839 5129 1906 5176 etiam
1968 5141 1969 5190 3

256 5197 351 5245 animo
366 5197 492 5249 vertebat
507 5198 535 5246 in
549 5199 719 5248 contrarium
735 5211 859 5258 sensnm,
875 5197 995 5249 dicendo
1010 5199 1072 5250 lllos
1122 5203 1181 5262 est,
1219 5205 1247 5251 et
1284 5199 1369 5251 habet
1402 5201 1496 5261 plures
1530 5204 1615 5257 libros
1650 5211 1752 5257 veteres
1785 5201 1907 5253 eonsenti-

256 5267 340 5331 vulgo
359 5269 464 5331 jactare
485 5267 587 5318 malam
607 5281 664 5318 rem
686 5282 747 5320 esse
769 5271 797 5318 ln
819 5271 874 5319 ritu
895 5271 1070 5334 sapientiam,
1122 5282 1199 5321 neos.

257 5337 358 5388 bonam
386 5351 452 5388 vero
482 5338 639 5389 stultitiam.
666 5338 747 5403 Quod
775 5340 908 5404 Origenes
939 5343 1073 5394 adversus
1154 5343 1187 5405 (tt
1216 5342 1318 5394 Mavult
1343 5344 1389 5395 diu
1414 5351 1505 5396 tenere.
1537 5347 1626 5413 Supra
1654 5349 1729 5414 epist.
1755 5348 1771 5398 9
1795 5359 1801 5393 z
1825 5363 1836 5388 s
1861 5337 1905 5390 Diu

255 5421 320 5460 eum
345 5408 480 5470 scribens,
505 5411 543 5460 ait
565 5423 627 5461 esse
651 5424 755 5461 moram
780 5412 1007 5476 sycophantiam,
1032 5415 1072 5465 uti
1122 5415 1283 5478 patientiam
1296 5429 1386 5466 meam
1405 5419 1490 5468 tenui.
1510 5437 1523 5466 n
1543 5420 1672 5471 Ruricius
1689 5419 1734 5470 lib.
1751 5431 1778 5477 n,
1797 5411 1904 5478 epistt:

256 5493 352 5531 revera
377 5484 427 5540 ost,
454 5494 518 5532 cum
543 5484 578 5532 sit
603 5495 731 5545 expresse
758 5487 854 5534 contra
882 5485 965 5536 rerba
998 5490 1072 5552 Apo·
1122 5485 1337 5538 «Tenendaest
1352 5489 1379 5539 ln
1396 5491 1548 5542 tentatione
1564 5493 1731 5554 patientta.»

257 5551 331 5602 stoli.
1153 5558 1186 5621 (t,
1199 5559 1368 5612 hemrtimrui
1390 5561 1426 5612 od
1439 5575 1487 5613 ras.
1506 5563 1567 5616 Hoc
1582 5567 1761 5630 segmentum,
1780 5553 1846 5623 qnod
1867 5551 1905 5600 ha-

288 5623 392 5682 (ttlltou
407 5622 806 5688 loquimurmapno.llinutius
816 5626 894 5678 Felix
909 5643 914 5678 :
927 5629 1072 5681 «Nosnon
1121 5628 1203 5680 betur
1225 5631 1252 5678 iu
1274 5630 1444 5683 editionibus
1471 5635 1602 5699 antiquis,
1624 5635 1773 5688 Maunttans
1794 5622 1901 5678 aristotili

257 5693 355 5745 babitu
378 5696 552 5760 sapientiem,
567 5695 616 5746 sed
637 5699 729 5746 mente
751 5697 932 5760 praeterimus.
949 5702 1009 5752 Non
1031 5701 1071 5753 lo·
1122 5699 1263 5752 llorelltus
1277 5706 1409 5766 reposuit.
1426 5705 1511 5758 Recte
1526 5720 1612 5769 sane,
1628 5711 1713 5759 exstat
1727 5703 1794 5756 enlm
1813 5699 1838 5748 itt
1852 5695 1903 5744 0¹¹⁰

257 5765 369 5831 quimus
382 5779 494 5832 magna,
507 5766 558 5819 sed
570 5767 698 5819 vivimus.
712 5785 726 5814 s
1121 5771 1200 5824 libris
1214 5773 1364 5826 veteribus.

287 5837 322 5902 (t)
342 5839 526 5892 idaturosarrs.
549 5839 590 5890 lte
611 5842 719 5890 eeteros
740 5839 876 5894 editiones
897 5846 925 5896 et
941 5855 993 5896 sex
1008 5845 1072 5898 libri
