4012 6192
171 253 177 263 ·
227 205 280 306 ‘ero
788 239 1009 300 lucraris.
1029 237 1360 302 cinanmomum.
1842 243 1887 304 lc
1963 251 1964 284 l

233 376 307 430 lecto
330 389 388 428 non
408 372 467 425 lere
490 372 541 424 est.
564 367 655 424 Habet
669 367 756 423 etiarn
770 367 824 422 hoc
839 367 994 438 commodi,
1017 371 1085 454 utA
1134 369 1178 424 iil.
1204 369 1287 425 Liber
1311 369 1343 423 de
1365 367 1505 424 duodecim
1527 329 1706 423 liberioribus
1730 371 1824 432 saculi,
1845 375 1887 442 qui

237 484 330 523 sacros
347 457 504 535 Scripturas
522 461 658 532 allegans,
680 462 864 518 Ecclesiastici
883 459 984 516 librum
999 461 1048 516 ad·
1098 462 1184 518 etiam
1208 463 1366 535 Augustino
1384 460 1565 529 adscribitur,
1582 462 1765 534 nequehuoc
1781 465 1889 536 Patrem,
1963 485 1964 488 ¹

214 561 327 626 ducat,
352 554 482 626 exemplo
508 571 559 610 suo
582 555 751 622 ostendens,
772 561 880 626 quanto
908 554 937 610 iu
958 554 1049 626 pretio
1100 573 1193 627 oeque
1208 555 1893 632 cyprianum,812judicellarano,hcbclaoc.

232 652 373 725 prioribus
384 650 454 722 ipsis
466 648 713 704 Ecclesimsreoulis
726 648 841 703 habitus
855 649 891 703 sit
905 648 977 704 liber
989 647 1047 716 ille,
1099 655 1205 720 torem;
1225 669 1290 707 nam
1319 657 1523 725 preterquam,
1547 649 1640 722 inquit
1661 649 1803 720 liupinius,
1827 653 1890 723 quod

232 761 316 819 quem
331 761 408 800 nunc
421 745 613 798 protestantes
627 740 738 796 minimi
755 742 871 797 iaciunt.
1097 745 1195 816 stylus,
1210 747 1398 804 rescribendi
1412 745 1517 802 modus
1526 745 1612 816 plane
1623 747 1666 800 est
1676 743 1806 812 diversus,
1817 745 1892 817 Scrip-

463 834 555 908 811
581 835 769 892 ARTICULUS
790 837 822 891 ll.
1100 841 1164 893 tura
1186 857 1265 896 sacra
1281 857 1395 912 semper
1416 840 1445 895 in
1469 856 1502 896 eo
1524 838 1629 895 citatur
1647 839 1728 908 juria
1746 837 1891 910 Hieronymi

392 933 457 988 Diuo
478 929 616 1001 Cypriane
633 931 775 1000 supposito
794 945 885 999 operer.
1099 932 1268 990 versionem.
1291 934 1434 990 Pamclius
1460 950 1526 990 eum
1548 932 1678 988 attribuit
1703 935 1777 988 certo
1797 934 1890 988 occidam

268 1029 289 1084 l.
314 1025 527 1096 Variainsuper
548 1021 623 1095 apud
644 1022 786 1077 Buluziurn
808 1022 947 1078 habentur
967 1038 1050 1093 opus·
1099 1027 1224 1098 Erredo,
1251 1029 1331 1100 cultis
1356 1045 1461 1084 nomen
1490 1027 1524 1083 ad
1549 1026 1713 1098 marginem
1737 1027 1817 1098 hujus
1838 1026 1892 1080 libri

233 1123 306 1191 cula,
318 1121 344 1176 S.
360 1119 501 1191 Cypriane
516 1117 584 1172 olim
598 1115 706 1188 pariter
719 1115 870 1188 adscripta,
886 1133 949 1188 qoae
962 1117 1051 1188 ipsios
1100 1121 1272 1194 adscriptum
1294 1123 1322 1177 in
1348 1121 1542 1193 manuscripto
1565 1120 1717 1192 Augustini
1732 1121 1840 1192 reperit;
1854 1120 1893 1173 alii

233 1231 293 1271 non
317 1230 389 1282 esse,
413 1211 517 1268 eruditi
539 1209 631 1264 critici
655 1209 721 1264 satis
741 1209 933 1264 consentiunt.
950 1211 991 1266 lix
1006 1210 1050 1266 his
1099 1216 1231 1272 tribuunt
1255 1216 1383 1284 Patricio,
1405 1215 1554 1288 llybernias
1578 1214 1726 1286 episcopo,
1747 1213 1832 1268 caleri
1849 1213 1892 1268 Cli-

233 1309 306 1365 liber
320 1309 353 1363 de
373 1305 561 1372 citerioribus,
583 1301 729 1374 cujusdam
750 1302 874 1358 Romani
892 1303 1049 1372 Ponticus,
1100 1311 1254 1366 marollio
1269 1314 1406 1366 tractatus
1421 1309 1638 1381 interoparal).
1656 1307 1803 1379 Augustini
1818 1307 1893 1362 editus

230 1401 325 1476 judice
342 1399 522 1466 bellarmino,
538 1395 633 1468 potius
652 1413 710 1451 esse
732 1396 855 1465 ridetur,
870 1413 934 1452 com
952 1403 1051 1453 auctor
1100 1410 1159 1472 cct3
1175 1407 1295 1460 testator
1310 1405 1426 1476 insuper
1438 1403 1532 1460 yellus
1544 1402 1612 1457 clim
1626 1402 1657 1456 ln
1670 1401 1797 1473 linguam
1809 1403 1894 1472 lnglo.

232 1495 315 1551 initio
334 1493 459 1549 scribit:
477 1511 491 1540 ι(
511 1491 650 1555 Quonim
673 1489 755 1546 nobis
778 1489 873 1546 divini
889 1496 918 1546 et
932 1495 1050 1564 paterni
1100 1516 1163 1555 rum
1178 1498 1344 1553 translatum
1360 1498 1457 1565 luisse,
1473 1497 1545 1553 etin
1561 1496 1708 1552 volumine
1723 1495 1893 1564 manuscripto

233 1589 321 1661 llilim
358 1585 533 1658 ³9⁰⁵t⁰¹³t¹¹³
571 1585 705 1640 duilium
743 1584 880 1654 Offilium,
914 1589 942 1640 ‘³2
974 1585 1049 1640 Vica-
1100 1593 1287 1648 llomlliarum
1305 1592 1512 1648 Scaenicorum
1534 1589 1656 1663 reperiri
1674 1587 1726 1644 sub
1745 1587 1894 1643 boetilulo:

232 1684 304 1737 riam
328 1679 441 1735 Domini
463 1678 561 1735 sedem
583 1679 688 1733 coelesti
711 1678 878 1750 dignatione
894 1679 1046 1747 ordinavit,
1099 1691 1137 1742 llo
1161 1687 1303 1742 duodicim
1323 1687 1451 1742 dcccdccc
1478 1685 1623 1742 secundom
1649 1685 1850 1754 disputationem
1872 1684 1894 1737 s,

233 1780 260 1831 et
284 1775 425 1846 ortginem
453 1773 610 1828 authentici
638 1773 831 1843 apostolatus,
854 1789 940 1844 super
963 1751 1086 1845 qucmB
1100 1783 1241 1852 cypriant,
1257 1782 1374 1852 episcopi
1388 1782 1566 1850 ulmal-lyris,

232 1869 359 1926 christus
387 1866 516 1922 fundavit
544 1865 717 1935 Ecclesiam,
745 1865 775 1920 in
804 1867 951 1938 superiore
980 1883 1047 1922 nos·
1133 1876 1176 1930 1v.
1193 1875 1239 1930 uis
1255 1873 1432 1928 Tractatitius
1447 1871 1611 1945 anticanus
1626 1876 1669 1928 cst
1689 1874 1781 1930 oraro
1801 1873 1828 1924 u
1847 1871 1897 1924 rcc-

232 1970 276 2019 “0
309 1967 473 2033 P⁰ll⁸m¹1⁵2
499 1965 612 2030 decepta
640 1960 724 2014 Simul
753 1963 892 2031 l¹⁰lss⁵tate
921 1961 1049 2016 ³⁰lvessdi
1098 1969 1309 2038 demutationi,
1325 1967 1626 2037 etalteradelluplici
1639 1965 1895 2034 Martyriccoror-

234 2064 261 2112 et
275 2055 394 2128 ligandi,
409 2060 438 2110 et
450 2053 595 2109 curatione
610 2059 723 2124 peccata
737 2053 910 2110 dimittendi.
925 2054 1048 2109 »iudice
1101 2068 1240 2125 locatum,
1256 2078 1320 2133 qod
1337 2060 1371 2116 ab
1393 2060 1487 2132 aliquo
1509 2059 1670 2116 recentiore
1693 2062 1804 2114 auclore
1825 2057 1898 2111 culmi

234 2150 357 2222 aninio
376 2149 428 2220 (tl)
450 2148 572 2220 scriptus
594 2147 713 2218 quidem
729 2153 769 2203 esi
784 2148 818 2203 ab
833 2147 965 2220 episcopo
993 2165 999 2202 :
1022 2154 1051 2202 at
1100 2156 1190 2227 gratie
1210 2157 1375 2228 composita
1396 2160 1471 2209 sunt.
1488 2153 1569 2209 Prior
1589 2153 1664 2224 stylo
1687 2157 1787 2208 orriolo
1806 2155 1832 2205 et
1848 2150 1899 2220 plus

234 2261 291 2300 non
313 2242 539 2298 concludendum
562 2245 605 2296 est
618 2258 653 2296 ex
668 2241 788 2296 laudatis
808 2242 900 2297 verbis
920 2259 980 2296 esse
1002 2244 1050 2298 Pa·
1099 2265 1182 2321 coquo
1200 2249 1329 2304 ollcctato
1352 2248 1454 2320 scripto
1473 2250 1517 2304 est
1535 2265 1541 2303 :
1556 2252 1585 2302 et
1597 2251 1677 2318 patet
1697 2245 1757 2317 elus
1773 2249 1899 2299 auctorem

234 2353 301 2410 Pam
316 2339 492 2403 liminum,
512 2351 546 2390 0⁰
567 2335 641 2407 (11¹0d
664 2351 693 2390 ὅθ
714 2335 817 2390 Christi
838 2336 975 2391 vicarium
999 2353 1048 2407 alt·
1100 2343 1128 2398 id
1148 2344 1309 2411 intendere,
1326 2345 1358 2398 ut
1376 2341 1534 2396 oraticnem
1554 2356 1588 2395 ex
1606 2338 1729 2396 termula
1752 2337 1898 2394 conscribat.

232 2432 331 2504 pellet»
347 2432 399 2485 11⁰0
413 2430 491 2484 essim
504 2445 610 2484 ”⁰⁰¹0ss
625 2429 701 2500 apud
720 2432 830 2483 Veteres
844 2430 976 2485 Omnibus
991 2430 1049 2501 elli·
1101 2437 1222 2492 Exordio
1236 2436 1335 2508 incipit
1347 2436 1467 2508 perinde
1480 2451 1512 2491 ac
1529 2435 1552 2490 si
1565 2434 1600 2489 ad
1616 2433 1756 2506 poputum
1770 2432 1899 2488 concione·

235 2525 326 2598 ³⁰⁰9ss
348 2524 440 2579 datur·
463 2524 551 2594 Hujus
574 2527 707 2578 immitis
727 2523 816 2594 Stilus
839 2523 934 2578 minus
958 2523 1051 2580 adhuc
1102 2537 1195 2599 retur;
1223 2531 1284 2602 ejus
1308 2529 1420 2601 periodi
1444 2531 1511 2584 sunt
1532 2528 1706 2596 elaboratae,
1733 2526 1900 2598 cogitationes

235 2620 336 2675 Similis
356 2619 399 2674 θθῑ
419 2618 492 2688 stl⁷¹⁰
513 2616 658 2689 Cypriani,
680 2633 745 2671 cum
769 2617 806 2671 Sil
825 2617 976 2686 iflV0¹1¹l¹¹⁵2
998 2617 1050 2673 Ob·
1102 2625 1191 2680 nimia
1210 2624 1351 2695 religione
1372 2627 1537 2691 attenuata,
1554 2639 1587 2678 ao
1606 2621 1678 2678 ordo
1700 2621 1781 2677 valde
1795 2625 1899 2674 coaetus.

234 2729 348 2782 scurus,
378 2712 537 2784 plenusque
559 2711 652 2766 verbis
677 2711 798 2766 minime
825 2711 940 2767 Latinis.
967 2713 995 2766 ln
1018 2728 1052 2766 co
1102 2717 1198 2773 Oratio
1216 2718 1373 2788 dollcplici
1391 2717 1527 2786 Martyria
1546 2715 1642 2770 minus
1665 2719 1793 2770 accurate
1813 2712 1901 2782 scripta

235 2808 378 2879 Scriptura
403 2823 483 2862 sacra
505 2803 590 2860 aliter
614 2805 756 2876 reperitur
781 2805 863 2860 citata
888 2823 918 2860 oc
945 2806 973 2859 in
998 2807 1050 2876 Cy·
1103 2815 1146 2866 cst
1172 2811 1208 2866 ab
1233 2811 1328 2884 aliquo
1352 2813 1468 2866 auctore
1497 2809 1679 2877 recentiore,
1709 2809 1756 2880 qui
1783 2803 1899 2878 Cypriani

237 2901 328 2974 prioni
340 2900 430 2970 libris,
445 2899 574 2970 illiusque
593 2902 693 2954 auctor
713 2899 891 2954 mentionem
906 2899 974 2954 iacit
989 2899 1053 2954 libri
1102 2907 1206 2977 stylum
1218 2905 1328 2961 volcbal
1339 2904 1456 2960 imitari,
1470 2904 1511 2960 ,sb
1528 2904 1647 2958 llcndco
1662 2903 1762 2958 nuccio
1780 2907 1807 2956 ol
1818 2902 1900 2954 paloc-

235 2995 364 3067 issscrilffi
376 2996 516 3062 Mitrida,
532 2993 591 3048 Sive
610 2995 743 3048 Dvcttt'nffl'
757 2994 948 3064 apostolorvm,
966 3009 1052 3065 quem
1104 3000 1140 3055 lia
1155 2999 1280 3055 creditus
1298 3001 1341 3054 est
1360 2999 1495 3053 Erasmus
1516 2998 1601 3069 hujus
1616 2996 1727 3052 fraudis
1745 2999 1848 3058 auclor3
1862 2989 1902 3046 sed

235 3095 301 3162 post
312 3089 342 3145 S.
356 3087 529 3161 cyprianum
542 3087 730 3160 compositum
747 3103 807 3142 esse
825 3086 943 3142 omnino
955 3085 1053 3142 veriat·
1062 3133 1090 3206 C
1103 3094 1210 3166 absquo
1224 3093 1312 3148 solido
1328 3091 1513 3147 londomooto
1527 3090 1637 3146 Erasini
1651 3089 1765 3147 nomini
1783 3105 1836 3144 oco
1852 3087 1901 3139 lore

235 3184 303 3240 mile
318 3186 370 3239 ³³²·
1102 3189 1156 3243 hoc
1183 3187 1303 3243 dedecus
1325 3185 1506 3254 inusserunt3
1531 3190 1560 3239 et
1584 3189 1663 3240 certe
1684 3184 1727 3238 rir
1753 3183 1800 3238 ille
1820 3180 1902 3235 doctus

273 3280 305 3332 ll.
319 3277 403 3334 Liber
419 3277 451 3332 de
466 3275 665 3346 singularitute
680 3274 842 3331 Clerioorum
860 3292 930 3346 opus
943 3278 986 3330 est
997 3275 1050 3330 uti·
1103 3298 1165 3337 com
1191 3280 1293 3336 molins
1318 3280 1485 3335 occultasset
1509 3279 1657 3347 iraudem;
1687 3277 1813 3350 quamvis
1837 3273 1901 3328 enim
1963 3319 1964 3332 ,

236 3372 385 3439 tissimum,
400 3369 500 3442 inquo
514 3369 787 3441 probatorClericos
801 3386 866 3424 cum
884 3368 1053 3424 mulieribus
1103 3380 1200 3432 auctor
1217 3375 1308 3446 lingat
1330 3389 1359 3428 se
1383 3373 1507 3429 scribere
1531 3371 1585 3428 riu
1604 3372 1700 3439 annis,
1725 3375 1773 3426 aut
1796 3367 1901 3430 circitor,

238 3481 297 3522 non
327 3463 432 3520 debere
465 3461 602 3518 habitare.
629 3463 761 3517 Nonnulli
788 3462 924 3533 Origeni‚
951 3461 999 3517 alii
1022 3462 1052 3518 S.
1103 3474 1164 3542 post
1185 3468 1339 3536 Christum,
1356 3468 1397 3522 ait
1411 3471 1510 3522 tamen
1523 3466 1694 3538 religionem
1717 3463 1810 3533 latios,
1829 3473 1900 3532 quarn

236 3559 392 3632 Augustino
407 3557 478 3613 lalso
493 3555 709 3628 adjudicarunt,
725 3556 862 3612 Beronius
877 3555 1053 3628 (intuemini
1102 3563 1258 3636 imperium
1273 3561 1403 3618 diffundi.
1416 3559 1542 3617 ticmioit
1565 3559 1794 3630 persecutionum
1815 3553 1903 3610 crocle-

239 3654 349 3726 mquius
371 3668 459 3724 quam
487 3651 513 3706 S.
541 3650 684 3722 Cypriane
705 3653 804 3705 nostro
832 3649 948 3704 attribui
969 3665 1054 3721 poseo
1104 3659 1186 3726 tiani,
1213 3659 1242 3712 st
1264 3655 1390 3724 Maximi,
1414 3655 1471 3709 sire
1497 3653 1675 3720 Maximiani,
1700 3652 1766 3708 belli
1788 3649 1902 3705 odoenus

239 3747 347 3815 steterit,
367 3745 416 3801 sed
434 3745 469 3800 ab
489 3745 543 3800 hac
563 3744 695 3816 opinione
714 3742 885 3799 dissentiunt
906 3741 1053 3799 bellarmi-
1103 3753 1221 3822 lorcam
1242 3751 1366 3821 lccllquc
1386 3748 1562 3804 montionem
1584 3747 1791 3803 monachorum
1809 3755 1902 3800 corum-

239 3858 303 3911 nus,
317 3839 467 3903 Pometios,
484 3838 637 3911 caeterique
651 3837 796 3905 neoterici,
814 3837 864 3910 qui
880 3837 931 3892 etsi
949 3837 1053 3892 librum
1104 3861 1160 3918 quc
1175 3845 1291 3901 ortium,

239 3935 320 3991 illum
339 3934 483 4006 insignem
499 3949 531 3987 ac
551 3932 662 4002 utilem,
679 3937 764 4003 atque
783 3931 892 4004 antiqui
912 3931 1054 4003 scriptoris
1140 3941 1171 3995 v.
1186 3941 1330 3994 Trecentos
1341 3939 1374 3993 de
1388 3938 1519 4008 coruom
1534 3936 1636 3993 Christi
1650 3929 1901 3998 succinctorium

241 4045 301 4086 csse
320 4027 426 4101 passim
445 4030 611 4099 agnoscant,
627 4027 732 4098 stylum
751 4029 850 4082 tameo
870 4025 1008 4098 ejusdem,
1027 4029 1055 4081 et
1105 4033 1326 4106 principalibus,
1353 4031 1493 4103 Cypriane
1519 4029 1660 4098 tributus,
1681 4029 1748 4084 licet
1773 4027 1852 4098 stylos
1874 4023 1903 4076 sit

240 4121 624 4193 barbarasroces(l3),quae
638 4120 785 4176 hincinde
800 4121 829 4175 in
843 4137 877 4176 eo
893 4125 1054 4189 occurrunt,
1106 4129 1188 4200 plano
1215 4127 1303 4194 alius,
1333 4125 1389 4181 fido
1419 4125 1577 4180 multorom
1610 4139 1678 4180 mos,
1709 4123 1846 4178 costitutus
1869 4121 1902 4170 est
1963 4133 1964 4152 r

242 4217 271 4273 S·
298 4215 437 4287 Cypriam
461 4214 614 4286 indignum
642 4230 704 4269 0⁵⁸0
730 4214 831 4269 merim
856 4214 1054 4286 pronuntient·
1106 4221 1257 4276 Arnaldoa
1272 4220 1450 4289 ltonncvallo‚
1462 4219 1492 4273 in
1505 4217 1621 4273 dimcesi
1634 4215 1802 4273 Carnutensi
1811 4209 1901 4272 oblati,

242 4312 322 4366 uene
332 4309 484 4364 limatum
499 4307 545 4363 alii
559 4309 642 4362 ellam
657 4308 836 4378 Hieronymo,
855 4308 971 4380 quidam
985 4307 1057 4362 Gau·
1108 4315 1246 4371 Bernardi
1257 4314 1360 4380 amico,
1371 4313 1419 4385 qui
1432 4311 1506 4367 circa
1519 4312 1648 4367 medium
1662 4311 1758 4367 saecieli
1768 4325 1803 4364 ru
1813 4303 1901 4366 tloruil,

242 4403 340 4459 dentio
359 4401 497 4458 Bririensi
511 4401 682 4456 tribuerunt.
700 4401 754 4456 Sed
769 4418 861 4473 neque
881 4400 1055 4473 Hieronymi,
1108 4426 1230 4482 utcmque
1241 4424 1324 4480 papus
1336 4407 1460 4462 Adriano
1475 4406 1506 4460 lv
1522 4405 1714 4476 inscripserat,
1730 4405 1831 4476 quiqne
1844 4399 1905 4454 oliti

243 4512 336 4568 neque
359 4496 490 4568 cogens
517 4495 587 4566 stylo
612 4494 732 4565 scriptos
757 4501 799 4549 ast
816 4495 881 4566 (m),
907 4495 1243 4579 maciequelytractatus
1267 4503 1439 4558 attitulare
1462 4499 1510 4558 ss.
1538 4501 1654 4556 Putrem
1672 4499 1796 4554 insertos
1816 4491 1901 4548 colcu

243 4591 437 4647 accederetad
457 4589 561 4661 stylum
576 4587 734 4656 Candentii,
751 4588 876 4661 episcopi
895 4589 1056 4656 liriniensis,
1109 4598 1179 4669 stylo
1202 4595 1366 4667 conscripsit
1392 4597 1424 4651 dc
1453 4595 1547 4652 Vertis
1573 4593 1682 4657 circli,
1706 4593 1739 4648 do
1763 4595 1846 4650 tto-occ,
1866 4599 1901 4639 sco

242 4685 297 4741 nisi
316 4685 459 4740 obstarent
481 4682 691 4754 manuscripto,
714 4688 742 4738 at
761 4699 794 4737 ea
813 4699 877 4753 qnae
895 4683 970 4756 typis
993 4687 1059 4737 sunt
1109 4692 1212 4746 ducum
1240 4691 1380 4762 Operibus,
1404 4692 1433 4744 ct
1454 4691 1550 4745 Μανία
1566 4689 1687 4758 Virginis
1713 4685 1855 4746 traditum
1876 4691 1901 4730 ac

243 4796 353 4847 excuso,
370 4793 491 4850 quorum
513 4778 622 4832 nullum
646 4793 712 4831 eum
734 4778 775 4832 illi
791 4777 899 4832 tribuit.
919 4777 1058 4834 Editionis
1109 4785 1230 4856 deniquo
1246 4785 1350 4840 lilomm
1364 4783 1582 4846 meditationum,
1598 4781 1658 4854 qui,
1676 4779 1800 4837 nondum
1816 4775 1900 4832 editus.

242 4874 369 4946 Anglieoe
392 4879 490 4928 auctor
514 4871 664 4927 contendit
690 4872 767 4927 bunc
794 4875 946 4926 tractatum
973 4871 1058 4926 luisse
1109 4879 1242 4951 oporibus
1265 4878 1409 4952 Cypriani,
1433 4877 1462 4932 in
1486 4876 1597 4950 Anglia,
1619 4877 1693 4948 typis
1718 4865 1901 4932 oxoniensibus

244 4967 433 5040 compositum
458 4965 636 5038 temporibus
662 4966 836 5022 Venerabilis
865 4965 964 5035 Beda,
993 4982 1057 5021 cum
1109 4971 1555 5043 novissimocdlliscdjooloscsl
1572 4971 1637 5042 (lc),

245 5061 365 5133 queastio
385 5061 419 5116 da
438 5059 571 5116 caelibatu
592 5059 622 5114 iu
645 5059 797 5116 Occidente
819 5061 924 5134 agitata
944 5064 988 5116 est
1006 5077 1012 5115 :
1029 5065 1059 5116 at
1147 5067 1189 5122 il.
1214 5067 1290 5122 Nibil
1316 5066 1410 5122 dicam
1440 5065 1476 5120 da
1510 5067 1681 5136 Repositiocc
1714 5066 1743 5119 in
1768 5053 1901 5130 Symbolum

244 5153 307 5210 baec
320 5155 481 5226 conjectura
494 5153 573 5210 nulla
588 5153 914 5211 solidanititu1·rationc
929 5153 996 5228 (it).
1108 5163 1310 5234 Apostolorum,
1324 5161 1398 5233 qnod
1413 5160 1551 5216 exinrium
1560 5175 1631 5232 opus
1649 5160 1816 5228 llieronymo
1827 5149 1899 5206 etiem

256 5378 261 5384 ¹
276 5317 324 5378 llll
337 5317 438 5381 Dupln.
452 5316 575 5369 liibliotlr.
593 5317 713 5378 Auctor,
731 5320 797 5368 tom.
811 5331 873 5383 pag.
889 5319 945 5384 278,
958 5319 987 5370 in
1000 5322 1056 5370 not.
1109 5329 1238 5392 ottqcuoc,
1250 5341 1312 5392 pcg.
1328 5325 1375 5376 icti
1389 5339 1450 5392 sqq.

244 5401 271 5444 ο,
286 5387 351 5439 edit.
364 5388 412 5439 let.
431 5387 539 5470 Coton„
554 5391 581 5438 et
593 5401 654 5452 pag.
668 5387 726 5468 llil·
1139 5401 1186 5464 (ld)
1210 5398 1274 5448 Vid.
1294 5397 1398 5448 tiaran.
1415 5399 1443 5447 in
1467 5397 1523 5448 l'ilo
1543 5397 1684 5462 Cypriaci,
1705 5395 1720 5458 ς
1739 5392 1776 5451 itt,
1791 5400 1845 5452 pag.
1861 5377 1897 5432 ¹³⁰

276 5457 323 5522 llil
338 5459 473 5510 Boronrus
489 5458 524 5508 ed
535 5471 641 5508 annum
656 5457 712 5520 253,
726 5471 802 5508 num.
816 5461 855 5510 it.
1108 5483 1161 5534 sq„
1175 5469 1241 5519 odit.
1256 5469 1354 5519 Vocet.
1371 5467 1441 5519 liiii.

276 5531 325 5595 llil)
351 5530 428 5582 Tella
450 5529 532 5582 rerba
560 5528 676 5580 barbara
702 5533 788 5580 sunt:
814 5549 828 5578 a
852 5531 1056 5596 Repulsarlum,
1139 5541 1189 5604 (till
1215 5539 1292 5602 lime,
1310 5543 1340 5590 ut
1363 5553 1431 5591 sane
1452 5538 1577 5602 decebat,
1597 5539 1632 5590 ad
1655 5549 1731 5589 stram
1754 5527 1830 5584 metiti
1851 5521 1895 5575 etri
1963 5573 1964 5584 ,

243 5601 497 5656 constitutionarios
523 5599 705 5665 vulgaritatis,
736 5600 919 5666 llumirorum,
942 5605 1057 5668 probro·
1107 5617 1226 5676 olorem,
1242 5611 1410 5664 remittenda
1425 5617 1509 5677 nique
1524 5624 1575 5662 suo
1595 5611 1700 5662 auctori
1719 5604 1833 5669 legitimo
1852 5593 1895 5644 od·

244 5676 343 5737 sitatis,
372 5672 526 5739 participia,
560 5671 687 5735 adunari,
719 5673 863 5738 vonifloat,
892 5679 1056 5742 egestosum,
1107 5681 1254 5736 scribenda
1271 5684 1405 5750 opuscula
1417 5684 1446 5734 in
1464 5684 1581 5750 hujusce
1595 5679 1768 5735 Bibliothecae
1781 5673 1891 5728 decumo,

243 5747 429 5809 procurativo,
443 5743 602 5806 absentasti,
620 5748 684 5807 etc,
700 5747 917 5812 conjugaliter.»
1106 5755 1166 5810 1300
1178 5757 1297 5822 lacento,
1312 5755 1484 5808 curabimus,
1498 5753 1571 5812 Eoo,

278 5818 327 5888 lli)
342 5817 405 5871 vid.
421 5817 485 5874 litet.
505 5815 624 5884 llteoloy.
637 5814 737 5880 critic,
753 5821 818 5870 tom.
831 5819 879 5886 lii,
895 5819 926 5872 de
947 5821 1059 5888 Scriptis
