<?xml version="1.0" encoding="UTF-8"?>
<!DOCTYPE html PUBLIC "-//W3C//DTD XHTML 1.0 Transitional//EN"
    "http://www.w3.org/TR/xhtml1/DTD/xhtml1-transitional.dtd">
<html xmlns="http://www.w3.org/1999/xhtml" xml:lang="en" lang="en">
 <head>
  <title>
</title>
<meta http-equiv="Content-Type" content="text/html;charset=utf-8" />
  <meta name='ocr-system' content='tesseract 3.04.00' />
  <meta name='ocr-capabilities' content='ocr_page ocr_carea ocr_par ocr_line ocrx_word'/>
</head>
<body>
  <div class='ocr_page' id='page_1' title='image "./patrologiaecurs85unkngoog_0434.png"; bbox 0 0 4012 6192; ppageno 0'>
   <div class='ocr_carea' id='block_1_1' title="bbox 131 265 1808 333">
    <p class='ocr_par' dir='ltr' id='par_1_1' title="bbox 131 265 1808 333">
     <span class='ocr_line' id='line_1_1' title="bbox 131 265 1808 333; baseline 0.001 -3"><span class='ocrx_word' id='word_1_1' title='bbox 131 269 181 331; x_wconf 78' lang='lat' dir='ltr'><strong>tei</strong></span> <span class='ocrx_word' id='word_1_2' title='bbox 593 265 694 328; x_wconf 78' lang='lat' dir='ltr'><strong>LIBER</strong></span> <span class='ocrx_word' id='word_1_3' title='bbox 714 269 758 328; x_wconf 81' lang='lat' dir='ltr'><strong>DE</strong></span> <span class='ocrx_word' id='word_1_4' title='bbox 777 268 960 332; x_wconf 72' lang='lat' dir='ltr'><strong>nrutrtint</strong></span> <span class='ocrx_word' id='word_1_5' title='bbox 981 270 1023 330; x_wconf 81' lang='lat' dir='ltr'><strong>tr</strong></span> <span class='ocrx_word' id='word_1_6' title='bbox 1043 271 1131 332; x_wconf 87' lang='lat' dir='ltr'>BONO</span> <span class='ocrx_word' id='word_1_7' title='bbox 1149 265 1336 333; x_wconf 70' lang='lat' dir='ltr'><strong>runrutrie.</strong></span> <span class='ocrx_word' id='word_1_8' title='bbox 1756 265 1808 332; x_wconf 72' lang='lat'><strong>838</strong></span> 
     </span>
    </p>
   </div>
   <div class='ocr_carea' id='block_1_2' title="bbox 116 393 1807 3120">
    <p class='ocr_par' dir='ltr' id='par_1_2' title="bbox 129 393 1807 668">
     <span class='ocr_line' id='line_1_2' title="bbox 130 393 1806 482; baseline 0.001 -27"><span class='ocrx_word' id='word_1_9' title='bbox 130 397 262 456; x_wconf 89' lang='lat' dir='ltr'><strong>dominus</strong></span> <span class='ocrx_word' id='word_1_10' title='bbox 281 393 397 454; x_wconf 74' lang='lat' dir='ltr'><strong>effectus</strong></span> <span class='ocrx_word' id='word_1_11' title='bbox 421 396 463 452; x_wconf 92' lang='lat' dir='ltr'><strong>est</strong></span> <span class='ocrx_word' id='word_1_12' title='bbox 487 414 494 452; x_wconf 78' lang='grc' dir='ltr'><strong>ι</strong></span> <span class='ocrx_word' id='word_1_13' title='bbox 521 397 703 468; x_wconf 75' lang='lat' dir='ltr'><strong>generositati</strong></span> <span class='ocrx_word' id='word_1_14' title='bbox 722 411 781 452; x_wconf 74' lang='lat' dir='ltr'><strong>suas</strong></span> <span class='ocrx_word' id='word_1_15' title='bbox 804 397 941 464; x_wconf 88' lang='lat' dir='ltr'><strong>redditus,</strong></span> <span class='ocrx_word' id='word_1_16' title='bbox 956 396 1192 482; x_wconf 40' lang='lat' dir='ltr'><strong>&amp;illustraretun</strong></span> <span class='ocrx_word' id='word_1_17' title='bbox 1209 398 1296 456; x_wconf 86' lang='lat' dir='ltr'><strong>altera</strong></span> <span class='ocrx_word' id='word_1_18' title='bbox 1315 399 1466 458; x_wconf 89' lang='lat' dir='ltr'><strong>concordia</strong></span> <span class='ocrx_word' id='word_1_19' title='bbox 1485 397 1580 457; x_wconf 88' lang='lat' dir='ltr'><strong>mariti</strong></span> <span class='ocrx_word' id='word_1_20' title='bbox 1597 399 1692 456; x_wconf 82' lang='lat' dir='ltr'><strong>dotato</strong></span> <span class='ocrx_word' id='word_1_21' title='bbox 1707 397 1806 457; x_wconf 87' lang='lat' dir='ltr'><strong>inimi·</strong></span> 
     </span>
     <span class='ocr_line' id='line_1_3' title="bbox 129 493 1807 568; baseline -0.001 -17"><span class='ocrx_word' id='word_1_22' title='bbox 129 497 252 552; x_wconf 85' lang='lat' dir='ltr'><strong>trucium</strong></span> <span class='ocrx_word' id='word_1_23' title='bbox 268 494 412 568; x_wconf 77' lang='lat' dir='ltr'><strong>pudicitie-</strong></span> <span class='ocrx_word' id='word_1_24' title='bbox 429 497 457 548; x_wconf 88' lang='lat' dir='ltr'><strong>et</strong></span> <span class='ocrx_word' id='word_1_25' title='bbox 470 493 652 565; x_wconf 73' lang='lat' dir='ltr'><strong>innocentiae,</strong></span> <span class='ocrx_word' id='word_1_26' title='bbox 668 496 722 552; x_wconf 85' lang='lat' dir='ltr'><strong>lieo</strong></span> <span class='ocrx_word' id='word_1_27' title='bbox 732 493 840 566; x_wconf 84' lang='lat' dir='ltr'><strong>judice,</strong></span> <span class='ocrx_word' id='word_1_28' title='bbox 856 511 871 549; x_wconf 91' lang='lat' dir='ltr'><strong>a</strong></span> <span class='ocrx_word' id='word_1_29' title='bbox 885 509 941 566; x_wconf 88' lang='lat' dir='ltr'><strong>quo</strong></span> <span class='ocrx_word' id='word_1_30' title='bbox 992 509 1090 549; x_wconf 90' lang='lat' dir='ltr'><strong>corum</strong></span> <span class='ocrx_word' id='word_1_31' title='bbox 1115 495 1254 550; x_wconf 83' lang='lat' dir='ltr'><strong>mortibus</strong></span> <span class='ocrx_word' id='word_1_32' title='bbox 1275 495 1471 552; x_wconf 66' lang='lat' dir='ltr'><strong>redimeretur.</strong></span> <span class='ocrx_word' id='word_1_33' title='bbox 1488 496 1552 552; x_wconf 80' lang='lat' dir='ltr'><strong>ties</strong></span> <span class='ocrx_word' id='word_1_34' title='bbox 1572 497 1639 551; x_wconf 87' lang='lat' dir='ltr'><strong>sunt</strong></span> <span class='ocrx_word' id='word_1_35' title='bbox 1659 500 1686 550; x_wconf 86' lang='lat' dir='ltr'><strong>et</strong></span> <span class='ocrx_word' id='word_1_36' title='bbox 1709 495 1752 551; x_wconf 89' lang='lat' dir='ltr'><strong>his</strong></span> <span class='ocrx_word' id='word_1_37' title='bbox 1772 495 1807 550; x_wconf 91' lang='lat' dir='ltr'><strong>si·</strong></span> 
     </span>
     <span class='ocr_line' id='line_1_4' title="bbox 129 590 1803 668; baseline 0.001 -22"><span class='ocrx_word' id='word_1_38' title='bbox 129 595 283 658; x_wconf 84' lang='lat' dir='ltr'><strong>meruerat,</strong></span> <span class='ocrx_word' id='word_1_39' title='bbox 299 590 418 662; x_wconf 86' lang='lat' dir='ltr'><strong>accepit.</strong></span> <span class='ocrx_word' id='word_1_40' title='bbox 992 593 1071 648; x_wconf 89' lang='lat' dir='ltr'><strong>milia</strong></span> <span class='ocrx_word' id='word_1_41' title='bbox 1086 609 1198 664; x_wconf 90' lang='lat' dir='ltr'><strong>semper</strong></span> <span class='ocrx_word' id='word_1_42' title='bbox 1213 593 1293 648; x_wconf 87' lang='lat' dir='ltr'><strong>nohis</strong></span> <span class='ocrx_word' id='word_1_43' title='bbox 1307 599 1372 650; x_wconf 85' lang='lat' dir='ltr'><strong>anta</strong></span> <span class='ocrx_word' id='word_1_44' title='bbox 1387 595 1484 650; x_wconf 82' lang='lat' dir='ltr'><strong>ocrrlos</strong></span> <span class='ocrx_word' id='word_1_45' title='bbox 1503 595 1635 668; x_wconf 82' lang='lat' dir='ltr'><strong>exempta</strong></span> <span class='ocrx_word' id='word_1_46' title='bbox 1654 593 1803 668; x_wconf 86' lang='lat' dir='ltr'><strong>ponenda,</strong></span> 
     </span>
    </p>

    <p class='ocr_par' dir='ltr' id='par_1_3' title="bbox 117 683 1804 2936">
     <span class='ocr_line' id='line_1_5' title="bbox 162 683 1630 760; baseline 0.001 -18"><span class='ocrx_word' id='word_1_47' title='bbox 162 685 205 742; x_wconf 82' lang='lat' dir='ltr'><strong>IX.</strong></span> <span class='ocrx_word' id='word_1_48' title='bbox 233 685 289 741; x_wconf 86' lang='lat' dir='ltr'><strong>Sed</strong></span> <span class='ocrx_word' id='word_1_49' title='bbox 318 701 374 740; x_wconf 88' lang='lat' dir='ltr'><strong>non</strong></span> <span class='ocrx_word' id='word_1_50' title='bbox 405 685 510 754; x_wconf 92' lang='lat' dir='ltr'><strong>minus,</strong></span> <span class='ocrx_word' id='word_1_51' title='bbox 542 699 577 740; x_wconf 88' lang='lat' dir='ltr'><strong>ex</strong></span> <span class='ocrx_word' id='word_1_52' title='bbox 605 687 685 756; x_wconf 88' lang='lat' dir='ltr'><strong>parte</strong></span> <span class='ocrx_word' id='word_1_53' title='bbox 715 684 836 752; x_wconf 84' lang='lat' dir='ltr'><strong>diversa,</strong></span> <span class='ocrx_word' id='word_1_54' title='bbox 865 683 941 739; x_wconf 88' lang='lat' dir='ltr'><strong>aliud</strong></span> <span class='ocrx_word' id='word_1_55' title='bbox 991 685 1630 760; x_wconf 84' lang='lat' dir='ltr'><strong>hisperiadiebusnoctihusquomeditonda.</strong></span> 
     </span>
     <span class='ocr_line' id='line_1_6' title="bbox 126 777 1803 855; baseline 0 -21"><span class='ocrx_word' id='word_1_56' title='bbox 126 779 210 834; x_wconf 90' lang='lat' dir='ltr'><strong>nubis</strong></span> <span class='ocrx_word' id='word_1_57' title='bbox 231 779 376 851; x_wconf 75' lang='lat' dir='ltr'><strong>pudicitiae</strong></span> <span class='ocrx_word' id='word_1_58' title='bbox 400 779 491 835; x_wconf 88' lang='lat' dir='ltr'><strong>simile</strong></span> <span class='ocrx_word' id='word_1_59' title='bbox 513 779 548 834; x_wconf 92' lang='lat' dir='ltr'><strong>de</strong></span> <span class='ocrx_word' id='word_1_60' title='bbox 571 778 747 834; x_wconf 85' lang='lat' dir='ltr'><strong>continentia</strong></span> <span class='ocrx_word' id='word_1_61' title='bbox 768 777 940 834; x_wconf 75' lang='lat' dir='ltr'><strong>feminarum</strong></span> <span class='ocrx_word' id='word_1_62' title='bbox 1026 783 1068 839; x_wconf 81' lang='lat' dir='ltr'><strong>xi.</strong></span> <span class='ocrx_word' id='word_1_63' title='bbox 1083 782 1156 838; x_wconf 79' lang='lat' dir='ltr'><strong>Nihil</strong></span> <span class='ocrx_word' id='word_1_64' title='bbox 1178 782 1306 838; x_wconf 85' lang='lat' dir='ltr'><strong>animum</strong></span> <span class='ocrx_word' id='word_1_65' title='bbox 1324 782 1440 838; x_wconf 80' lang='lat' dir='ltr'><strong>fidelem</strong></span> <span class='ocrx_word' id='word_1_66' title='bbox 1458 782 1498 837; x_wconf 86' lang='lat' dir='ltr'><strong>sie</strong></span> <span class='ocrx_word' id='word_1_67' title='bbox 1513 781 1641 848; x_wconf 80' lang='lat' dir='ltr'><strong>delectat,</strong></span> <span class='ocrx_word' id='word_1_68' title='bbox 1656 799 1743 855; x_wconf 79' lang='lat' dir='ltr'><strong>quern</strong></span> <span class='ocrx_word' id='word_1_69' title='bbox 1758 783 1803 838; x_wconf 88' lang='lat' dir='ltr'><strong>in·</strong></span> 
     </span>
     <span class='ocr_line' id='line_1_7' title="bbox 126 873 1803 950; baseline 0.004 -22"><span class='ocrx_word' id='word_1_70' title='bbox 126 873 253 928; x_wconf 84' lang='lat' dir='ltr'><strong>exoritur</strong></span> <span class='ocrx_word' id='word_1_71' title='bbox 284 875 458 946; x_wconf 83' lang='lat' dir='ltr'><strong>exemplum.</strong></span> <span class='ocrx_word' id='word_1_72' title='bbox 492 874 563 942; x_wconf 81' lang='lat' dir='ltr'><strong>Fuit,</strong></span> <span class='ocrx_word' id='word_1_73' title='bbox 590 879 622 930; x_wconf 90' lang='lat' dir='ltr'><strong>ut</strong></span> <span class='ocrx_word' id='word_1_74' title='bbox 653 873 785 945; x_wconf 87' lang='lat' dir='ltr'><strong>legimus,</strong></span> <span class='ocrx_word' id='word_1_75' title='bbox 810 873 941 929; x_wconf 82' lang='lat' dir='ltr'>Susanna</span> <span class='ocrx_word' id='word_1_76' title='bbox 991 881 1072 950; x_wconf 86' lang='lat' dir='ltr'><strong>tegra</strong></span> <span class='ocrx_word' id='word_1_77' title='bbox 1091 875 1264 932; x_wconf 87' lang='lat' dir='ltr'><strong>immaculati</strong></span> <span class='ocrx_word' id='word_1_78' title='bbox 1286 875 1404 949; x_wconf 85' lang='lat' dir='ltr'><strong>pudoris</strong></span> <span class='ocrx_word' id='word_1_79' title='bbox 1422 875 1605 931; x_wconf 87' lang='lat' dir='ltr'><strong>conscientie.</strong></span> <span class='ocrx_word' id='word_1_80' title='bbox 1622 877 1803 949; x_wconf 83' lang='lat' dir='ltr'><strong>Voluptatem</strong></span> 
     </span>
     <span class='ocr_line' id='line_1_8' title="bbox 129 967 1804 1044; baseline 0.001 -22"><span class='ocrx_word' id='word_1_81' title='bbox 129 969 221 1036; x_wconf 72' lang='lat' dir='ltr'><strong>(Diria,</strong></span> <span class='ocrx_word' id='word_1_82' title='bbox 236 967 296 1039; x_wconf 67' lang='grc' dir='ltr'><strong>ειη)</strong></span> <span class='ocrx_word' id='word_1_83' title='bbox 311 967 369 1024; x_wconf 82' lang='lat' dir='ltr'><strong>filia</strong></span> <span class='ocrx_word' id='word_1_84' title='bbox 385 967 497 1036; x_wconf 82' lang='lat' dir='ltr'><strong>tieteies,</strong></span> <span class='ocrx_word' id='word_1_85' title='bbox 511 984 582 1024; x_wconf 83' lang='lat' dir='ltr'><strong>crxor</strong></span> <span class='ocrx_word' id='word_1_86' title='bbox 594 968 720 1023; x_wconf 87' lang='lat' dir='ltr'><strong>toachim</strong></span> <span class='ocrx_word' id='word_1_87' title='bbox 735 967 938 1038; x_wconf 87' lang='lat' dir='ltr'><strong>pulcherrima,</strong></span> <span class='ocrx_word' id='word_1_88' title='bbox 989 973 1098 1043; x_wconf 81' lang='lat' dir='ltr'><strong>vicisse,</strong></span> <span class='ocrx_word' id='word_1_89' title='bbox 1119 972 1246 1044; x_wconf 79' lang='lat' dir='ltr'><strong>uoluptas</strong></span> <span class='ocrx_word' id='word_1_90' title='bbox 1268 974 1311 1026; x_wconf 92' lang='lat' dir='ltr'><strong>ost</strong></span> <span class='ocrx_word' id='word_1_91' title='bbox 1330 969 1455 1026; x_wconf 85' lang='lat' dir='ltr'><strong>maxima</strong></span> <span class='ocrx_word' id='word_1_92' title='bbox 1472 986 1478 1024; x_wconf 94' lang='lat'>:</span> <span class='ocrx_word' id='word_1_93' title='bbox 1496 985 1549 1024; x_wconf 87' lang='lat' dir='ltr'><strong>nce</strong></span> <span class='ocrx_word' id='word_1_94' title='bbox 1571 970 1629 1025; x_wconf 88' lang='lat' dir='ltr'><strong>ulia</strong></span> <span class='ocrx_word' id='word_1_95' title='bbox 1649 972 1743 1042; x_wconf 85' lang='lat' dir='ltr'><strong>major</strong></span> <span class='ocrx_word' id='word_1_96' title='bbox 1761 977 1804 1027; x_wconf 88' lang='lat' dir='ltr'><strong>est</strong></span> 
     </span>
     <span class='ocr_line' id='line_1_9' title="bbox 126 1061 1800 1140; baseline -0.002 -16"><span class='ocrx_word' id='word_1_97' title='bbox 126 1063 274 1136; x_wconf 83' lang='lat' dir='ltr'><strong>pulchrior</strong></span> <span class='ocrx_word' id='word_1_98' title='bbox 289 1063 426 1121; x_wconf 88' lang='lat' dir='ltr'><strong>moribus.</strong></span> <span class='ocrx_word' id='word_1_99' title='bbox 444 1065 521 1119; x_wconf 86' lang='lat' dir='ltr'><strong>llunc</strong></span> <span class='ocrx_word' id='word_1_100' title='bbox 535 1063 645 1118; x_wconf 87' lang='lat' dir='ltr'><strong>uultum</strong></span> <span class='ocrx_word' id='word_1_101' title='bbox 660 1063 694 1118; x_wconf 85' lang='lat' dir='ltr'><strong>ud</strong></span> <span class='ocrx_word' id='word_1_102' title='bbox 710 1061 845 1118; x_wconf 77' lang='lat' dir='ltr'><strong>decorem</strong></span> <span class='ocrx_word' id='word_1_103' title='bbox 861 1077 939 1117; x_wconf 86' lang='lat' dir='ltr'><strong>eom·</strong></span> <span class='ocrx_word' id='word_1_104' title='bbox 990 1067 1115 1137; x_wconf 83' lang='lat' dir='ltr'><strong>victoris,</strong></span> <span class='ocrx_word' id='word_1_105' title='bbox 1137 1084 1225 1140; x_wconf 81' lang='lat' dir='ltr'><strong>quam</strong></span> <span class='ocrx_word' id='word_1_106' title='bbox 1248 1083 1280 1121; x_wconf 84' lang='lat' dir='ltr'><strong>en</strong></span> <span class='ocrx_word' id='word_1_107' title='bbox 1303 1081 1365 1138; x_wconf 84' lang='lat' dir='ltr'><strong>quae</strong></span> <span class='ocrx_word' id='word_1_108' title='bbox 1387 1065 1421 1121; x_wconf 85' lang='lat' dir='ltr'><strong>de</strong></span> <span class='ocrx_word' id='word_1_109' title='bbox 1443 1063 1645 1136; x_wconf 78' lang='lat' dir='ltr'><strong>cupiditatibus</strong></span> <span class='ocrx_word' id='word_1_110' title='bbox 1667 1065 1800 1121; x_wconf 82' lang='lat' dir='ltr'><strong>retertur.</strong></span> 
     </span>
     <span class='ocr_line' id='line_1_10' title="bbox 125 1156 1801 1231; baseline 0.001 -18"><span class='ocrx_word' id='word_1_111' title='bbox 125 1157 279 1214; x_wconf 86' lang='lat' dir='ltr'><strong>mandabat</strong></span> <span class='ocrx_word' id='word_1_112' title='bbox 298 1157 423 1230; x_wconf 88' lang='lat' dir='ltr'><strong>species;</strong></span> <span class='ocrx_word' id='word_1_113' title='bbox 447 1157 566 1230; x_wconf 81' lang='lat' dir='ltr'><strong>simplex</strong></span> <span class='ocrx_word' id='word_1_114' title='bbox 587 1157 664 1213; x_wconf 92' lang='lat' dir='ltr'><strong>enirn</strong></span> <span class='ocrx_word' id='word_1_115' title='bbox 681 1160 752 1213; x_wconf 89' lang='lat' dir='ltr'><strong>erat.</strong></span> <span class='ocrx_word' id='word_1_116' title='bbox 774 1156 941 1212; x_wconf 82' lang='lat' dir='ltr'><strong>Excolnerat</strong></span> <span class='ocrx_word' id='word_1_117' title='bbox 989 1163 1042 1229; x_wconf 86' lang='lat' dir='ltr'><strong>Qui</strong></span> <span class='ocrx_word' id='word_1_118' title='bbox 1059 1162 1172 1218; x_wconf 81' lang='lat' dir='ltr'><strong>hostem</strong></span> <span class='ocrx_word' id='word_1_119' title='bbox 1187 1161 1262 1229; x_wconf 86' lang='lat' dir='ltr'><strong>vicit,</strong></span> <span class='ocrx_word' id='word_1_120' title='bbox 1276 1160 1379 1217; x_wconf 81' lang='lat' dir='ltr'><strong>tortior</strong></span> <span class='ocrx_word' id='word_1_121' title='bbox 1396 1159 1459 1228; x_wconf 84' lang='lat' dir='ltr'><strong>tuit,</strong></span> <span class='ocrx_word' id='word_1_122' title='bbox 1477 1157 1527 1215; x_wconf 87' lang='lat' dir='ltr'><strong>sed</strong></span> <span class='ocrx_word' id='word_1_123' title='bbox 1546 1158 1653 1226; x_wconf 84' lang='lat' dir='ltr'><strong>ailero;</strong></span> <span class='ocrx_word' id='word_1_124' title='bbox 1669 1159 1719 1231; x_wconf 89' lang='lat' dir='ltr'><strong>qui</strong></span> <span class='ocrx_word' id='word_1_125' title='bbox 1736 1158 1801 1214; x_wconf 88' lang='lat' dir='ltr'><strong>tibi-</strong></span> 
     </span>
     <span class='ocr_line' id='line_1_11' title="bbox 126 1251 1801 1330; baseline 0.001 -23"><span class='ocrx_word' id='word_1_126' title='bbox 126 1251 274 1324; x_wconf 86' lang='lat' dir='ltr'><strong>pudioitia,</strong></span> <span class='ocrx_word' id='word_1_127' title='bbox 299 1257 328 1308; x_wconf 89' lang='lat' dir='ltr'><strong>et</strong></span> <span class='ocrx_word' id='word_1_128' title='bbox 348 1269 415 1308; x_wconf 89' lang='lat' dir='ltr'><strong>cnm</strong></span> <span class='ocrx_word' id='word_1_129' title='bbox 441 1251 579 1323; x_wconf 84' lang='lat' dir='ltr'><strong>pudicitie</strong></span> <span class='ocrx_word' id='word_1_130' title='bbox 604 1253 663 1308; x_wconf 83' lang='lat' dir='ltr'><strong>sola</strong></span> <span class='ocrx_word' id='word_1_131' title='bbox 685 1253 798 1308; x_wconf 82' lang='lat' dir='ltr'><strong>natura.</strong></span> <span class='ocrx_word' id='word_1_132' title='bbox 824 1253 901 1306; x_wconf 77' lang='lat' dir='ltr'><strong>Hunc</strong></span> <span class='ocrx_word' id='word_1_133' title='bbox 924 1266 939 1305; x_wconf 75' lang='grc' dir='ltr'>θ</span> <span class='ocrx_word' id='word_1_134' title='bbox 990 1259 1088 1315; x_wconf 91' lang='lat' dir='ltr'><strong>dinem</strong></span> <span class='ocrx_word' id='word_1_135' title='bbox 1107 1257 1250 1330; x_wconf 84' lang='lat' dir='ltr'><strong>repressit,</strong></span> <span class='ocrx_word' id='word_1_136' title='bbox 1270 1255 1362 1328; x_wconf 88' lang='lat' dir='ltr'><strong>seipso</strong></span> <span class='ocrx_word' id='word_1_137' title='bbox 1381 1254 1480 1310; x_wconf 83' lang='lat' dir='ltr'><strong>tortior</strong></span> <span class='ocrx_word' id='word_1_138' title='bbox 1497 1253 1570 1308; x_wconf 85' lang='lat' dir='ltr'><strong>tuit:</strong></span> <span class='ocrx_word' id='word_1_139' title='bbox 1588 1251 1636 1325; x_wconf 90' lang='lat' dir='ltr'><strong>qui</strong></span> <span class='ocrx_word' id='word_1_140' title='bbox 1653 1251 1801 1310; x_wconf 90' lang='lat' dir='ltr'><strong>inimicum</strong></span> 
     </span>
     <span class='ocr_line' id='line_1_12' title="bbox 125 1345 1803 1428; baseline 0.001 -28"><span class='ocrx_word' id='word_1_141' title='bbox 125 1346 288 1402; x_wconf 83' lang='lat' dir='ltr'><strong>senioribus</strong></span> <span class='ocrx_word' id='word_1_142' title='bbox 302 1347 359 1403; x_wconf 91' lang='lat' dir='ltr'><strong>dno</strong></span> <span class='ocrx_word' id='word_1_143' title='bbox 379 1349 526 1419; x_wconf 86' lang='lat' dir='ltr'><strong>coepernut</strong></span> <span class='ocrx_word' id='word_1_144' title='bbox 548 1345 688 1418; x_wconf 86' lang='lat' dir='ltr'><strong>deperire,</strong></span> <span class='ocrx_word' id='word_1_145' title='bbox 709 1347 780 1402; x_wconf 92' lang='lat' dir='ltr'><strong>nihil</strong></span> <span class='ocrx_word' id='word_1_146' title='bbox 795 1363 939 1403; x_wconf 88' lang='lat' dir='ltr'><strong>memores</strong></span> <span class='ocrx_word' id='word_1_147' title='bbox 989 1354 1149 1428; x_wconf 73' lang='lat' dir='ltr'><strong>prostravit,</strong></span> <span class='ocrx_word' id='word_1_148' title='bbox 1165 1357 1314 1409; x_wconf 85' lang='lat' dir='ltr'><strong>externum</strong></span> <span class='ocrx_word' id='word_1_149' title='bbox 1333 1351 1445 1407; x_wconf 84' lang='lat' dir='ltr'><strong>hostem</strong></span> <span class='ocrx_word' id='word_1_150' title='bbox 1462 1347 1614 1422; x_wconf 68' lang='lat' dir='ltr'><strong>peremne</strong></span> <span class='ocrx_word' id='word_1_151' title='bbox 1630 1347 1679 1420; x_wconf 91' lang='lat' dir='ltr'><strong>qui</strong></span> <span class='ocrx_word' id='word_1_152' title='bbox 1696 1345 1803 1418; x_wconf 89' lang='lat' dir='ltr'><strong>cupidi·</strong></span> 
     </span>
     <span class='ocr_line' id='line_1_13' title="bbox 124 1440 1799 1520; baseline -0.006 -14"><span class='ocrx_word' id='word_1_153' title='bbox 124 1457 176 1496; x_wconf 73' lang='lat'><strong>110⁰</strong></span> <span class='ocrx_word' id='word_1_154' title='bbox 194 1440 417 1511; x_wconf 63' lang='lat' dir='ltr'><strong>dilissiiimffl&#39;ss,</strong></span> <span class='ocrx_word' id='word_1_155' title='bbox 433 1441 483 1496; x_wconf 68' lang='lat' dir='ltr'><strong>ted</strong></span> <span class='ocrx_word' id='word_1_156' title='bbox 498 1457 552 1498; x_wconf 65' lang='lat'><strong>11⁶⁰</strong></span> <span class='ocrx_word' id='word_1_157' title='bbox 570 1457 627 1496; x_wconf 72' lang='lat' dir='ltr'><strong>³1¹oe</strong></span> <span class='ocrx_word' id='word_1_158' title='bbox 642 1441 795 1513; x_wconf 67' lang='lat' dir='ltr'><strong>flssllisjam</strong></span> <span class='ocrx_word' id='word_1_159' title='bbox 816 1458 937 1497; x_wconf 64' lang='lat' dir='ltr'><strong>maletis·</strong></span> <span class='ocrx_word' id='word_1_160' title='bbox 990 1454 1076 1506; x_wconf 83' lang='lat' dir='ltr'><strong>tatem</strong></span> <span class='ocrx_word' id='word_1_161' title='bbox 1108 1447 1257 1520; x_wconf 83' lang='lat' dir='ltr'><strong>depressit,</strong></span> <span class='ocrx_word' id='word_1_162' title='bbox 1288 1446 1398 1501; x_wconf 88' lang='lat' dir='ltr'><strong>hostem</strong></span> <span class='ocrx_word' id='word_1_163' title='bbox 1430 1443 1618 1499; x_wconf 86' lang='lat' dir='ltr'><strong>domesticum</strong></span> <span class='ocrx_word' id='word_1_164' title='bbox 1645 1441 1799 1514; x_wconf 84' lang='lat' dir='ltr'><strong>superavit.</strong></span> 
     </span>
     <span class='ocr_line' id='line_1_14' title="bbox 123 1533 1800 1612; baseline 0.001 -22"><span class='ocrx_word' id='word_1_165' title='bbox 123 1534 213 1590; x_wconf 78' lang='lat' dir='ltr'><strong>centis</strong></span> <span class='ocrx_word' id='word_1_166' title='bbox 229 1535 337 1602; x_wconf 63' lang='lat' dir='ltr'><strong>celatim</strong></span> <span class='ocrx_word' id='word_1_167' title='bbox 360 1535 399 1590; x_wconf 87' lang='lat' dir='ltr'><strong>ita</strong></span> <span class='ocrx_word' id='word_1_168' title='bbox 420 1533 479 1591; x_wconf 89' lang='lat' dir='ltr'><strong>ilios</strong></span> <span class='ocrx_word' id='word_1_169' title='bbox 500 1535 529 1589; x_wconf 92' lang='lat' dir='ltr'><strong>in</strong></span> <span class='ocrx_word' id='word_1_170' title='bbox 550 1535 701 1606; x_wconf 86' lang='lat' dir='ltr'><strong>flagrantia</strong></span> <span class='ocrx_word' id='word_1_171' title='bbox 719 1538 871 1590; x_wconf 71' lang='lat' dir='ltr'><strong>transactae</strong></span> <span class='ocrx_word' id='word_1_172' title='bbox 890 1536 937 1607; x_wconf 86' lang='lat' dir='ltr'><strong>ju·</strong></span> <span class='ocrx_word' id='word_1_173' title='bbox 987 1545 1089 1600; x_wconf 72' lang='lat' dir='ltr'><strong>itatem</strong></span> <span class='ocrx_word' id='word_1_174' title='bbox 1105 1559 1190 1598; x_wconf 78' lang='lat' dir='ltr'><strong>enine</strong></span> <span class='ocrx_word' id='word_1_175' title='bbox 1204 1541 1314 1596; x_wconf 80' lang='lat' dir='ltr'><strong>facilins</strong></span> <span class='ocrx_word' id='word_1_176' title='bbox 1326 1539 1450 1595; x_wconf 77' lang='lat' dir='ltr'><strong>vincitur</strong></span> <span class='ocrx_word' id='word_1_177' title='bbox 1463 1553 1550 1612; x_wconf 88' lang='lat' dir='ltr'><strong>quum</strong></span> <span class='ocrx_word' id='word_1_178' title='bbox 1564 1537 1714 1609; x_wconf 83' lang='lat' dir='ltr'><strong>voluptas:</strong></span> <span class='ocrx_word' id='word_1_179' title='bbox 1733 1536 1800 1607; x_wconf 84' lang='lat' dir='ltr'><strong>quia</strong></span> 
     </span>
     <span class='ocr_line' id='line_1_15' title="bbox 122 1627 1797 1710; baseline 0.005 -30"><span class='ocrx_word' id='word_1_180' title='bbox 122 1628 245 1684; x_wconf 78' lang='lat' dir='ltr'><strong>vertutis</strong></span> <span class='ocrx_word' id='word_1_181' title='bbox 265 1629 407 1694; x_wconf 85' lang='lat' dir='ltr'><strong>incendia,</strong></span> <span class='ocrx_word' id='word_1_182' title='bbox 428 1627 559 1684; x_wconf 72' lang='lat' dir='ltr'><strong>redivivus</strong></span> <span class='ocrx_word' id='word_1_183' title='bbox 577 1629 704 1684; x_wconf 89' lang='lat' dir='ltr'><strong>lihidinis</strong></span> <span class='ocrx_word' id='word_1_184' title='bbox 722 1629 838 1684; x_wconf 82' lang='lat' dir='ltr'><strong>damma</strong></span> <span class='ocrx_word' id='word_1_185' title='bbox 856 1645 922 1686; x_wconf 84' lang='lat' dir='ltr'><strong>ruvo</strong></span> <span class='ocrx_word' id='word_1_186' title='bbox 988 1639 1056 1694; x_wconf 89' lang='lat' dir='ltr'><strong>iilud</strong></span> <span class='ocrx_word' id='word_1_187' title='bbox 1070 1638 1205 1710; x_wconf 87' lang='lat' dir='ltr'><strong>quicquid</strong></span> <span class='ocrx_word' id='word_1_188' title='bbox 1219 1643 1271 1704; x_wconf 88' lang='lat' dir='ltr'><strong>est,</strong></span> <span class='ocrx_word' id='word_1_189' title='bbox 1287 1634 1435 1692; x_wconf 89' lang='lat' dir='ltr'><strong>horridum</strong></span> <span class='ocrx_word' id='word_1_190' title='bbox 1450 1637 1507 1700; x_wconf 87' lang='lat' dir='ltr'><strong>est;</strong></span> <span class='ocrx_word' id='word_1_191' title='bbox 1523 1633 1578 1687; x_wconf 88' lang='lat' dir='ltr'><strong>hoc</strong></span> <span class='ocrx_word' id='word_1_192' title='bbox 1592 1629 1730 1687; x_wconf 84' lang='lat' dir='ltr'><strong>blandum</strong></span> <span class='ocrx_word' id='word_1_193' title='bbox 1744 1634 1797 1687; x_wconf 79' lang='lat' dir='ltr'><strong>cst.</strong></span> 
     </span>
     <span class='ocr_line' id='line_1_16' title="bbox 122 1722 1799 1802; baseline 0.003 -26"><span class='ocrx_word' id='word_1_194' title='bbox 122 1722 205 1776; x_wconf 87' lang='lat' dir='ltr'><strong>cahat</strong></span> <span class='ocrx_word' id='word_1_195' title='bbox 221 1741 227 1777; x_wconf 93' lang='lat'><strong>:</strong></span> <span class='ocrx_word' id='word_1_196' title='bbox 242 1722 386 1794; x_wconf 74' lang='lat' dir='ltr'><strong>pudicitie</strong></span> <span class='ocrx_word' id='word_1_197' title='bbox 406 1722 531 1778; x_wconf 84' lang='lat' dir='ltr'><strong>latrones</strong></span> <span class='ocrx_word' id='word_1_198' title='bbox 546 1739 674 1780; x_wconf 86' lang='lat' dir='ltr'><strong>amorem</strong></span> <span class='ocrx_word' id='word_1_199' title='bbox 690 1723 871 1795; x_wconf 79' lang='lat' dir='ltr'><strong>profitentur,</strong></span> <span class='ocrx_word' id='word_1_200' title='bbox 887 1723 938 1780; x_wconf 88' lang='lat' dir='ltr'><strong>sed</strong></span> <span class='ocrx_word' id='word_1_201' title='bbox 988 1733 1061 1790; x_wconf 80' lang='lat' dir='ltr'><strong>Nihil</strong></span> <span class='ocrx_word' id='word_1_202' title='bbox 1074 1736 1133 1788; x_wconf 76' lang='lat' dir='ltr'><strong>terii</strong></span> <span class='ocrx_word' id='word_1_203' title='bbox 1149 1731 1263 1788; x_wconf 77' lang='lat' dir='ltr'><strong>difneiie</strong></span> <span class='ocrx_word' id='word_1_204' title='bbox 1278 1729 1458 1802; x_wconf 73' lang='lat' dir='ltr'><strong>opprimitur,</strong></span> <span class='ocrx_word' id='word_1_205' title='bbox 1473 1742 1559 1798; x_wconf 90' lang='lat' dir='ltr'><strong>quam</strong></span> <span class='ocrx_word' id='word_1_206' title='bbox 1574 1724 1651 1798; x_wconf 89' lang='lat' dir='ltr'><strong>quod</strong></span> <span class='ocrx_word' id='word_1_207' title='bbox 1666 1741 1718 1797; x_wconf 88' lang='lat' dir='ltr'><strong>per</strong></span> <span class='ocrx_word' id='word_1_208' title='bbox 1729 1724 1799 1780; x_wconf 89' lang='lat' dir='ltr'><strong>illud</strong></span> 
     </span>
     <span class='ocr_line' id='line_1_17' title="bbox 122 1818 1797 1896; baseline -0.001 -22"><span class='ocrx_word' id='word_1_209' title='bbox 122 1820 252 1875; x_wconf 85' lang='lat' dir='ltr'><strong>oderant.</strong></span> <span class='ocrx_word' id='word_1_210' title='bbox 272 1821 422 1876; x_wconf 71' lang='lat' dir='ltr'><strong>desistenti</strong></span> <span class='ocrx_word' id='word_1_211' title='bbox 443 1821 591 1876; x_wconf 89' lang='lat' dir='ltr'><strong>minantur</strong></span> <span class='ocrx_word' id='word_1_212' title='bbox 614 1821 782 1888; x_wconf 77' lang='lat' dir='ltr'><strong>calumnias,</strong></span> <span class='ocrx_word' id='word_1_213' title='bbox 803 1821 938 1878; x_wconf 86' lang='lat' dir='ltr'><strong>adulterii</strong></span> <span class='ocrx_word' id='word_1_214' title='bbox 989 1830 1126 1882; x_wconf 72' lang='lat' dir='ltr'><strong>armetur.</strong></span> <span class='ocrx_word' id='word_1_215' title='bbox 1142 1826 1193 1890; x_wconf 83' lang='lat' dir='ltr'><strong>Qui</strong></span> <span class='ocrx_word' id='word_1_216' title='bbox 1213 1823 1381 1896; x_wconf 87' lang='lat' dir='ltr'><strong>cupiditates</strong></span> <span class='ocrx_word' id='word_1_217' title='bbox 1403 1821 1486 1888; x_wconf 91' lang='lat' dir='ltr'><strong>tollit,</strong></span> <span class='ocrx_word' id='word_1_218' title='bbox 1507 1825 1535 1875; x_wconf 89' lang='lat' dir='ltr'><strong>et</strong></span> <span class='ocrx_word' id='word_1_219' title='bbox 1553 1824 1646 1874; x_wconf 86' lang='lat' dir='ltr'><strong>metus</strong></span> <span class='ocrx_word' id='word_1_220' title='bbox 1665 1818 1797 1884; x_wconf 83' lang='lat' dir='ltr'><strong>sustulit;</strong></span> 
     </span>
     <span class='ocr_line' id='line_1_18' title="bbox 122 1911 1801 1992; baseline -0.001 -24"><span class='ocrx_word' id='word_1_221' title='bbox 122 1931 150 1968; x_wconf 88' lang='lat' dir='ltr'><strong>se</strong></span> <span class='ocrx_word' id='word_1_222' title='bbox 176 1913 278 1969; x_wconf 89' lang='lat' dir='ltr'><strong>dieunt</strong></span> <span class='ocrx_word' id='word_1_223' title='bbox 302 1918 479 1972; x_wconf 84' lang='lat' dir='ltr'><strong>accusatores</strong></span> <span class='ocrx_word' id='word_1_224' title='bbox 512 1921 578 1970; x_wconf 84' lang='lat' dir='ltr'><strong>voto</strong></span> <span class='ocrx_word' id='word_1_225' title='bbox 608 1915 737 1971; x_wconf 87' lang='lat' dir='ltr'><strong>adulteri.</strong></span> <span class='ocrx_word' id='word_1_226' title='bbox 765 1916 841 1971; x_wconf 88' lang='lat' dir='ltr'><strong>inter</strong></span> <span class='ocrx_word' id='word_1_227' title='bbox 867 1931 938 1987; x_wconf 84' lang='lat' dir='ltr'><strong>qiros</strong></span> <span class='ocrx_word' id='word_1_228' title='bbox 988 1935 1056 1976; x_wconf 82' lang='lat' dir='ltr'><strong>nem</strong></span> <span class='ocrx_word' id='word_1_229' title='bbox 1077 1936 1109 1976; x_wconf 84' lang='lat' dir='ltr'><strong>ex</strong></span> <span class='ocrx_word' id='word_1_230' title='bbox 1131 1918 1333 1992; x_wconf 81' lang='lat' dir='ltr'><strong>cupiditatibus</strong></span> <span class='ocrx_word' id='word_1_231' title='bbox 1354 1918 1448 1972; x_wconf 90' lang='lat' dir='ltr'><strong>metus</strong></span> <span class='ocrx_word' id='word_1_232' title='bbox 1470 1915 1596 1970; x_wconf 83' lang='lat' dir='ltr'><strong>veniunt.</strong></span> <span class='ocrx_word' id='word_1_233' title='bbox 1619 1911 1671 1978; x_wconf 82' lang='lat' dir='ltr'><strong>Oui</strong></span> <span class='ocrx_word' id='word_1_234' title='bbox 1692 1911 1801 1984; x_wconf 89' lang='lat' dir='ltr'><strong>cupidi·</strong></span> 
     </span>
     <span class='ocr_line' id='line_1_19' title="bbox 121 2006 1797 2084; baseline -0.001 -22"><span class='ocrx_word' id='word_1_235' title='bbox 121 2007 249 2062; x_wconf 90' lang='lat' dir='ltr'><strong>libidinis</strong></span> <span class='ocrx_word' id='word_1_236' title='bbox 260 2009 391 2080; x_wconf 89' lang='lat' dir='ltr'><strong>scopulos</strong></span> <span class='ocrx_word' id='word_1_237' title='bbox 401 2008 539 2065; x_wconf 84' lang='lat' dir='ltr'><strong>auxilium</strong></span> <span class='ocrx_word' id='word_1_238' title='bbox 552 2009 587 2066; x_wconf 88' lang='lat' dir='ltr'><strong>de</strong></span> <span class='ocrx_word' id='word_1_239' title='bbox 601 2009 721 2066; x_wconf 82' lang='lat' dir='ltr'><strong>Domino</strong></span> <span class='ocrx_word' id='word_1_240' title='bbox 735 2009 859 2081; x_wconf 89' lang='lat' dir='ltr'><strong>petebat,</strong></span> <span class='ocrx_word' id='word_1_241' title='bbox 871 2011 938 2082; x_wconf 87' lang='lat' dir='ltr'><strong>qnia</strong></span> <span class='ocrx_word' id='word_1_242' title='bbox 987 2019 1058 2072; x_wconf 86' lang='lat' dir='ltr'><strong>tates</strong></span> <span class='ocrx_word' id='word_1_243' title='bbox 1071 2015 1167 2082; x_wconf 75' lang='lat' dir='ltr'><strong>vincit,</strong></span> <span class='ocrx_word' id='word_1_244' title='bbox 1182 2013 1217 2068; x_wconf 90' lang='lat' dir='ltr'><strong>de</strong></span> <span class='ocrx_word' id='word_1_245' title='bbox 1232 2015 1346 2084; x_wconf 88' lang='lat' dir='ltr'><strong>peccato</strong></span> <span class='ocrx_word' id='word_1_246' title='bbox 1368 2009 1541 2082; x_wconf 86' lang='lat' dir='ltr'><strong>triumphat;</strong></span> <span class='ocrx_word' id='word_1_247' title='bbox 1559 2007 1608 2079; x_wconf 89' lang='lat' dir='ltr'><strong>qui</strong></span> <span class='ocrx_word' id='word_1_248' title='bbox 1627 2006 1797 2079; x_wconf 85' lang='lat' dir='ltr'><strong>cupiditates</strong></span> 
     </span>
     <span class='ocr_line' id='line_1_20' title="bbox 122 2100 1797 2180; baseline 0.002 -27"><span class='ocrx_word' id='word_1_249' title='bbox 122 2102 227 2157; x_wconf 79' lang='lat' dir='ltr'><strong>viribus</strong></span> <span class='ocrx_word' id='word_1_250' title='bbox 245 2103 373 2173; x_wconf 89' lang='lat' dir='ltr'><strong>corporis</strong></span> <span class='ocrx_word' id='word_1_251' title='bbox 386 2117 547 2174; x_wconf 86' lang='lat' dir='ltr'><strong>repugnare</strong></span> <span class='ocrx_word' id='word_1_252' title='bbox 565 2119 623 2159; x_wconf 91' lang='lat' dir='ltr'><strong>non</strong></span> <span class='ocrx_word' id='word_1_253' title='bbox 639 2104 758 2160; x_wconf 82' lang='lat' dir='ltr'><strong>valebat.</strong></span> <span class='ocrx_word' id='word_1_254' title='bbox 775 2105 809 2161; x_wconf 81' lang='lat' dir='ltr'><strong>tit</strong></span> <span class='ocrx_word' id='word_1_255' title='bbox 822 2103 936 2160; x_wconf 86' lang='lat' dir='ltr'><strong>exaudi·</strong></span> <span class='ocrx_word' id='word_1_256' title='bbox 986 2111 1083 2180; x_wconf 85' lang='lat' dir='ltr'><strong>vineit,</strong></span> <span class='ocrx_word' id='word_1_257' title='bbox 1099 2109 1207 2166; x_wconf 87' lang='lat' dir='ltr'><strong>malurn</strong></span> <span class='ocrx_word' id='word_1_258' title='bbox 1221 2107 1336 2180; x_wconf 83' lang='lat' dir='ltr'><strong>generis</strong></span> <span class='ocrx_word' id='word_1_259' title='bbox 1348 2104 1469 2161; x_wconf 89' lang='lat' dir='ltr'><strong>humani</strong></span> <span class='ocrx_word' id='word_1_260' title='bbox 1481 2103 1532 2158; x_wconf 87' lang='lat' dir='ltr'><strong>sub</strong></span> <span class='ocrx_word' id='word_1_261' title='bbox 1549 2100 1668 2174; x_wconf 89' lang='lat' dir='ltr'><strong>pedibus</strong></span> <span class='ocrx_word' id='word_1_262' title='bbox 1682 2100 1740 2155; x_wconf 90' lang='lat' dir='ltr'><strong>suis</strong></span> <span class='ocrx_word' id='word_1_263' title='bbox 1749 2101 1797 2171; x_wconf 84' lang='lat' dir='ltr'><strong>ju-</strong></span> 
     </span>
     <span class='ocr_line' id='line_1_21' title="bbox 120 2195 1800 2275; baseline 0.003 -26"><span class='ocrx_word' id='word_1_264' title='bbox 120 2197 159 2249; x_wconf 84' lang='lat' dir='ltr'><strong>vit</strong></span> <span class='ocrx_word' id='word_1_265' title='bbox 173 2197 211 2251; x_wconf 88' lang='lat' dir='ltr'><strong>do</strong></span> <span class='ocrx_word' id='word_1_266' title='bbox 225 2196 294 2252; x_wconf 86' lang='lat' dir='ltr'><strong>eoelu</strong></span> <span class='ocrx_word' id='word_1_267' title='bbox 308 2196 481 2252; x_wconf 86' lang='lat' dir='ltr'><strong>clamantem</strong></span> <span class='ocrx_word' id='word_1_268' title='bbox 497 2196 534 2251; x_wconf 86' lang='lat' dir='ltr'><strong>ad</strong></span> <span class='ocrx_word' id='word_1_269' title='bbox 550 2213 580 2252; x_wconf 86' lang='lat' dir='ltr'><strong>se</strong></span> <span class='ocrx_word' id='word_1_270' title='bbox 598 2196 765 2268; x_wconf 79' lang='lat' dir='ltr'><strong>pudicitiam</strong></span> <span class='ocrx_word' id='word_1_271' title='bbox 780 2199 935 2266; x_wconf 59' lang='lat' dir='ltr'><strong>Dominum</strong></span> <span class='ocrx_word' id='word_1_272' title='bbox 987 2223 1052 2262; x_wconf 88' lang='lat' dir='ltr'><strong>eere</strong></span> <span class='ocrx_word' id='word_1_273' title='bbox 1068 2203 1205 2272; x_wconf 82' lang='lat' dir='ltr'><strong>ostendit;</strong></span> <span class='ocrx_word' id='word_1_274' title='bbox 1221 2201 1270 2275; x_wconf 88' lang='lat' dir='ltr'><strong>qni</strong></span> <span class='ocrx_word' id='word_1_275' title='bbox 1284 2200 1452 2273; x_wconf 85' lang='lat' dir='ltr'><strong>cupiditates</strong></span> <span class='ocrx_word' id='word_1_276' title='bbox 1464 2198 1539 2268; x_wconf 81' lang='lat' dir='ltr'><strong>vicit,</strong></span> <span class='ocrx_word' id='word_1_277' title='bbox 1554 2212 1651 2268; x_wconf 88' lang='lat' dir='ltr'><strong>pacem</strong></span> <span class='ocrx_word' id='word_1_278' title='bbox 1668 2195 1722 2252; x_wconf 90' lang='lat' dir='ltr'><strong>sibi</strong></span> <span class='ocrx_word' id='word_1_279' title='bbox 1735 2211 1800 2268; x_wconf 89' lang='lat' dir='ltr'><strong>per-</strong></span> 
     </span>
     <span class='ocr_line' id='line_1_22' title="bbox 121 2289 1798 2373; baseline 0.001 -30"><span class='ocrx_word' id='word_1_280' title='bbox 121 2295 148 2343; x_wconf 87' lang='lat' dir='ltr'><strong>et</strong></span> <span class='ocrx_word' id='word_1_281' title='bbox 167 2306 235 2344; x_wconf 86' lang='lat' dir='ltr'><strong>cnm</strong></span> <span class='ocrx_word' id='word_1_282' title='bbox 257 2289 408 2361; x_wconf 80' lang='lat' dir='ltr'><strong>iniquitate</strong></span> <span class='ocrx_word' id='word_1_283' title='bbox 428 2305 564 2362; x_wconf 87' lang='lat' dir='ltr'><strong>oppressa</strong></span> <span class='ocrx_word' id='word_1_284' title='bbox 585 2291 736 2348; x_wconf 86' lang='lat' dir='ltr'><strong>duceretur</strong></span> <span class='ocrx_word' id='word_1_285' title='bbox 752 2291 788 2348; x_wconf 83' lang='lat' dir='ltr'><strong>ed</strong></span> <span class='ocrx_word' id='word_1_286' title='bbox 809 2309 936 2364; x_wconf 83' lang='lat' dir='ltr'><strong>poeuem;</strong></span> <span class='ocrx_word' id='word_1_287' title='bbox 986 2303 1102 2373; x_wconf 84' lang='lat' dir='ltr'><strong>petuam</strong></span> <span class='ocrx_word' id='word_1_288' title='bbox 1116 2298 1211 2366; x_wconf 77' lang='lat' dir='ltr'><strong>dedit3</strong></span> <span class='ocrx_word' id='word_1_289' title='bbox 1226 2297 1277 2369; x_wconf 90' lang='lat' dir='ltr'><strong>qui</strong></span> <span class='ocrx_word' id='word_1_290' title='bbox 1288 2291 1544 2368; x_wconf 83' lang='lat' dir='ltr'><strong>cupiditatesvicit,</strong></span> <span class='ocrx_word' id='word_1_291' title='bbox 1559 2291 1723 2347; x_wconf 86' lang='lat' dir='ltr'><strong>libertatem</strong></span> <span class='ocrx_word' id='word_1_292' title='bbox 1734 2290 1798 2358; x_wconf 88' lang='lat' dir='ltr'><strong>sibi,</strong></span> 
     </span>
     <span class='ocr_line' id='line_1_23' title="bbox 120 2383 1798 2466; baseline 0.004 -32"><span class='ocrx_word' id='word_1_293' title='bbox 120 2383 188 2438; x_wconf 82' lang='lat' dir='ltr'><strong>cidit</strong></span> <span class='ocrx_word' id='word_1_294' title='bbox 214 2383 396 2438; x_wconf 87' lang='lat' dir='ltr'><strong>inimicorum</strong></span> <span class='ocrx_word' id='word_1_295' title='bbox 421 2383 539 2438; x_wconf 89' lang='lat' dir='ltr'><strong>liberata</strong></span> <span class='ocrx_word' id='word_1_296' title='bbox 561 2385 725 2441; x_wconf 84' lang='lat' dir='ltr'><strong>vindictam.</strong></span> <span class='ocrx_word' id='word_1_297' title='bbox 757 2385 802 2442; x_wconf 82' lang='lat' dir='ltr'><strong>itis</strong></span> <span class='ocrx_word' id='word_1_298' title='bbox 824 2385 934 2456; x_wconf 77' lang='lat' dir='ltr'><strong>victrix,</strong></span> <span class='ocrx_word' id='word_1_299' title='bbox 986 2393 1158 2466; x_wconf 78' lang='lat' dir='ltr'><strong>quodetiam</strong></span> <span class='ocrx_word' id='word_1_300' title='bbox 1172 2393 1213 2446; x_wconf 85' lang='lat' dir='ltr'><strong>est</strong></span> <span class='ocrx_word' id='word_1_301' title='bbox 1229 2389 1363 2460; x_wconf 77' lang='lat' dir='ltr'><strong>ingenuis</strong></span> <span class='ocrx_word' id='word_1_302' title='bbox 1377 2385 1798 2456; x_wconf 75' lang='lat' dir='ltr'><strong>difficillimum,roddit.htedi-</strong></span> 
     </span>
     <span class='ocr_line' id='line_1_24' title="bbox 120 2475 1800 2557; baseline 0.004 -28"><span class='ocrx_word' id='word_1_303' title='bbox 120 2481 146 2530; x_wconf 86' lang='lat' dir='ltr'><strong>et</strong></span> <span class='ocrx_word' id='word_1_304' title='bbox 170 2477 201 2530; x_wconf 91' lang='lat' dir='ltr'><strong>in</strong></span> <span class='ocrx_word' id='word_1_305' title='bbox 230 2475 355 2548; x_wconf 85' lang='lat' dir='ltr'><strong>periculo</strong></span> <span class='ocrx_word' id='word_1_306' title='bbox 383 2492 435 2532; x_wconf 87' lang='lat' dir='ltr'><strong>suo</strong></span> <span class='ocrx_word' id='word_1_307' title='bbox 458 2479 515 2532; x_wconf 85' lang='lat' dir='ltr'><strong>tarn</strong></span> <span class='ocrx_word' id='word_1_308' title='bbox 539 2477 651 2533; x_wconf 77' lang='lat' dir='ltr'><strong>funeste</strong></span> <span class='ocrx_word' id='word_1_309' title='bbox 677 2478 759 2534; x_wconf 84' lang='lat' dir='ltr'><strong>toties</strong></span> <span class='ocrx_word' id='word_1_310' title='bbox 786 2483 934 2551; x_wconf 88' lang='lat' dir='ltr'><strong>consepta,</strong></span> <span class='ocrx_word' id='word_1_311' title='bbox 985 2486 1072 2543; x_wconf 80' lang='lat' dir='ltr'><strong>tende</strong></span> <span class='ocrx_word' id='word_1_312' title='bbox 1093 2503 1163 2557; x_wconf 80' lang='lat' dir='ltr'><strong>erge</strong></span> <span class='ocrx_word' id='word_1_313' title='bbox 1183 2483 1274 2551; x_wconf 91' lang='lat' dir='ltr'><strong>nobis,</strong></span> <span class='ocrx_word' id='word_1_314' title='bbox 1294 2483 1404 2550; x_wconf 83' lang='lat' dir='ltr'><strong>iratres,</strong></span> <span class='ocrx_word' id='word_1_315' title='bbox 1427 2486 1460 2537; x_wconf 89' lang='lat' dir='ltr'><strong>nt</strong></span> <span class='ocrx_word' id='word_1_316' title='bbox 1481 2497 1525 2537; x_wconf 85' lang='lat' dir='ltr'><strong>res</strong></span> <span class='ocrx_word' id='word_1_317' title='bbox 1550 2480 1662 2547; x_wconf 87' lang='lat' dir='ltr'><strong>docent,</strong></span> <span class='ocrx_word' id='word_1_318' title='bbox 1686 2495 1800 2552; x_wconf 89' lang='lat' dir='ltr'><strong>semper</strong></span> 
     </span>
     <span class='ocr_line' id='line_1_25' title="bbox 117 2569 1797 2655; baseline -0.004 -21"><span class='ocrx_word' id='word_1_319' title='bbox 117 2576 144 2624; x_wconf 83' lang='lat' dir='ltr'><strong>cl</strong></span> <span class='ocrx_word' id='word_1_320' title='bbox 167 2569 321 2626; x_wconf 77' lang='lat' dir='ltr'><strong>tibicinem</strong></span> <span class='ocrx_word' id='word_1_321' title='bbox 346 2571 441 2639; x_wconf 78' lang='lat' dir='ltr'><strong>evasit,</strong></span> <span class='ocrx_word' id='word_1_322' title='bbox 464 2574 493 2626; x_wconf 86' lang='lat' dir='ltr'><strong>et</strong></span> <span class='ocrx_word' id='word_1_323' title='bbox 517 2578 647 2627; x_wconf 79' lang='lat' dir='ltr'><strong>mortem.</strong></span> <span class='ocrx_word' id='word_1_324' title='bbox 665 2573 811 2629; x_wconf 80' lang='lat' dir='ltr'><strong>reunitum</strong></span> <span class='ocrx_word' id='word_1_325' title='bbox 835 2573 890 2628; x_wconf 86' lang='lat' dir='ltr'><strong>erit</strong></span> <span class='ocrx_word' id='word_1_326' title='bbox 911 2574 934 2629; x_wconf 86' lang='lat' dir='ltr'><strong>si</strong></span> <span class='ocrx_word' id='word_1_327' title='bbox 985 2579 1120 2655; x_wconf 79' lang='lat' dir='ltr'><strong>pudicitie</strong></span> <span class='ocrx_word' id='word_1_328' title='bbox 1139 2603 1144 2633; x_wconf 85' lang='lat'><strong>:</strong></span> <span class='ocrx_word' id='word_1_329' title='bbox 1162 2595 1218 2652; x_wconf 86' lang='lat' dir='ltr'><strong>quo</strong></span> <span class='ocrx_word' id='word_1_330' title='bbox 1238 2577 1348 2633; x_wconf 82' lang='lat' dir='ltr'><strong>iueitior</strong></span> <span class='ocrx_word' id='word_1_331' title='bbox 1370 2577 1416 2646; x_wconf 87' lang='lat' dir='ltr'><strong>sit,</strong></span> <span class='ocrx_word' id='word_1_332' title='bbox 1440 2574 1526 2630; x_wconf 85' lang='lat' dir='ltr'><strong>nuliis</strong></span> <span class='ocrx_word' id='word_1_333' title='bbox 1547 2575 1656 2631; x_wconf 80' lang='lat' dir='ltr'><strong>artibus</strong></span> <span class='ocrx_word' id='word_1_334' title='bbox 1677 2578 1797 2630; x_wconf 80' lang='lat' dir='ltr'><strong>constet.</strong></span> 
     </span>
     <span class='ocr_line' id='line_1_26' title="bbox 118 2665 1793 2741; baseline -0.004 -12"><span class='ocrx_word' id='word_1_335' title='bbox 118 2665 250 2737; x_wconf 73' lang='lat' dir='ltr'><strong>exempla</strong></span> <span class='ocrx_word' id='word_1_336' title='bbox 276 2681 434 2738; x_wconf 75' lang='lat' dir='ltr'><strong>prosequar</strong></span> <span class='ocrx_word' id='word_1_337' title='bbox 458 2667 555 2737; x_wconf 83' lang='lat' dir='ltr'><strong>ptura;</strong></span> <span class='ocrx_word' id='word_1_338' title='bbox 581 2665 624 2720; x_wconf 88' lang='lat' dir='ltr'><strong>his</strong></span> <span class='ocrx_word' id='word_1_339' title='bbox 651 2667 761 2722; x_wconf 82' lang='lat' dir='ltr'><strong>duobus</strong></span> <span class='ocrx_word' id='word_1_340' title='bbox 783 2669 934 2722; x_wconf 81' lang='lat' dir='ltr'><strong>contentus</strong></span> <span class='ocrx_word' id='word_1_341' title='bbox 983 2677 1051 2741; x_wconf 82' lang='lat' dir='ltr'><strong>Que</strong></span> <span class='ocrx_word' id='word_1_342' title='bbox 1067 2675 1143 2730; x_wconf 78' lang='lat' dir='ltr'><strong>enim</strong></span> <span class='ocrx_word' id='word_1_343' title='bbox 1158 2674 1207 2729; x_wconf 85' lang='lat' dir='ltr'><strong>itis</strong></span> <span class='ocrx_word' id='word_1_344' title='bbox 1220 2673 1417 2728; x_wconf 79' lang='lat' dir='ltr'><strong>consummate</strong></span> <span class='ocrx_word' id='word_1_345' title='bbox 1432 2670 1561 2725; x_wconf 77' lang='lat' dir='ltr'><strong>voluntas</strong></span> <span class='ocrx_word' id='word_1_346' title='bbox 1577 2669 1642 2741; x_wconf 78' lang='lat' dir='ltr'><strong>(tlt,</strong></span> <span class='ocrx_word' id='word_1_347' title='bbox 1661 2684 1724 2740; x_wconf 75' lang='lat' dir='ltr'><strong>que</strong></span> <span class='ocrx_word' id='word_1_348' title='bbox 1739 2667 1793 2723; x_wconf 86' lang='lat' dir='ltr'><strong>nisi</strong></span> 
     </span>
     <span class='ocr_line' id='line_1_27' title="bbox 117 2758 1798 2843; baseline 0.005 -31"><span class='ocrx_word' id='word_1_349' title='bbox 117 2773 190 2825; x_wconf 85' lang='lat' dir='ltr'><strong>sum,</strong></span> <span class='ocrx_word' id='word_1_350' title='bbox 211 2758 368 2830; x_wconf 80' lang='lat' dir='ltr'><strong>presertim</strong></span> <span class='ocrx_word' id='word_1_351' title='bbox 387 2775 451 2814; x_wconf 90' lang='lat' dir='ltr'><strong>cnm</strong></span> <span class='ocrx_word' id='word_1_352' title='bbox 468 2758 602 2814; x_wconf 89' lang='lat' dir='ltr'><strong>omnibns</strong></span> <span class='ocrx_word' id='word_1_353' title='bbox 616 2759 651 2814; x_wconf 92' lang='lat' dir='ltr'><strong>sit</strong></span> <span class='ocrx_word' id='word_1_354' title='bbox 672 2759 777 2815; x_wconf 86' lang='lat' dir='ltr'><strong>viribus</strong></span> <span class='ocrx_word' id='word_1_355' title='bbox 798 2777 850 2834; x_wconf 88' lang='lat' dir='ltr'><strong>per</strong></span> <span class='ocrx_word' id='word_1_356' title='bbox 865 2761 933 2817; x_wconf 86' lang='lat' dir='ltr'><strong>istos</strong></span> <span class='ocrx_word' id='word_1_357' title='bbox 984 2770 1178 2843; x_wconf 73' lang='lat' dir='ltr'><strong>impediretur,</strong></span> <span class='ocrx_word' id='word_1_358' title='bbox 1194 2769 1279 2839; x_wconf 84' lang='lat' dir='ltr'><strong>longe</strong></span> <span class='ocrx_word' id='word_1_359' title='bbox 1300 2768 1352 2833; x_wconf 86' lang='lat' dir='ltr'><strong>est,</strong></span> <span class='ocrx_word' id='word_1_360' title='bbox 1369 2765 1419 2821; x_wconf 92' lang='lat' dir='ltr'><strong>sed</strong></span> <span class='ocrx_word' id='word_1_361' title='bbox 1436 2766 1532 2820; x_wconf 85' lang='lat' dir='ltr'><strong>nostra</strong></span> <span class='ocrx_word' id='word_1_362' title='bbox 1546 2769 1609 2818; x_wconf 80' lang='lat' dir='ltr'><strong>est:</strong></span> <span class='ocrx_word' id='word_1_363' title='bbox 1626 2761 1665 2818; x_wconf 83' lang='lat' dir='ltr'><strong>in</strong></span> <span class='ocrx_word' id='word_1_364' title='bbox 1681 2764 1798 2818; x_wconf 77' lang='lat' dir='ltr'><strong>nonest</strong></span> 
     </span>
     <span class='ocr_line' id='line_1_28' title="bbox 117 2853 1625 2936; baseline -0.003 -20"><span class='ocrx_word' id='word_1_365' title='bbox 117 2853 252 2924; x_wconf 71' lang='lat' dir='ltr'><strong>illdicilil</strong></span> <span class='ocrx_word' id='word_1_366' title='bbox 268 2853 398 2908; x_wconf 61' lang='lat' dir='ltr'><strong>definit·</strong></span> <span class='ocrx_word' id='word_1_367' title='bbox 985 2863 1169 2936; x_wconf 86' lang='lat' dir='ltr'><strong>acquirenda,</strong></span> <span class='ocrx_word' id='word_1_368' title='bbox 1186 2860 1235 2916; x_wconf 89' lang='lat' dir='ltr'><strong>sed</strong></span> <span class='ocrx_word' id='word_1_369' title='bbox 1249 2860 1368 2916; x_wconf 84' lang='lat' dir='ltr'><strong>fovenda</strong></span> <span class='ocrx_word' id='word_1_370' title='bbox 1382 2875 1447 2931; x_wconf 79' lang='lat' dir='ltr'><strong>qum</strong></span> <span class='ocrx_word' id='word_1_371' title='bbox 1464 2861 1560 2914; x_wconf 86' lang='lat' dir='ltr'><strong>nostra</strong></span> <span class='ocrx_word' id='word_1_372' title='bbox 1573 2863 1625 2912; x_wconf 92' lang='lat' dir='ltr'><strong>est.</strong></span> 
     </span>
    </p>

    <p class='ocr_par' dir='ltr' id='par_1_4' title="bbox 116 2950 1797 3120">
     <span class='ocr_line' id='line_1_29' title="bbox 149 2950 1797 3026; baseline -0.001 -21"><span class='ocrx_word' id='word_1_373' title='bbox 149 2952 181 3006; x_wconf 86' lang='grc' dir='ltr'><strong>Χ.</strong></span> <span class='ocrx_word' id='word_1_374' title='bbox 197 2951 259 3006; x_wconf 77' lang='lat' dir='ltr'><strong>lt&#39;on</strong></span> <span class='ocrx_word' id='word_1_375' title='bbox 274 2951 338 3006; x_wconf 78' lang='lat' dir='ltr'><strong>illos</strong></span> <span class='ocrx_word' id='word_1_376' title='bbox 353 2950 481 3006; x_wconf 89' lang='lat' dir='ltr'><strong>emollire</strong></span> <span class='ocrx_word' id='word_1_377' title='bbox 497 2953 588 3024; x_wconf 90' lang='lat' dir='ltr'><strong>potnit</strong></span> <span class='ocrx_word' id='word_1_378' title='bbox 601 2952 629 3008; x_wconf 93' lang='lat' dir='ltr'><strong>in</strong></span> <span class='ocrx_word' id='word_1_379' title='bbox 646 2953 703 3008; x_wconf 86' lang='lat' dir='ltr'><strong>rita</strong></span> <span class='ocrx_word' id='word_1_380' title='bbox 718 2953 849 3026; x_wconf 89' lang='lat' dir='ltr'><strong>generosi</strong></span> <span class='ocrx_word' id='word_1_381' title='bbox 864 2971 930 3009; x_wconf 94' lang='lat' dir='ltr'><strong>san·</strong></span> <span class='ocrx_word' id='word_1_382' title='bbox 1018 2958 1072 3014; x_wconf 85' lang='lat' dir='ltr'><strong>iili.</strong></span> <span class='ocrx_word' id='word_1_383' title='bbox 1094 2956 1164 3022; x_wconf 85' lang='lat' dir='ltr'><strong>Quid</strong></span> <span class='ocrx_word' id='word_1_384' title='bbox 1184 2956 1260 3011; x_wconf 87' lang='lat' dir='ltr'><strong>enirn</strong></span> <span class='ocrx_word' id='word_1_385' title='bbox 1281 2959 1323 3010; x_wconf 86' lang='lat' dir='ltr'><strong>est</strong></span> <span class='ocrx_word' id='word_1_386' title='bbox 1343 2953 1418 3009; x_wconf 89' lang='lat' dir='ltr'><strong>aliud</strong></span> <span class='ocrx_word' id='word_1_387' title='bbox 1442 2951 1590 3026; x_wconf 85' lang='lat' dir='ltr'><strong>pudicitia,</strong></span> <span class='ocrx_word' id='word_1_388' title='bbox 1611 2965 1696 3024; x_wconf 85' lang='lat' dir='ltr'><strong>quum</strong></span> <span class='ocrx_word' id='word_1_389' title='bbox 1714 2965 1797 3004; x_wconf 84' lang='lat' dir='ltr'><strong>mens</strong></span> 
     </span>
     <span class='ocr_line' id='line_1_30' title="bbox 116 3043 1797 3120; baseline 0 -22"><span class='ocrx_word' id='word_1_390' title='bbox 116 3044 213 3114; x_wconf 80' lang='lat' dir='ltr'><strong>guinis</strong></span> <span class='ocrx_word' id='word_1_391' title='bbox 233 3045 507 3118; x_wconf 66' lang='lat' dir='ltr'><strong>momenmentum</strong></span> <span class='ocrx_word' id='word_1_392' title='bbox 525 3047 791 3119; x_wconf 84' lang='lat' dir='ltr'><strong>quosdamlicentia</strong></span> <span class='ocrx_word' id='word_1_393' title='bbox 810 3047 931 3104; x_wconf 80' lang='lat' dir='ltr'><strong>lesciriae</strong></span> <span class='ocrx_word' id='word_1_394' title='bbox 982 3054 1100 3109; x_wconf 84' lang='lat' dir='ltr'><strong>honesta</strong></span> <span class='ocrx_word' id='word_1_395' title='bbox 1125 3051 1159 3107; x_wconf 90' lang='lat' dir='ltr'><strong>ad</strong></span> <span class='ocrx_word' id='word_1_396' title='bbox 1186 3048 1345 3105; x_wconf 85' lang='lat' dir='ltr'><strong>custodiam</strong></span> <span class='ocrx_word' id='word_1_397' title='bbox 1371 3047 1497 3120; x_wconf 88' lang='lat' dir='ltr'><strong>corporis</strong></span> <span class='ocrx_word' id='word_1_398' title='bbox 1519 3048 1605 3113; x_wconf 87' lang='lat' dir='ltr'><strong>data;</strong></span> <span class='ocrx_word' id='word_1_399' title='bbox 1627 3049 1659 3100; x_wconf 92' lang='lat' dir='ltr'><strong>ut</strong></span> <span class='ocrx_word' id='word_1_400' title='bbox 1684 3043 1797 3099; x_wconf 85' lang='lat' dir='ltr'><strong>sexibus</strong></span> 
     </span>
    </p>
   </div>
   <div class='ocr_carea' id='block_1_3' title="bbox 115 3137 1800 3502">
    <p class='ocr_par' dir='ltr' id='par_1_5' title="bbox 115 3137 1800 3502">
     <span class='ocr_line' id='line_1_31' title="bbox 117 3137 1799 3226; baseline -0.001 -33"><span class='ocrx_word' id='word_1_401' title='bbox 117 3145 157 3194; x_wconf 83' lang='lat' dir='ltr'><strong>est</strong></span> <span class='ocrx_word' id='word_1_402' title='bbox 171 3138 304 3195; x_wconf 84' lang='lat' dir='ltr'><strong>ministra</strong></span> <span class='ocrx_word' id='word_1_403' title='bbox 312 3157 321 3209; x_wconf 79' lang='lat'>3</span> <span class='ocrx_word' id='word_1_404' title='bbox 334 3156 391 3194; x_wconf 94' lang='lat' dir='ltr'><strong>non</strong></span> <span class='ocrx_word' id='word_1_405' title='bbox 405 3139 491 3197; x_wconf 87' lang='lat' dir='ltr'><strong>decor</strong></span> <span class='ocrx_word' id='word_1_406' title='bbox 505 3140 640 3212; x_wconf 90' lang='lat' dir='ltr'><strong>corporis,</strong></span> <span class='ocrx_word' id='word_1_407' title='bbox 652 3145 680 3196; x_wconf 92' lang='lat' dir='ltr'><strong>et</strong></span> <span class='ocrx_word' id='word_1_408' title='bbox 691 3145 756 3214; x_wconf 87' lang='lat' dir='ltr'><strong>epte</strong></span> <span class='ocrx_word' id='word_1_409' title='bbox 770 3141 929 3214; x_wconf 89' lang='lat' dir='ltr'><strong>positorum</strong></span> <span class='ocrx_word' id='word_1_410' title='bbox 941 3151 968 3226; x_wconf 80' lang='lat' dir='ltr'>C</span> <span class='ocrx_word' id='word_1_411' title='bbox 981 3145 1110 3202; x_wconf 86' lang='lat' dir='ltr'><strong>redditus</strong></span> <span class='ocrx_word' id='word_1_412' title='bbox 1130 3144 1233 3216; x_wconf 90' lang='lat' dir='ltr'><strong>pudor,</strong></span> <span class='ocrx_word' id='word_1_413' title='bbox 1251 3142 1401 3197; x_wconf 79' lang='lat' dir='ltr'><strong>severitate</strong></span> <span class='ocrx_word' id='word_1_414' title='bbox 1423 3141 1560 3213; x_wconf 88' lang='lat' dir='ltr'><strong>signatus,</strong></span> <span class='ocrx_word' id='word_1_415' title='bbox 1575 3138 1661 3195; x_wconf 88' lang='lat' dir='ltr'><strong>tidem</strong></span> <span class='ocrx_word' id='word_1_416' title='bbox 1680 3137 1799 3195; x_wconf 90' lang='lat' dir='ltr'><strong>honoris</strong></span> 
     </span>
     <span class='ocr_line' id='line_1_32' title="bbox 115 3232 1797 3310; baseline 0 -24"><span class='ocrx_word' id='word_1_417' title='bbox 115 3232 208 3303; x_wconf 85' lang='lat' dir='ltr'><strong>figura</strong></span> <span class='ocrx_word' id='word_1_418' title='bbox 231 3233 440 3304; x_wconf 83' lang='lat' dir='ltr'><strong>membrorum,</strong></span> <span class='ocrx_word' id='word_1_419' title='bbox 463 3251 525 3306; x_wconf 84' lang='lat' dir='ltr'><strong>quae</strong></span> <span class='ocrx_word' id='word_1_420' title='bbox 550 3235 679 3306; x_wconf 79' lang='lat' dir='ltr'><strong>suggerit</strong></span> <span class='ocrx_word' id='word_1_421' title='bbox 698 3236 866 3308; x_wconf 88' lang='lat' dir='ltr'><strong>plerumque</strong></span> <span class='ocrx_word' id='word_1_422' title='bbox 887 3239 928 3307; x_wconf 90' lang='lat' dir='ltr'><strong>nt,</strong></span> <span class='ocrx_word' id='word_1_423' title='bbox 981 3241 1016 3296; x_wconf 91' lang='lat' dir='ltr'><strong>de</strong></span> <span class='ocrx_word' id='word_1_424' title='bbox 1042 3240 1207 3310; x_wconf 86' lang='lat' dir='ltr'><strong>incorrupta</strong></span> <span class='ocrx_word' id='word_1_425' title='bbox 1232 3236 1329 3292; x_wconf 89' lang='lat' dir='ltr'><strong>sobole</strong></span> <span class='ocrx_word' id='word_1_426' title='bbox 1355 3236 1502 3291; x_wconf 80' lang='lat' dir='ltr'><strong>servaret?</strong></span> <span class='ocrx_word' id='word_1_427' title='bbox 1525 3233 1671 3291; x_wconf 74' lang='lat' dir='ltr'><strong>Pudicitia</strong></span> <span class='ocrx_word' id='word_1_428' title='bbox 1691 3237 1797 3296; x_wconf 87' lang='lat' dir='ltr'><strong>autem,</strong></span> 
     </span>
     <span class='ocr_line' id='line_1_33' title="bbox 116 3325 1799 3406; baseline -0.001 -25"><span class='ocrx_word' id='word_1_429' title='bbox 116 3328 198 3398; x_wconf 88' lang='lat' dir='ltr'><strong>quasi</strong></span> <span class='ocrx_word' id='word_1_430' title='bbox 221 3327 272 3381; x_wconf 88' lang='lat' dir='ltr'><strong>ilos</strong></span> <span class='ocrx_word' id='word_1_431' title='bbox 293 3327 418 3399; x_wconf 87' lang='lat' dir='ltr'><strong>quidam,</strong></span> <span class='ocrx_word' id='word_1_432' title='bbox 436 3345 592 3401; x_wconf 88' lang='lat' dir='ltr'><strong>properans</strong></span> <span class='ocrx_word' id='word_1_433' title='bbox 615 3329 748 3385; x_wconf 83' lang='lat' dir='ltr'><strong>velociter</strong></span> <span class='ocrx_word' id='word_1_434' title='bbox 767 3330 929 3386; x_wconf 79' lang='lat' dir='ltr'><strong>transiture</strong></span> <span class='ocrx_word' id='word_1_435' title='bbox 980 3335 1092 3404; x_wconf 85' lang='lat' dir='ltr'><strong>tratres,</strong></span> <span class='ocrx_word' id='word_1_436' title='bbox 1107 3334 1274 3406; x_wconf 88' lang='lat' dir='ltr'><strong>competunt</strong></span> <span class='ocrx_word' id='word_1_437' title='bbox 1288 3336 1317 3386; x_wconf 91' lang='lat' dir='ltr'><strong>et</strong></span> <span class='ocrx_word' id='word_1_438' title='bbox 1331 3329 1437 3402; x_wconf 83' lang='lat' dir='ltr'><strong>cogniti</strong></span> <span class='ocrx_word' id='word_1_439' title='bbox 1450 3331 1516 3384; x_wconf 91' lang='lat' dir='ltr'><strong>sunt</strong></span> <span class='ocrx_word' id='word_1_440' title='bbox 1530 3329 1559 3383; x_wconf 92' lang='lat' dir='ltr'><strong>in</strong></span> <span class='ocrx_word' id='word_1_441' title='bbox 1573 3327 1674 3400; x_wconf 85' lang='lat' dir='ltr'><strong>primis</strong></span> <span class='ocrx_word' id='word_1_442' title='bbox 1688 3325 1799 3382; x_wconf 83' lang='lat' dir='ltr'><strong>divinus</strong></span> 
     </span>
     <span class='ocr_line' id='line_1_34' title="bbox 115 3419 1800 3502; baseline -0.002 -28"><span class='ocrx_word' id='word_1_443' title='bbox 115 3422 207 3476; x_wconf 77' lang='lat' dir='ltr'><strong>aetatis</strong></span> <span class='ocrx_word' id='word_1_444' title='bbox 223 3421 290 3492; x_wconf 79' lang='lat' dir='ltr'><strong>(iii,</strong></span> <span class='ocrx_word' id='word_1_445' title='bbox 306 3427 435 3493; x_wconf 86' lang='lat' dir='ltr'><strong>porrecte</strong></span> <span class='ocrx_word' id='word_1_446' title='bbox 453 3422 603 3494; x_wconf 82' lang='lat' dir='ltr'><strong>uoluptatis</strong></span> <span class='ocrx_word' id='word_1_447' title='bbox 617 3424 763 3478; x_wconf 83' lang='lat' dir='ltr'><strong>occasione</strong></span> <span class='ocrx_word' id='word_1_448' title='bbox 782 3431 927 3495; x_wconf 63' lang='lat' dir='ltr'><strong>pasculum</strong></span> <span class='ocrx_word' id='word_1_449' title='bbox 980 3429 1085 3502; x_wconf 77' lang='lat' dir='ltr'><strong>perier,</strong></span> <span class='ocrx_word' id='word_1_450' title='bbox 1100 3431 1130 3484; x_wconf 82' lang='lat' dir='ltr'><strong>et</strong></span> <span class='ocrx_word' id='word_1_451' title='bbox 1144 3431 1354 3499; x_wconf 74' lang='lat' dir='ltr'><strong>praeeepterum</strong></span> <span class='ocrx_word' id='word_1_452' title='bbox 1370 3426 1467 3480; x_wconf 73' lang='lat' dir='ltr'><strong>ennete</strong></span> <span class='ocrx_word' id='word_1_453' title='bbox 1478 3422 1637 3490; x_wconf 72' lang='lat' dir='ltr'><strong>meditatie,</strong></span> <span class='ocrx_word' id='word_1_454' title='bbox 1648 3427 1677 3478; x_wconf 85' lang='lat' dir='ltr'><strong>et</strong></span> <span class='ocrx_word' id='word_1_455' title='bbox 1688 3419 1800 3476; x_wconf 80' lang='lat' dir='ltr'><strong>enimus</strong></span> 
     </span>
    </p>
   </div>
   <div class='ocr_carea' id='block_1_4' title="bbox 108 3515 1813 4904">
    <p class='ocr_par' dir='ltr' id='par_1_6' title="bbox 108 3515 1813 4904">
     <span class='ocr_line' id='line_1_35' title="bbox 115 3515 1799 3596; baseline 0 -27"><span class='ocrx_word' id='word_1_456' title='bbox 115 3533 171 3570; x_wconf 91' lang='lat' dir='ltr'><strong>non</strong></span> <span class='ocrx_word' id='word_1_457' title='bbox 192 3515 261 3571; x_wconf 87' lang='lat' dir='ltr'><strong>anni</strong></span> <span class='ocrx_word' id='word_1_458' title='bbox 281 3517 364 3587; x_wconf 88' lang='lat' dir='ltr'><strong>primi</strong></span> <span class='ocrx_word' id='word_1_459' title='bbox 386 3516 510 3584; x_wconf 81' lang='lat' dir='ltr'><strong>virentis,</strong></span> <span class='ocrx_word' id='word_1_460' title='bbox 534 3517 582 3573; x_wconf 90' lang='lat' dir='ltr'><strong>sed</strong></span> <span class='ocrx_word' id='word_1_461' title='bbox 603 3517 718 3588; x_wconf 81' lang='lat' dir='ltr'><strong>majoris</strong></span> <span class='ocrx_word' id='word_1_462' title='bbox 737 3517 845 3587; x_wconf 55' lang='lat' dir='ltr'><strong>atatim</strong></span> <span class='ocrx_word' id='word_1_463' title='bbox 865 3535 929 3573; x_wconf 90' lang='lat' dir='ltr'><strong>cum</strong></span> <span class='ocrx_word' id='word_1_464' title='bbox 981 3539 1139 3596; x_wconf 86' lang='lat' dir='ltr'><strong>propensus</strong></span> <span class='ocrx_word' id='word_1_465' title='bbox 1153 3522 1187 3577; x_wconf 89' lang='lat' dir='ltr'><strong>ad</strong></span> <span class='ocrx_word' id='word_1_466' title='bbox 1204 3520 1303 3588; x_wconf 84' lang='lat' dir='ltr'><strong>fldem,</strong></span> <span class='ocrx_word' id='word_1_467' title='bbox 1316 3522 1343 3575; x_wconf 89' lang='lat' dir='ltr'><strong>et</strong></span> <span class='ocrx_word' id='word_1_468' title='bbox 1357 3535 1439 3574; x_wconf 87' lang='lat' dir='ltr'><strong>ruens</strong></span> <span class='ocrx_word' id='word_1_469' title='bbox 1453 3516 1573 3572; x_wconf 88' lang='lat' dir='ltr'><strong>attonitu</strong></span> <span class='ocrx_word' id='word_1_470' title='bbox 1587 3517 1621 3570; x_wconf 90' lang='lat' dir='ltr'><strong>ad</strong></span> <span class='ocrx_word' id='word_1_471' title='bbox 1635 3531 1742 3570; x_wconf 84' lang='lat' dir='ltr'><strong>sueram</strong></span> <span class='ocrx_word' id='word_1_472' title='bbox 1757 3531 1799 3569; x_wconf 91' lang='lat' dir='ltr'><strong>re-</strong></span> 
     </span>
     <span class='ocr_line' id='line_1_36' title="bbox 113 3609 1800 3689; baseline -0.001 -26"><span class='ocrx_word' id='word_1_473' title='bbox 113 3609 193 3666; x_wconf 88' lang='lat' dir='ltr'><strong>rndis</strong></span> <span class='ocrx_word' id='word_1_474' title='bbox 211 3609 305 3665; x_wconf 85' lang='lat' dir='ltr'><strong>adhue</strong></span> <span class='ocrx_word' id='word_1_475' title='bbox 320 3609 435 3683; x_wconf 87' lang='lat' dir='ltr'><strong>sangnis</strong></span> <span class='ocrx_word' id='word_1_476' title='bbox 454 3616 589 3680; x_wconf 76' lang='lat' dir='ltr'><strong>aestuans,</strong></span> <span class='ocrx_word' id='word_1_477' title='bbox 606 3615 716 3667; x_wconf 72' lang='lat' dir='ltr'><strong>naturae</strong></span> <span class='ocrx_word' id='word_1_478' title='bbox 735 3611 863 3666; x_wconf 83' lang='lat' dir='ltr'><strong>dammas</strong></span> <span class='ocrx_word' id='word_1_479' title='bbox 885 3629 930 3668; x_wconf 84' lang='lat' dir='ltr'><strong>ac·</strong></span> <span class='ocrx_word' id='word_1_480' title='bbox 981 3617 1124 3689; x_wconf 83' lang='lat' dir='ltr'><strong>ligiouom</strong></span> <span class='ocrx_word' id='word_1_481' title='bbox 1140 3633 1146 3671; x_wconf 93' lang='lat'>:</span> <span class='ocrx_word' id='word_1_482' title='bbox 1163 3613 1259 3689; x_wconf 81' lang='lat'><strong>826</strong></span> <span class='ocrx_word' id='word_1_483' title='bbox 1277 3613 1381 3669; x_wconf 88' lang='lat' dir='ltr'><strong>deinde</strong></span> <span class='ocrx_word' id='word_1_484' title='bbox 1397 3612 1494 3666; x_wconf 84' lang='lat' dir='ltr'><strong>videre</strong></span> <span class='ocrx_word' id='word_1_485' title='bbox 1509 3627 1543 3666; x_wconf 93' lang='lat' dir='ltr'><strong>ne</strong></span> <span class='ocrx_word' id='word_1_486' title='bbox 1560 3609 1629 3682; x_wconf 91' lang='lat' dir='ltr'><strong>quid</strong></span> <span class='ocrx_word' id='word_1_487' title='bbox 1644 3610 1672 3664; x_wconf 92' lang='lat' dir='ltr'><strong>in</strong></span> <span class='ocrx_word' id='word_1_488' title='bbox 1686 3625 1715 3664; x_wconf 87' lang='lat' dir='ltr'><strong>se</strong></span> <span class='ocrx_word' id='word_1_489' title='bbox 1726 3610 1800 3665; x_wconf 78' lang='lat' dir='ltr'><strong>tritta</strong></span> 
     </span>
     <span class='ocr_line' id='line_1_37' title="bbox 114 3703 1796 3780; baseline -0.001 -21"><span class='ocrx_word' id='word_1_490' title='bbox 114 3705 229 3772; x_wconf 82' lang='lat' dir='ltr'><strong>cerrdal,</strong></span> <span class='ocrx_word' id='word_1_491' title='bbox 256 3709 285 3759; x_wconf 89' lang='lat' dir='ltr'><strong>et</strong></span> <span class='ocrx_word' id='word_1_492' title='bbox 306 3705 336 3758; x_wconf 93' lang='lat' dir='ltr'><strong>in</strong></span> <span class='ocrx_word' id='word_1_493' title='bbox 361 3705 492 3760; x_wconf 87' lang='lat' dir='ltr'><strong>medullis</strong></span> <span class='ocrx_word' id='word_1_494' title='bbox 516 3710 624 3760; x_wconf 84' lang='lat' dir='ltr'><strong>versata</strong></span> <span class='ocrx_word' id='word_1_495' title='bbox 646 3723 719 3760; x_wconf 75' lang='lat' dir='ltr'><strong>caeca</strong></span> <span class='ocrx_word' id='word_1_496' title='bbox 741 3705 875 3761; x_wconf 86' lang='lat' dir='ltr'><strong>incendia</strong></span> <span class='ocrx_word' id='word_1_497' title='bbox 894 3707 929 3762; x_wconf 86' lang='lat' dir='ltr'><strong>ad</strong></span> <span class='ocrx_word' id='word_1_498' title='bbox 981 3706 1414 3780; x_wconf 82' lang='lat' dir='ltr'><strong>modumsculptum(15),nltra</strong></span> <span class='ocrx_word' id='word_1_499' title='bbox 1423 3705 1600 3761; x_wconf 82' lang='lat' dir='ltr'><strong>honestatem</strong></span> <span class='ocrx_word' id='word_1_500' title='bbox 1613 3703 1796 3774; x_wconf 90' lang='lat' dir='ltr'><strong>productum,</strong></span> 
     </span>
     <span class='ocr_line' id='line_1_38' title="bbox 113 3795 1798 3876; baseline -0.001 -24"><span class='ocrx_word' id='word_1_501' title='bbox 113 3797 293 3867; x_wconf 86' lang='lat' dir='ltr'><strong>remedium,</strong></span> <span class='ocrx_word' id='word_1_502' title='bbox 318 3815 418 3855; x_wconf 86' lang='lat' dir='ltr'><strong>rerum</strong></span> <span class='ocrx_word' id='word_1_503' title='bbox 444 3799 530 3854; x_wconf 91' lang='lat' dir='ltr'><strong>etiam</strong></span> <span class='ocrx_word' id='word_1_504' title='bbox 552 3815 603 3871; x_wconf 88' lang='lat' dir='ltr'><strong>per</strong></span> <span class='ocrx_word' id='word_1_505' title='bbox 627 3799 783 3872; x_wconf 89' lang='lat' dir='ltr'><strong>periculum</strong></span> <span class='ocrx_word' id='word_1_506' title='bbox 812 3800 929 3872; x_wconf 88' lang='lat' dir='ltr'><strong>pudoris</strong></span> <span class='ocrx_word' id='word_1_507' title='bbox 981 3804 1094 3876; x_wconf 91' lang='lat' dir='ltr'><strong>nequid</strong></span> <span class='ocrx_word' id='word_1_508' title='bbox 1110 3803 1270 3875; x_wconf 89' lang='lat' dir='ltr'><strong>proditum,</strong></span> <span class='ocrx_word' id='word_1_509' title='bbox 1282 3817 1317 3856; x_wconf 88' lang='lat' dir='ltr'><strong>ne</strong></span> <span class='ocrx_word' id='word_1_510' title='bbox 1332 3800 1398 3872; x_wconf 90' lang='lat' dir='ltr'><strong>quid</strong></span> <span class='ocrx_word' id='word_1_511' title='bbox 1415 3801 1476 3854; x_wconf 87' lang='lat' dir='ltr'><strong>arte</strong></span> <span class='ocrx_word' id='word_1_512' title='bbox 1489 3798 1624 3861; x_wconf 73' lang='lat' dir='ltr'><strong>ilicetum,</strong></span> <span class='ocrx_word' id='word_1_513' title='bbox 1635 3814 1672 3851; x_wconf 90' lang='lat' dir='ltr'><strong>ne</strong></span> <span class='ocrx_word' id='word_1_514' title='bbox 1685 3797 1753 3869; x_wconf 90' lang='lat' dir='ltr'><strong>qnid</strong></span> <span class='ocrx_word' id='word_1_515' title='bbox 1763 3795 1798 3850; x_wconf 92' lang='lat' dir='ltr'><strong>ud</strong></span> 
     </span>
     <span class='ocr_line' id='line_1_39' title="bbox 113 3890 1797 3966; baseline -0.001 -21"><span class='ocrx_word' id='word_1_516' title='bbox 113 3892 186 3946; x_wconf 82' lang='lat' dir='ltr'><strong>itum</strong></span> <span class='ocrx_word' id='word_1_517' title='bbox 205 3911 282 3948; x_wconf 91' lang='lat' dir='ltr'><strong>:non</strong></span> <span class='ocrx_word' id='word_1_518' title='bbox 298 3893 353 3948; x_wconf 83' lang='lat' dir='ltr'><strong>uile</strong></span> <span class='ocrx_word' id='word_1_519' title='bbox 366 3891 462 3966; x_wconf 78' lang='lat'><strong>825</strong></span> <span class='ocrx_word' id='word_1_520' title='bbox 477 3892 649 3953; x_wconf 76' lang='lat' dir='ltr'><strong>latebrarum</strong></span> <span class='ocrx_word' id='word_1_521' title='bbox 664 3894 769 3948; x_wconf 84' lang='lat' dir='ltr'><strong>etsine</strong></span> <span class='ocrx_word' id='word_1_522' title='bbox 787 3894 841 3949; x_wconf 88' lang='lat' dir='ltr'><strong>uilo</strong></span> <span class='ocrx_word' id='word_1_523' title='bbox 860 3911 927 3948; x_wconf 89' lang='lat' dir='ltr'><strong>cun·</strong></span> <span class='ocrx_word' id='word_1_524' title='bbox 979 3897 1141 3963; x_wconf 84' lang='lat' dir='ltr'><strong>irritandos,</strong></span> <span class='ocrx_word' id='word_1_525' title='bbox 1165 3899 1214 3950; x_wconf 89' lang='lat' dir='ltr'><strong>unt</strong></span> <span class='ocrx_word' id='word_1_526' title='bbox 1236 3891 1473 3964; x_wconf 78' lang='lat' dir='ltr'><strong>redintegrandos</strong></span> <span class='ocrx_word' id='word_1_527' title='bbox 1497 3893 1575 3947; x_wconf 87' lang='lat' dir='ltr'><strong>dolos</strong></span> <span class='ocrx_word' id='word_1_528' title='bbox 1595 3890 1797 3946; x_wconf 75' lang='lat' dir='ltr'><strong>lenocinatum.</strong></span> 
     </span>
     <span class='ocr_line' id='line_1_40' title="bbox 112 3984 1796 4062; baseline -0.002 -21"><span class='ocrx_word' id='word_1_529' title='bbox 112 3987 181 4055; x_wconf 85' lang='lat' dir='ltr'><strong>seio,</strong></span> <span class='ocrx_word' id='word_1_530' title='bbox 205 4003 269 4058; x_wconf 73' lang='lat' dir='ltr'><strong>quse</strong></span> <span class='ocrx_word' id='word_1_531' title='bbox 290 3989 351 4041; x_wconf 85' lang='lat' dir='ltr'><strong>tuta</strong></span> <span class='ocrx_word' id='word_1_532' title='bbox 371 3986 541 4058; x_wconf 86' lang='lat' dir='ltr'><strong>quibusdam</strong></span> <span class='ocrx_word' id='word_1_533' title='bbox 561 3993 688 4058; x_wconf 87' lang='lat' dir='ltr'><strong>putatur,</strong></span> <span class='ocrx_word' id='word_1_534' title='bbox 713 3987 841 4056; x_wconf 82' lang='lat' dir='ltr'><strong>occasi03</strong></span> <span class='ocrx_word' id='word_1_535' title='bbox 866 4005 929 4059; x_wconf 74' lang='lat' dir='ltr'><strong>quie</strong></span> <span class='ocrx_word' id='word_1_536' title='bbox 979 3993 1041 4047; x_wconf 89' lang='lat' dir='ltr'><strong>Non</strong></span> <span class='ocrx_word' id='word_1_537' title='bbox 1063 3996 1104 4047; x_wconf 90' lang='lat' dir='ltr'><strong>est</strong></span> <span class='ocrx_word' id='word_1_538' title='bbox 1121 3988 1225 4062; x_wconf 80' lang='lat' dir='ltr'><strong>pedite</strong></span> <span class='ocrx_word' id='word_1_539' title='bbox 1241 4005 1306 4060; x_wconf 80' lang='lat' dir='ltr'><strong>quae</strong></span> <span class='ocrx_word' id='word_1_540' title='bbox 1322 3986 1435 4042; x_wconf 82' lang='lat' dir='ltr'><strong>affectat</strong></span> <span class='ocrx_word' id='word_1_541' title='bbox 1454 3987 1586 4041; x_wconf 84' lang='lat' dir='ltr'><strong>animum</strong></span> <span class='ocrx_word' id='word_1_542' title='bbox 1602 3984 1718 4040; x_wconf 88' lang='lat' dir='ltr'><strong>alterins</strong></span> <span class='ocrx_word' id='word_1_543' title='bbox 1734 3999 1796 4038; x_wconf 92' lang='lat' dir='ltr'><strong>mo-</strong></span> 
     </span>
     <span class='ocr_line' id='line_1_41' title="bbox 112 4075 1799 4153; baseline -0.002 -19"><span class='ocrx_word' id='word_1_544' title='bbox 112 4081 240 4135; x_wconf 85' lang='lat' dir='ltr'><strong>maxima</strong></span> <span class='ocrx_word' id='word_1_545' title='bbox 257 4081 297 4134; x_wconf 85' lang='lat' dir='ltr'><strong>vis</strong></span> <span class='ocrx_word' id='word_1_546' title='bbox 316 4083 359 4136; x_wconf 91' lang='lat' dir='ltr'><strong>est</strong></span> <span class='ocrx_word' id='word_1_547' title='bbox 375 4080 542 4136; x_wconf 86' lang='lat' dir='ltr'><strong>admittendi</strong></span> <span class='ocrx_word' id='word_1_548' title='bbox 558 4080 680 4150; x_wconf 84' lang='lat' dir='ltr'><strong>sceleris,</strong></span> <span class='ocrx_word' id='word_1_549' title='bbox 702 4096 766 4136; x_wconf 88' lang='lat' dir='ltr'><strong>cum</strong></span> <span class='ocrx_word' id='word_1_550' title='bbox 785 4081 928 4136; x_wconf 87' lang='lat' dir='ltr'><strong>delibera·</strong></span> <span class='ocrx_word' id='word_1_551' title='bbox 979 4101 1057 4151; x_wconf 86' lang='lat' dir='ltr'><strong>vere,</strong></span> <span class='ocrx_word' id='word_1_552' title='bbox 1081 4085 1167 4139; x_wconf 82' lang='lat' dir='ltr'><strong>eliam</strong></span> <span class='ocrx_word' id='word_1_553' title='bbox 1189 4083 1264 4137; x_wconf 85' lang='lat' dir='ltr'><strong>salva</strong></span> <span class='ocrx_word' id='word_1_554' title='bbox 1287 4081 1415 4153; x_wconf 88' lang='lat' dir='ltr'><strong>corporis</strong></span> <span class='ocrx_word' id='word_1_555' title='bbox 1437 4081 1577 4135; x_wconf 86' lang='lat' dir='ltr'><strong>castitate.</strong></span> <span class='ocrx_word' id='word_1_556' title='bbox 1596 4081 1690 4149; x_wconf 87' lang='lat' dir='ltr'><strong>Longe</strong></span> <span class='ocrx_word' id='word_1_557' title='bbox 1705 4075 1799 4132; x_wconf 84' lang='lat' dir='ltr'><strong>absint</strong></span> 
     </span>
     <span class='ocr_line' id='line_1_42' title="bbox 111 4170 1796 4250; baseline -0.002 -22"><span class='ocrx_word' id='word_1_558' title='bbox 111 4175 241 4230; x_wconf 86' lang='lat' dir='ltr'><strong>tionibus</strong></span> <span class='ocrx_word' id='word_1_559' title='bbox 256 4174 378 4228; x_wconf 89' lang='lat' dir='ltr'><strong>occurrit</strong></span> <span class='ocrx_word' id='word_1_560' title='bbox 397 4174 561 4245; x_wconf 80' lang='lat' dir='ltr'><strong>impunitas.</strong></span> <span class='ocrx_word' id='word_1_561' title='bbox 579 4175 639 4228; x_wconf 91' lang='lat' dir='ltr'><strong>Non</strong></span> <span class='ocrx_word' id='word_1_562' title='bbox 664 4175 755 4245; x_wconf 87' lang='lat' dir='ltr'><strong>positu</strong></span> <span class='ocrx_word' id='word_1_563' title='bbox 779 4175 929 4230; x_wconf 88' lang='lat' dir='ltr'><strong>necessitas</strong></span> <span class='ocrx_word' id='word_1_564' title='bbox 980 4178 1085 4250; x_wconf 86' lang='lat' dir='ltr'><strong>quibus</strong></span> <span class='ocrx_word' id='word_1_565' title='bbox 1108 4175 1291 4248; x_wconf 87' lang='lat' dir='ltr'><strong>pulchritudo</strong></span> <span class='ocrx_word' id='word_1_566' title='bbox 1312 4191 1370 4231; x_wconf 92' lang='lat' dir='ltr'><strong>uun</strong></span> <span class='ocrx_word' id='word_1_567' title='bbox 1392 4179 1518 4243; x_wconf 89' lang='lat' dir='ltr'><strong>ornatur,</strong></span> <span class='ocrx_word' id='word_1_568' title='bbox 1535 4172 1583 4227; x_wconf 84' lang='lat' dir='ltr'><strong>sed</strong></span> <span class='ocrx_word' id='word_1_569' title='bbox 1606 4170 1796 4244; x_wconf 84' lang='lat' dir='ltr'><strong>prostituitur.</strong></span> 
     </span>
     <span class='ocr_line' id='line_1_43' title="bbox 111 4263 1813 4344; baseline -0.003 -22"><span class='ocrx_word' id='word_1_570' title='bbox 111 4269 144 4323; x_wconf 87' lang='lat' dir='ltr'><strong>de</strong></span> <span class='ocrx_word' id='word_1_571' title='bbox 163 4267 335 4323; x_wconf 85' lang='lat' dir='ltr'><strong>auctoritate</strong></span> <span class='ocrx_word' id='word_1_572' title='bbox 351 4268 525 4338; x_wconf 85' lang='lat' dir='ltr'><strong>jubentium,</strong></span> <span class='ocrx_word' id='word_1_573' title='bbox 542 4273 572 4323; x_wconf 89' lang='lat' dir='ltr'><strong>ct</strong></span> <span class='ocrx_word' id='word_1_574' title='bbox 589 4268 618 4322; x_wconf 90' lang='lat' dir='ltr'><strong>in</strong></span> <span class='ocrx_word' id='word_1_575' title='bbox 634 4269 793 4324; x_wconf 85' lang='lat' dir='ltr'><strong>temeritate</strong></span> <span class='ocrx_word' id='word_1_576' title='bbox 813 4269 927 4340; x_wconf 86' lang='lat' dir='ltr'><strong>partiei-</strong></span> <span class='ocrx_word' id='word_1_577' title='bbox 980 4273 1051 4326; x_wconf 87' lang='lat' dir='ltr'><strong>Nam</strong></span> <span class='ocrx_word' id='word_1_578' title='bbox 1071 4269 1230 4326; x_wconf 89' lang='lat' dir='ltr'><strong>sollicitudo</strong></span> <span class='ocrx_word' id='word_1_579' title='bbox 1252 4270 1287 4325; x_wconf 90' lang='lat' dir='ltr'><strong>de</strong></span> <span class='ocrx_word' id='word_1_580' title='bbox 1303 4267 1527 4341; x_wconf 86' lang='lat' dir='ltr'><strong>pulchritudine,</strong></span> <span class='ocrx_word' id='word_1_581' title='bbox 1547 4272 1575 4322; x_wconf 87' lang='lat' dir='ltr'><strong>et</strong></span> <span class='ocrx_word' id='word_1_582' title='bbox 1594 4265 1676 4322; x_wconf 76' lang='lat' dir='ltr'><strong>malm</strong></span> <span class='ocrx_word' id='word_1_583' title='bbox 1693 4263 1813 4344; x_wconf 31' lang='lat' dir='ltr'><strong>mentis!</strong></span> 
     </span>
     <span class='ocr_line' id='line_1_44' title="bbox 110 4358 1796 4436; baseline -0.002 -21"><span class='ocrx_word' id='word_1_584' title='bbox 110 4379 181 4434; x_wconf 89' lang='lat' dir='ltr'><strong>pum</strong></span> <span class='ocrx_word' id='word_1_585' title='bbox 199 4369 287 4433; x_wconf 85' lang='lat' dir='ltr'><strong>atque</strong></span> <span class='ocrx_word' id='word_1_586' title='bbox 300 4361 455 4429; x_wconf 81' lang='lat' dir='ltr'><strong>sociorum3</strong></span> <span class='ocrx_word' id='word_1_587' title='bbox 468 4377 525 4434; x_wconf 88' lang='lat' dir='ltr'><strong>quo</strong></span> <span class='ocrx_word' id='word_1_588' title='bbox 536 4377 643 4433; x_wconf 87' lang='lat' dir='ltr'><strong>genere</strong></span> <span class='ocrx_word' id='word_1_589' title='bbox 656 4361 831 4434; x_wconf 84' lang='lat' dir='ltr'><strong>tranguntur</strong></span> <span class='ocrx_word' id='word_1_590' title='bbox 841 4361 929 4418; x_wconf 85' lang='lat' dir='ltr'><strong>etiam</strong></span> <span class='ocrx_word' id='word_1_591' title='bbox 976 4364 1119 4436; x_wconf 88' lang='lat' dir='ltr'><strong>judicium</strong></span> <span class='ocrx_word' id='word_1_592' title='bbox 1134 4373 1162 4420; x_wconf 88' lang='lat' dir='ltr'><strong>et</strong></span> <span class='ocrx_word' id='word_1_593' title='bbox 1175 4363 1366 4420; x_wconf 80' lang='lat' dir='ltr'><strong>deformitatis</strong></span> <span class='ocrx_word' id='word_1_594' title='bbox 1380 4369 1432 4418; x_wconf 90' lang='lat' dir='ltr'><strong>est.</strong></span> <span class='ocrx_word' id='word_1_595' title='bbox 1449 4362 1491 4418; x_wconf 90' lang='lat' dir='ltr'><strong>Sit</strong></span> <span class='ocrx_word' id='word_1_596' title='bbox 1504 4367 1609 4416; x_wconf 88' lang='lat' dir='ltr'><strong>natura</strong></span> <span class='ocrx_word' id='word_1_597' title='bbox 1623 4359 1750 4432; x_wconf 87' lang='lat' dir='ltr'><strong>corporis</strong></span> <span class='ocrx_word' id='word_1_598' title='bbox 1762 4358 1796 4412; x_wconf 91' lang='lat' dir='ltr'><strong>ii-</strong></span> 
     </span>
     <span class='ocr_line' id='line_1_45' title="bbox 110 4453 1797 4529; baseline -0.002 -19"><span class='ocrx_word' id='word_1_599' title='bbox 110 4473 186 4529; x_wconf 80' lang='lat' dir='ltr'><strong>saepe</strong></span> <span class='ocrx_word' id='word_1_600' title='bbox 210 4458 287 4511; x_wconf 88' lang='lat' dir='ltr'><strong>recta</strong></span> <span class='ocrx_word' id='word_1_601' title='bbox 307 4455 431 4512; x_wconf 87' lang='lat' dir='ltr'><strong>consilia.</strong></span> <span class='ocrx_word' id='word_1_602' title='bbox 451 4455 512 4510; x_wconf 88' lang='lat' dir='ltr'><strong>Non</strong></span> <span class='ocrx_word' id='word_1_603' title='bbox 531 4455 653 4528; x_wconf 76' lang='lat' dir='ltr'><strong>praemia</strong></span> <span class='ocrx_word' id='word_1_604' title='bbox 674 4455 735 4528; x_wconf 88' lang='lat' dir='ltr'><strong>ipsa</strong></span> <span class='ocrx_word' id='word_1_605' title='bbox 755 4460 784 4511; x_wconf 90' lang='lat' dir='ltr'><strong>et</strong></span> <span class='ocrx_word' id='word_1_606' title='bbox 802 4455 924 4525; x_wconf 85' lang='lat' dir='ltr'><strong>bonitas,</strong></span> <span class='ocrx_word' id='word_1_607' title='bbox 979 4459 1057 4526; x_wconf 89' lang='lat' dir='ltr'><strong>bera,</strong></span> <span class='ocrx_word' id='word_1_608' title='bbox 1073 4474 1126 4514; x_wconf 85' lang='lat' dir='ltr'><strong>nac</strong></span> <span class='ocrx_word' id='word_1_609' title='bbox 1142 4457 1243 4512; x_wconf 85' lang='lat' dir='ltr'><strong>divinis</strong></span> <span class='ocrx_word' id='word_1_610' title='bbox 1258 4457 1392 4529; x_wconf 88' lang='lat' dir='ltr'><strong>operibus</strong></span> <span class='ocrx_word' id='word_1_611' title='bbox 1404 4456 1543 4511; x_wconf 83' lang='lat' dir='ltr'><strong>inferatur</strong></span> <span class='ocrx_word' id='word_1_612' title='bbox 1556 4453 1606 4510; x_wconf 86' lang='lat' dir='ltr'><strong>ris.</strong></span> <span class='ocrx_word' id='word_1_613' title='bbox 1622 4455 1742 4525; x_wconf 90' lang='lat' dir='ltr'><strong>Semper</strong></span> <span class='ocrx_word' id='word_1_614' title='bbox 1754 4455 1797 4507; x_wconf 90' lang='lat' dir='ltr'><strong>est</strong></span> 
     </span>
     <span class='ocr_line' id='line_1_46' title="bbox 109 4529 1795 4623; baseline -0.004 -18"><span class='ocrx_word' id='word_1_615' title='bbox 109 4567 168 4605; x_wconf 91' lang='lat' dir='ltr'><strong>non</strong></span> <span class='ocrx_word' id='word_1_616' title='bbox 181 4549 386 4616; x_wconf 81' lang='lat' dir='ltr'><strong>accusationes,</strong></span> <span class='ocrx_word' id='word_1_617' title='bbox 401 4565 457 4604; x_wconf 89' lang='lat' dir='ltr'><strong>non</strong></span> <span class='ocrx_word' id='word_1_618' title='bbox 472 4549 569 4616; x_wconf 79' lang='lat' dir='ltr'><strong>miore,</strong></span> <span class='ocrx_word' id='word_1_619' title='bbox 586 4565 645 4605; x_wconf 90' lang='lat' dir='ltr'><strong>non</strong></span> <span class='ocrx_word' id='word_1_620' title='bbox 658 4565 760 4621; x_wconf 70' lang='lat' dir='ltr'><strong>poeuae,</strong></span> <span class='ocrx_word' id='word_1_621' title='bbox 775 4565 833 4604; x_wconf 91' lang='lat' dir='ltr'><strong>non</strong></span> <span class='ocrx_word' id='word_1_622' title='bbox 847 4566 924 4605; x_wconf 88' lang='lat' dir='ltr'><strong>mor·</strong></span> <span class='ocrx_word' id='word_1_623' title='bbox 935 4529 964 4602; x_wconf 85' lang='lat' dir='ltr'>D</span> <span class='ocrx_word' id='word_1_624' title='bbox 976 4552 1090 4617; x_wconf 88' lang='lat' dir='ltr'><strong>misera,</strong></span> <span class='ocrx_word' id='word_1_625' title='bbox 1107 4567 1171 4623; x_wconf 83' lang='lat' dir='ltr'><strong>qnae</strong></span> <span class='ocrx_word' id='word_1_626' title='bbox 1186 4550 1240 4606; x_wconf 86' lang='lat' dir='ltr'><strong>sibi</strong></span> <span class='ocrx_word' id='word_1_627' title='bbox 1255 4567 1311 4605; x_wconf 93' lang='lat' dir='ltr'><strong>non</strong></span> <span class='ocrx_word' id='word_1_628' title='bbox 1326 4551 1420 4623; x_wconf 83' lang='lat' dir='ltr'><strong>planet</strong></span> <span class='ocrx_word' id='word_1_629' title='bbox 1436 4548 1528 4620; x_wconf 85' lang='lat' dir='ltr'><strong>qualis</strong></span> <span class='ocrx_word' id='word_1_630' title='bbox 1543 4551 1594 4603; x_wconf 85' lang='lat' dir='ltr'><strong>est.</strong></span> <span class='ocrx_word' id='word_1_631' title='bbox 1616 4547 1688 4612; x_wconf 85' lang='lat' dir='ltr'><strong>Quid</strong></span> <span class='ocrx_word' id='word_1_632' title='bbox 1705 4545 1795 4616; x_wconf 86' lang='lat' dir='ltr'><strong>capii-</strong></span> 
     </span>
     <span class='ocr_line' id='line_1_47' title="bbox 108 4639 1795 4716; baseline -0.005 -16"><span class='ocrx_word' id='word_1_633' title='bbox 108 4649 160 4713; x_wconf 86' lang='lat' dir='ltr'><strong>tes,</strong></span> <span class='ocrx_word' id='word_1_634' title='bbox 174 4643 246 4699; x_wconf 90' lang='lat' dir='ltr'><strong>nihil</strong></span> <span class='ocrx_word' id='word_1_635' title='bbox 261 4650 320 4698; x_wconf 89' lang='lat' dir='ltr'><strong>tarn</strong></span> <span class='ocrx_word' id='word_1_636' title='bbox 335 4647 520 4711; x_wconf 73' lang='lat' dir='ltr'><strong>eunomiam</strong></span> <span class='ocrx_word' id='word_1_637' title='bbox 534 4643 648 4714; x_wconf 89' lang='lat' dir='ltr'><strong>durum,</strong></span> <span class='ocrx_word' id='word_1_638' title='bbox 663 4644 825 4713; x_wconf 87' lang='lat' dir='ltr'><strong>tamiriste,</strong></span> <span class='ocrx_word' id='word_1_639' title='bbox 839 4660 924 4716; x_wconf 85' lang='lat' dir='ltr'><strong>quarn</strong></span> <span class='ocrx_word' id='word_1_640' title='bbox 975 4648 1070 4702; x_wconf 90' lang='lat' dir='ltr'><strong>iorum</strong></span> <span class='ocrx_word' id='word_1_641' title='bbox 1092 4647 1220 4700; x_wconf 89' lang='lat' dir='ltr'><strong>mutatur</strong></span> <span class='ocrx_word' id='word_1_642' title='bbox 1234 4645 1332 4698; x_wconf 82' lang='lat' dir='ltr'><strong>colori</strong></span> <span class='ocrx_word' id='word_1_643' title='bbox 1350 4643 1418 4714; x_wconf 84' lang='lat' dir='ltr'><strong>qrrid</strong></span> <span class='ocrx_word' id='word_1_644' title='bbox 1435 4641 1582 4696; x_wconf 85' lang='lat' dir='ltr'><strong>uenturum</strong></span> <span class='ocrx_word' id='word_1_645' title='bbox 1597 4639 1795 4696; x_wconf 83' lang='lat' dir='ltr'><strong>extremitates</strong></span> 
     </span>
     <span class='ocr_line' id='line_1_48' title="bbox 108 4732 1795 4810; baseline -0.005 -16"><span class='ocrx_word' id='word_1_646' title='bbox 108 4737 245 4794; x_wconf 87' lang='lat' dir='ltr'><strong>cecidisse</strong></span> <span class='ocrx_word' id='word_1_647' title='bbox 260 4737 296 4792; x_wconf 90' lang='lat' dir='ltr'><strong>de</strong></span> <span class='ocrx_word' id='word_1_648' title='bbox 312 4737 369 4792; x_wconf 89' lang='lat' dir='ltr'><strong>alto</strong></span> <span class='ocrx_word' id='word_1_649' title='bbox 384 4736 529 4808; x_wconf 78' lang='lat' dir='ltr'><strong>pudicitiae</strong></span> <span class='ocrx_word' id='word_1_650' title='bbox 543 4737 646 4808; x_wconf 87' lang='lat' dir='ltr'><strong>gradu.</strong></span> <span class='ocrx_word' id='word_1_651' title='bbox 665 4737 749 4808; x_wconf 84' lang='lat' dir='ltr'><strong>iiigni</strong></span> <span class='ocrx_word' id='word_1_652' title='bbox 764 4741 841 4793; x_wconf 85' lang='lat' dir='ltr'><strong>tanto</strong></span> <span class='ocrx_word' id='word_1_653' title='bbox 852 4737 925 4810; x_wconf 87' lang='lat' dir='ltr'><strong>judi·</strong></span> <span class='ocrx_word' id='word_1_654' title='bbox 975 4739 1166 4794; x_wconf 79' lang='lat' dir='ltr'><strong>suffuscantur</strong></span> <span class='ocrx_word' id='word_1_655' title='bbox 1180 4737 1257 4810; x_wconf 76' lang='lat' dir='ltr'><strong>(itit</strong></span> <span class='ocrx_word' id='word_1_656' title='bbox 1277 4737 1344 4808; x_wconf 89' lang='lat' dir='ltr'><strong>quid</strong></span> <span class='ocrx_word' id='word_1_657' title='bbox 1366 4736 1454 4791; x_wconf 84' lang='lat' dir='ltr'><strong>iacies</strong></span> <span class='ocrx_word' id='word_1_658' title='bbox 1477 4733 1586 4790; x_wconf 84' lang='lat' dir='ltr'><strong>artibus</strong></span> <span class='ocrx_word' id='word_1_659' title='bbox 1607 4734 1636 4788; x_wconf 93' lang='lat' dir='ltr'><strong>in</strong></span> <span class='ocrx_word' id='word_1_660' title='bbox 1655 4732 1795 4787; x_wconf 85' lang='lat' dir='ltr'><strong>diversam</strong></span> 
     </span>
     <span class='ocr_line' id='line_1_49' title="bbox 108 4826 1799 4904; baseline -0.005 -16"><span class='ocrx_word' id='word_1_661' title='bbox 108 4835 147 4889; x_wconf 87' lang='lat' dir='ltr'><strong>eis</strong></span> <span class='ocrx_word' id='word_1_662' title='bbox 161 4831 251 4888; x_wconf 82' lang='lat' dir='ltr'><strong>divini</strong></span> <span class='ocrx_word' id='word_1_663' title='bbox 265 4832 398 4904; x_wconf 78' lang='lat' dir='ltr'><strong>premio,</strong></span> <span class='ocrx_word' id='word_1_664' title='bbox 413 4847 533 4903; x_wconf 83' lang='lat' dir='ltr'><strong>quorum</strong></span> <span class='ocrx_word' id='word_1_665' title='bbox 550 4831 622 4886; x_wconf 91' lang='lat' dir='ltr'><strong>alter</strong></span> <span class='ocrx_word' id='word_1_666' title='bbox 635 4832 716 4903; x_wconf 86' lang='lat' dir='ltr'><strong>regio</strong></span> <span class='ocrx_word' id='word_1_667' title='bbox 730 4848 804 4903; x_wconf 89' lang='lat' dir='ltr'><strong>pene</strong></span> <span class='ocrx_word' id='word_1_668' title='bbox 817 4832 924 4888; x_wconf 88' lang='lat' dir='ltr'><strong>throno</strong></span> <span class='ocrx_word' id='word_1_669' title='bbox 976 4834 1099 4888; x_wconf 82' lang='lat' dir='ltr'><strong>sormam</strong></span> <span class='ocrx_word' id='word_1_670' title='bbox 1116 4829 1312 4886; x_wconf 83' lang='lat' dir='ltr'><strong>convertitur?</strong></span> <span class='ocrx_word' id='word_1_671' title='bbox 1327 4829 1394 4902; x_wconf 87' lang='lat' dir='ltr'><strong>quid</strong></span> <span class='ocrx_word' id='word_1_672' title='bbox 1411 4831 1556 4900; x_wconf 88' lang='lat' dir='ltr'><strong>postremo</strong></span> <span class='ocrx_word' id='word_1_673' title='bbox 1570 4826 1716 4897; x_wconf 83' lang='lat' dir='ltr'><strong>speculum</strong></span> <span class='ocrx_word' id='word_1_674' title='bbox 1731 4841 1799 4880; x_wconf 87' lang='lat' dir='ltr'><strong>eon·</strong></span> 
     </span>
    </p>
   </div>
   <div class='ocr_carea' id='block_1_5' title="bbox 784 4919 1109 4986">
    <p class='ocr_par' dir='ltr' id='par_1_7' title="bbox 784 4919 1109 4986">
     <span class='ocr_line' id='line_1_50' title="bbox 784 4919 1109 4986; baseline 0.003 -3"><span class='ocrx_word' id='word_1_675' title='bbox 784 4919 865 4984; x_wconf 83' lang='lat' dir='ltr'><strong>Edit.</strong></span> <span class='ocrx_word' id='word_1_676' title='bbox 884 4921 989 4986; x_wconf 88' lang='lat' dir='ltr'><strong>Oxou.</strong></span> <span class='ocrx_word' id='word_1_677' title='bbox 1012 4926 1109 4986; x_wconf 78' lang='lat' dir='ltr'><strong>notae.</strong></span> 
     </span>
    </p>
   </div>
   <div class='ocr_carea' id='block_1_6' title="bbox 103 5012 1799 5932">
    <p class='ocr_par' dir='ltr' id='par_1_8' title="bbox 105 5012 1799 5506">
     <span class='ocr_line' id='line_1_51' title="bbox 139 5012 1791 5083; baseline -0.005 -13"><span class='ocrx_word' id='word_1_678' title='bbox 139 5019 192 5080; x_wconf 77' lang='lat'><strong>(¹3)</strong></span> <span class='ocrx_word' id='word_1_679' title='bbox 225 5021 255 5069; x_wconf 80' lang='lat' dir='ltr'><strong>tlt</strong></span> <span class='ocrx_word' id='word_1_680' title='bbox 284 5019 362 5083; x_wconf 80' lang='lat' dir='ltr'><strong>quusi</strong></span> <span class='ocrx_word' id='word_1_681' title='bbox 395 5019 442 5082; x_wconf 70' lang='lat' dir='ltr'><strong>llos</strong></span> <span class='ocrx_word' id='word_1_682' title='bbox 473 5019 581 5083; x_wconf 76' lang='lat' dir='ltr'><strong>paridam</strong></span> <span class='ocrx_word' id='word_1_683' title='bbox 619 5032 768 5083; x_wconf 76' lang='lat' dir='ltr'><strong>properans</strong></span> <span class='ocrx_word' id='word_1_684' title='bbox 806 5019 929 5070; x_wconf 79' lang='lat' dir='ltr'><strong>uelociter</strong></span> <span class='ocrx_word' id='word_1_685' title='bbox 980 5020 1132 5070; x_wconf 88' lang='lat' dir='ltr'><strong>consistere</strong></span> <span class='ocrx_word' id='word_1_686' title='bbox 1154 5018 1328 5082; x_wconf 85' lang='lat' dir='ltr'><strong>pudicitiam.</strong></span> <span class='ocrx_word' id='word_1_687' title='bbox 1353 5015 1425 5080; x_wconf 89' lang='lat' dir='ltr'><strong>qnod</strong></span> <span class='ocrx_word' id='word_1_688' title='bbox 1451 5015 1544 5079; x_wconf 86' lang='lat' dir='ltr'><strong>ipsum</strong></span> <span class='ocrx_word' id='word_1_689' title='bbox 1567 5025 1650 5077; x_wconf 84' lang='lat' dir='ltr'><strong>supra</strong></span> <span class='ocrx_word' id='word_1_690' title='bbox 1667 5012 1791 5062; x_wconf 84' lang='lat' dir='ltr'><strong>tractavit</strong></span> 
     </span>
     <span class='ocr_line' id='line_1_52' title="bbox 108 5083 1797 5153; baseline -0.005 -13"><span class='ocrx_word' id='word_1_691' title='bbox 108 5092 265 5142; x_wconf 71' lang='lat' dir='ltr'><strong>transiture</strong></span> <span class='ocrx_word' id='word_1_692' title='bbox 290 5092 382 5140; x_wconf 73' lang='lat' dir='ltr'><strong>atatis.</strong></span> <span class='ocrx_word' id='word_1_693' title='bbox 407 5090 547 5140; x_wconf 83' lang='lat' dir='ltr'><strong>Pumelius</strong></span> <span class='ocrx_word' id='word_1_694' title='bbox 567 5091 623 5139; x_wconf 88' lang='lat' dir='ltr'><strong>nit:</strong></span> <span class='ocrx_word' id='word_1_695' title='bbox 651 5089 769 5140; x_wconf 88' lang='lat' dir='ltr'><strong>Pulchre</strong></span> <span class='ocrx_word' id='word_1_696' title='bbox 789 5092 829 5141; x_wconf 86' lang='lat' dir='ltr'><strong>sic</strong></span> <span class='ocrx_word' id='word_1_697' title='bbox 850 5090 928 5142; x_wconf 88' lang='lat' dir='ltr'><strong>resti·</strong></span> <span class='ocrx_word' id='word_1_698' title='bbox 978 5089 1026 5140; x_wconf 88' lang='lat' dir='ltr'><strong>lib.</strong></span> <span class='ocrx_word' id='word_1_699' title='bbox 1043 5089 1073 5140; x_wconf 88' lang='lat' dir='ltr'><strong>de</strong></span> <span class='ocrx_word' id='word_1_700' title='bbox 1096 5088 1203 5153; x_wconf 84' lang='lat' dir='ltr'><strong>Discipl.</strong></span> <span class='ocrx_word' id='word_1_701' title='bbox 1226 5092 1249 5137; x_wconf 88' lang='lat' dir='ltr'><strong>el</strong></span> <span class='ocrx_word' id='word_1_702' title='bbox 1272 5086 1338 5136; x_wconf 83' lang='lat' dir='ltr'><strong>liuh.</strong></span> <span class='ocrx_word' id='word_1_703' title='bbox 1358 5087 1430 5150; x_wconf 80' lang='lat' dir='ltr'><strong>Virp.</strong></span> <span class='ocrx_word' id='word_1_704' title='bbox 1448 5085 1620 5150; x_wconf 74' lang='lat' dir='ltr'><strong>Cyprianu83</strong></span> <span class='ocrx_word' id='word_1_705' title='bbox 1644 5083 1691 5134; x_wconf 88' lang='lat' dir='ltr'><strong>ubi</strong></span> <span class='ocrx_word' id='word_1_706' title='bbox 1714 5083 1797 5134; x_wconf 86' lang='lat' dir='ltr'><strong>latins</strong></span> 
     </span>
     <span class='ocr_line' id='line_1_53' title="bbox 107 5155 1799 5228; baseline -0.005 -16"><span class='ocrx_word' id='word_1_707' title='bbox 107 5165 162 5212; x_wconf 88' lang='lat' dir='ltr'><strong>tuit</strong></span> <span class='ocrx_word' id='word_1_708' title='bbox 180 5161 259 5212; x_wconf 87' lang='lat' dir='ltr'><strong>hunc</strong></span> <span class='ocrx_word' id='word_1_709' title='bbox 282 5161 376 5212; x_wconf 89' lang='lat' dir='ltr'><strong>locum</strong></span> <span class='ocrx_word' id='word_1_710' title='bbox 398 5161 517 5212; x_wconf 82' lang='lat' dir='ltr'><strong>Gravius</strong></span> <span class='ocrx_word' id='word_1_711' title='bbox 534 5174 583 5225; x_wconf 90' lang='lat' dir='ltr'><strong>pro</strong></span> <span class='ocrx_word' id='word_1_712' title='bbox 607 5173 639 5211; x_wconf 89' lang='lat' dir='ltr'><strong>eo</strong></span> <span class='ocrx_word' id='word_1_713' title='bbox 662 5161 737 5225; x_wconf 88' lang='lat' dir='ltr'><strong>quod</strong></span> <span class='ocrx_word' id='word_1_714' title='bbox 756 5163 803 5212; x_wconf 83' lang='lat' dir='ltr'><strong>aiii</strong></span> <span class='ocrx_word' id='word_1_715' title='bbox 823 5162 927 5228; x_wconf 87' lang='lat' dir='ltr'><strong>legunt,</strong></span> <span class='ocrx_word' id='word_1_716' title='bbox 978 5159 1012 5211; x_wconf 91' lang='lat' dir='ltr'><strong>de</strong></span> <span class='ocrx_word' id='word_1_717' title='bbox 1033 5159 1171 5210; x_wconf 88' lang='lat' dir='ltr'><strong>similibus</strong></span> <span class='ocrx_word' id='word_1_718' title='bbox 1194 5157 1358 5209; x_wconf 83' lang='lat' dir='ltr'><strong>Tertulliani</strong></span> <span class='ocrx_word' id='word_1_719' title='bbox 1375 5157 1453 5208; x_wconf 87' lang='lat' dir='ltr'><strong>loeis.</strong></span> <span class='ocrx_word' id='word_1_720' title='bbox 1475 5157 1560 5221; x_wconf 78' lang='lat' dir='ltr'><strong>Atqui</strong></span> <span class='ocrx_word' id='word_1_721' title='bbox 1578 5158 1650 5207; x_wconf 88' lang='lat' dir='ltr'><strong>recle</strong></span> <span class='ocrx_word' id='word_1_722' title='bbox 1667 5155 1799 5206; x_wconf 83' lang='lat' dir='ltr'><strong>Erasmus</strong></span> 
     </span>
     <span class='ocr_line' id='line_1_54' title="bbox 106 5227 1794 5296; baseline -0.006 -12"><span class='ocrx_word' id='word_1_723' title='bbox 106 5251 119 5278; x_wconf 81' lang='lat' dir='ltr'><strong>c</strong></span> <span class='ocrx_word' id='word_1_724' title='bbox 146 5232 236 5296; x_wconf 85' lang='lat' dir='ltr'><strong>Quasi</strong></span> <span class='ocrx_word' id='word_1_725' title='bbox 260 5231 312 5282; x_wconf 89' lang='lat' dir='ltr'><strong>ilos</strong></span> <span class='ocrx_word' id='word_1_726' title='bbox 336 5231 451 5296; x_wconf 89' lang='lat' dir='ltr'><strong>quidem</strong></span> <span class='ocrx_word' id='word_1_727' title='bbox 477 5245 627 5296; x_wconf 85' lang='lat' dir='ltr'><strong>properans</strong></span> <span class='ocrx_word' id='word_1_728' title='bbox 654 5231 786 5283; x_wconf 82' lang='lat' dir='ltr'><strong>velociter</strong></span> <span class='ocrx_word' id='word_1_729' title='bbox 809 5233 927 5283; x_wconf 84' lang='lat' dir='ltr'><strong>transire</strong></span> <span class='ocrx_word' id='word_1_730' title='bbox 978 5232 1099 5296; x_wconf 87' lang='lat' dir='ltr'><strong>conjecit</strong></span> <span class='ocrx_word' id='word_1_731' title='bbox 1120 5229 1289 5294; x_wconf 86' lang='lat' dir='ltr'><strong>legendum:</strong></span> <span class='ocrx_word' id='word_1_732' title='bbox 1320 5228 1485 5278; x_wconf 79' lang='lat' dir='ltr'><strong>lenocinetur</strong></span> <span class='ocrx_word' id='word_1_733' title='bbox 1505 5241 1555 5292; x_wconf 90' lang='lat' dir='ltr'><strong>pro</strong></span> <span class='ocrx_word' id='word_1_734' title='bbox 1581 5227 1794 5278; x_wconf 83' lang='lat' dir='ltr'><strong>lenocinantium.</strong></span> 
     </span>
     <span class='ocr_line' id='line_1_55' title="bbox 105 5303 1088 5367; baseline -0.005 -11"><span class='ocrx_word' id='word_1_735' title='bbox 105 5304 208 5356; x_wconf 76' lang='lat' dir='ltr'><strong>atatis.</strong></span> <span class='ocrx_word' id='word_1_736' title='bbox 238 5321 253 5349; x_wconf 76' lang='lat' dir='ltr'><strong>s</strong></span> <span class='ocrx_word' id='word_1_737' title='bbox 278 5303 346 5354; x_wconf 86' lang='lat' dir='ltr'><strong>Nam</strong></span> <span class='ocrx_word' id='word_1_738' title='bbox 376 5307 403 5352; x_wconf 90' lang='lat' dir='ltr'><strong>et</strong></span> <span class='ocrx_word' id='word_1_739' title='bbox 429 5303 608 5353; x_wconf 85' lang='lat' dir='ltr'><strong>consentiunt</strong></span> <span class='ocrx_word' id='word_1_740' title='bbox 635 5316 701 5352; x_wconf 89' lang='lat' dir='ltr'><strong>mss.</strong></span> <span class='ocrx_word' id='word_1_741' title='bbox 730 5303 849 5363; x_wconf 89' lang='lat' dir='ltr'><strong>codices,</strong></span> <span class='ocrx_word' id='word_1_742' title='bbox 878 5303 926 5367; x_wconf 89' lang='lat' dir='ltr'><strong>qui</strong></span> <span class='ocrx_word' id='word_1_743' title='bbox 977 5303 1088 5352; x_wconf 69' lang='lat' dir='ltr'><strong>Pensa.</strong></span> 
     </span>
     <span class='ocr_line' id='line_1_56' title="bbox 105 5371 1797 5440; baseline -0.003 -16"><span class='ocrx_word' id='word_1_744' title='bbox 105 5375 192 5424; x_wconf 88' lang='lat' dir='ltr'><strong>etiem</strong></span> <span class='ocrx_word' id='word_1_745' title='bbox 221 5374 317 5438; x_wconf 80' lang='lat' dir='ltr'><strong>legunt</strong></span> <span class='ocrx_word' id='word_1_746' title='bbox 342 5378 476 5438; x_wconf 75' lang='lat' dir='ltr'><strong>porrecta,</strong></span> <span class='ocrx_word' id='word_1_747' title='bbox 501 5387 549 5438; x_wconf 92' lang='lat' dir='ltr'><strong>pro</strong></span> <span class='ocrx_word' id='word_1_748' title='bbox 578 5385 611 5424; x_wconf 88' lang='lat' dir='ltr'><strong>eo</strong></span> <span class='ocrx_word' id='word_1_749' title='bbox 636 5373 711 5438; x_wconf 89' lang='lat' dir='ltr'><strong>quod</strong></span> <span class='ocrx_word' id='word_1_750' title='bbox 733 5374 780 5424; x_wconf 92' lang='lat' dir='ltr'><strong>alii</strong></span> <span class='ocrx_word' id='word_1_751' title='bbox 803 5379 928 5440; x_wconf 80' lang='lat' dir='ltr'><strong>porrecto</strong></span> <span class='ocrx_word' id='word_1_752' title='bbox 1010 5376 1059 5436; x_wconf 82' lang='lat' dir='ltr'><strong>(tiit</strong></span> <span class='ocrx_word' id='word_1_753' title='bbox 1083 5375 1151 5437; x_wconf 82' lang='lat' dir='ltr'><strong>Ouid</strong></span> <span class='ocrx_word' id='word_1_754' title='bbox 1173 5373 1308 5426; x_wconf 84' lang='lat' dir='ltr'><strong>oculorum</strong></span> <span class='ocrx_word' id='word_1_755' title='bbox 1332 5374 1507 5423; x_wconf 72' lang='lat' dir='ltr'><strong>coeremitctss</strong></span> <span class='ocrx_word' id='word_1_756' title='bbox 1533 5371 1722 5438; x_wconf 71' lang='lat' dir='ltr'><strong>suffuscantur.</strong></span> <span class='ocrx_word' id='word_1_757' title='bbox 1748 5371 1797 5420; x_wconf 84' lang='lat' dir='ltr'><strong>Pa-</strong></span> 
     </span>
     <span class='ocr_line' id='line_1_57' title="bbox 106 5441 1797 5506; baseline -0.003 -12"><span class='ocrx_word' id='word_1_758' title='bbox 106 5443 218 5494; x_wconf 70' lang='lat' dir='ltr'><strong>remu.</strong></span> <span class='ocrx_word' id='word_1_759' title='bbox 977 5446 1078 5496; x_wconf 88' lang='lat' dir='ltr'><strong>meiius</strong></span> <span class='ocrx_word' id='word_1_760' title='bbox 1103 5445 1161 5494; x_wconf 88' lang='lat' dir='ltr'><strong>nit:</strong></span> <span class='ocrx_word' id='word_1_761' title='bbox 1187 5445 1226 5495; x_wconf 89' lang='lat' dir='ltr'><strong>lta</strong></span> <span class='ocrx_word' id='word_1_762' title='bbox 1252 5447 1347 5495; x_wconf 87' lang='lat' dir='ltr'><strong>censet</strong></span> <span class='ocrx_word' id='word_1_763' title='bbox 1367 5441 1516 5506; x_wconf 89' lang='lat' dir='ltr'><strong>legendum</strong></span> <span class='ocrx_word' id='word_1_764' title='bbox 1538 5443 1679 5502; x_wconf 84' lang='lat' dir='ltr'><strong>Erasmus,</strong></span> <span class='ocrx_word' id='word_1_765' title='bbox 1696 5454 1745 5505; x_wconf 87' lang='lat' dir='ltr'><strong>pro</strong></span> <span class='ocrx_word' id='word_1_766' title='bbox 1765 5453 1797 5490; x_wconf 90' lang='lat' dir='ltr'><strong>eo</strong></span> 
     </span>
    </p>

    <p class='ocr_par' dir='ltr' id='par_1_9' title="bbox 103 5514 1798 5722">
     <span class='ocr_line' id='line_1_58' title="bbox 134 5514 1798 5581; baseline -0.004 -16"><span class='ocrx_word' id='word_1_767' title='bbox 134 5517 185 5578; x_wconf 73' lang='lat' dir='ltr'><strong>itt]</strong></span> <span class='ocrx_word' id='word_1_768' title='bbox 202 5515 263 5576; x_wconf 72' lang='lat' dir='ltr'><strong>Oua</strong></span> <span class='ocrx_word' id='word_1_769' title='bbox 285 5514 353 5564; x_wconf 82' lang='lat' dir='ltr'><strong>enim</strong></span> <span class='ocrx_word' id='word_1_770' title='bbox 374 5519 555 5566; x_wconf 79' lang='lat' dir='ltr'><strong>corrrummutu</strong></span> <span class='ocrx_word' id='word_1_771' title='bbox 570 5515 619 5566; x_wconf 84' lang='lat' dir='ltr'><strong>itta</strong></span> <span class='ocrx_word' id='word_1_772' title='bbox 640 5516 767 5567; x_wconf 85' lang='lat' dir='ltr'><strong>uoluntas.</strong></span> <span class='ocrx_word' id='word_1_773' title='bbox 785 5515 926 5567; x_wconf 81' lang='lat' dir='ltr'><strong>Pometios</strong></span> <span class='ocrx_word' id='word_1_774' title='bbox 977 5517 1052 5581; x_wconf 90' lang='lat' dir='ltr'><strong>quod</strong></span> <span class='ocrx_word' id='word_1_775' title='bbox 1069 5517 1190 5568; x_wconf 82' lang='lat' dir='ltr'><strong>habehat</strong></span> <span class='ocrx_word' id='word_1_776' title='bbox 1210 5519 1290 5567; x_wconf 85' lang='lat' dir='ltr'><strong>vetus</strong></span> <span class='ocrx_word' id='word_1_777' title='bbox 1313 5529 1435 5567; x_wconf 77' lang='lat' dir='ltr'><strong>exerrans</strong></span> <span class='ocrx_word' id='word_1_778' title='bbox 1458 5515 1557 5576; x_wconf 87' lang='lat' dir='ltr'><strong>codex,</strong></span> <span class='ocrx_word' id='word_1_779' title='bbox 1576 5515 1748 5579; x_wconf 74' lang='lat' dir='ltr'><strong>sufferuntur,</strong></span> <span class='ocrx_word' id='word_1_780' title='bbox 1765 5523 1798 5560; x_wconf 88' lang='lat' dir='ltr'><strong>eo</strong></span> 
     </span>
     <span class='ocr_line' id='line_1_59' title="bbox 103 5584 1797 5652; baseline -0.004 -18"><span class='ocrx_word' id='word_1_781' title='bbox 103 5587 166 5635; x_wconf 86' lang='lat' dir='ltr'><strong>eit:</strong></span> <span class='ocrx_word' id='word_1_782' title='bbox 187 5585 305 5637; x_wconf 84' lang='lat' dir='ltr'><strong>Gravius</strong></span> <span class='ocrx_word' id='word_1_783' title='bbox 329 5585 357 5636; x_wconf 91' lang='lat' dir='ltr'><strong>in</strong></span> <span class='ocrx_word' id='word_1_784' title='bbox 381 5587 513 5650; x_wconf 86' lang='lat' dir='ltr'><strong>margine,</strong></span> <span class='ocrx_word' id='word_1_785' title='bbox 533 5585 665 5649; x_wconf 82' lang='lat' dir='ltr'><strong>uoluptas,</strong></span> <span class='ocrx_word' id='word_1_786' title='bbox 689 5587 737 5637; x_wconf 90' lang='lat' dir='ltr'><strong>sed</strong></span> <span class='ocrx_word' id='word_1_787' title='bbox 757 5600 848 5651; x_wconf 89' lang='lat' dir='ltr'><strong>neque</strong></span> <span class='ocrx_word' id='word_1_788' title='bbox 872 5587 926 5637; x_wconf 91' lang='lat' dir='ltr'><strong>hoc</strong></span> <span class='ocrx_word' id='word_1_789' title='bbox 977 5588 1063 5650; x_wconf 81' lang='lat' dir='ltr'><strong>qrrod,</strong></span> <span class='ocrx_word' id='word_1_790' title='bbox 1083 5589 1182 5652; x_wconf 85' lang='lat' dir='ltr'><strong>lnquit,</strong></span> <span class='ocrx_word' id='word_1_791' title='bbox 1205 5586 1288 5637; x_wconf 89' lang='lat' dir='ltr'><strong>stibio</strong></span> <span class='ocrx_word' id='word_1_792' title='bbox 1310 5587 1403 5649; x_wconf 82' lang='lat' dir='ltr'><strong>nigror</strong></span> <span class='ocrx_word' id='word_1_793' title='bbox 1424 5586 1512 5636; x_wconf 84' lang='lat' dir='ltr'><strong>oculis</strong></span> <span class='ocrx_word' id='word_1_794' title='bbox 1535 5585 1600 5636; x_wconf 86' lang='lat' dir='ltr'><strong>addi</strong></span> <span class='ocrx_word' id='word_1_795' title='bbox 1624 5584 1730 5634; x_wconf 87' lang='lat' dir='ltr'><strong>solent:</strong></span> <span class='ocrx_word' id='word_1_796' title='bbox 1749 5593 1797 5628; x_wconf 81' lang='lat' dir='ltr'><strong>ve-</strong></span> 
     </span>
     <span class='ocr_line' id='line_1_60' title="bbox 103 5651 1797 5722; baseline -0.005 -18"><span class='ocrx_word' id='word_1_797' title='bbox 103 5658 285 5718; x_wconf 82' lang='lat' dir='ltr'><strong>perspirnnm</strong></span> <span class='ocrx_word' id='word_1_798' title='bbox 301 5656 394 5708; x_wconf 87' lang='lat' dir='ltr'><strong>locum</strong></span> <span class='ocrx_word' id='word_1_799' title='bbox 410 5655 633 5708; x_wconf 69' lang='lat' dir='ltr'><strong>redditurum.</strong></span> <span class='ocrx_word' id='word_1_800' title='bbox 977 5662 1035 5708; x_wconf 86' lang='lat' dir='ltr'><strong>inm</strong></span> <span class='ocrx_word' id='word_1_801' title='bbox 1063 5659 1086 5709; x_wconf 87' lang='lat' dir='ltr'><strong>si</strong></span> <span class='ocrx_word' id='word_1_802' title='bbox 1114 5659 1220 5722; x_wconf 88' lang='lat' dir='ltr'><strong>legetur</strong></span> <span class='ocrx_word' id='word_1_803' title='bbox 1243 5657 1424 5720; x_wconf 79' lang='lat' dir='ltr'><strong>suffocentur,</strong></span> <span class='ocrx_word' id='word_1_804' title='bbox 1449 5662 1496 5708; x_wconf 90' lang='lat' dir='ltr'><strong>unt</strong></span> <span class='ocrx_word' id='word_1_805' title='bbox 1524 5657 1659 5719; x_wconf 79' lang='lat' dir='ltr'><strong>inseritur,</strong></span> <span class='ocrx_word' id='word_1_806' title='bbox 1682 5651 1797 5701; x_wconf 86' lang='lat' dir='ltr'><strong>accedet</strong></span> 
     </span>
    </p>

    <p class='ocr_par' dir='ltr' id='par_1_10' title="bbox 103 5720 1798 5932">
     <span class='ocr_line' id='line_1_61' title="bbox 136 5720 1798 5794; baseline -0.004 -16"><span class='ocrx_word' id='word_1_807' title='bbox 136 5727 398 5788; x_wconf 63' lang='lat' dir='ltr'><strong>{titileindsoiders</strong></span> <span class='ocrx_word' id='word_1_808' title='bbox 411 5727 520 5791; x_wconf 87' lang='lat' dir='ltr'><strong>nequid</strong></span> <span class='ocrx_word' id='word_1_809' title='bbox 535 5728 564 5778; x_wconf 85' lang='lat' dir='ltr'><strong>in</strong></span> <span class='ocrx_word' id='word_1_810' title='bbox 580 5742 607 5779; x_wconf 79' lang='lat' dir='ltr'><strong>ss</strong></span> <span class='ocrx_word' id='word_1_811' title='bbox 624 5727 920 5794; x_wconf 82' lang='lat' dir='ltr'><strong>ultramodumsculp·</strong></span> <span class='ocrx_word' id='word_1_812' title='bbox 975 5730 1065 5792; x_wconf 86' lang='lat' dir='ltr'><strong>magis</strong></span> <span class='ocrx_word' id='word_1_813' title='bbox 1086 5728 1121 5779; x_wconf 86' lang='lat' dir='ltr'><strong>ad</strong></span> <span class='ocrx_word' id='word_1_814' title='bbox 1148 5726 1217 5778; x_wconf 86' lang='lat' dir='ltr'><strong>illud</strong></span> <span class='ocrx_word' id='word_1_815' title='bbox 1244 5727 1386 5792; x_wconf 77' lang='lat' dir='ltr'><strong>Cypriani,</strong></span> <span class='ocrx_word' id='word_1_816' title='bbox 1410 5727 1481 5779; x_wconf 90' lang='lat' dir='ltr'><strong>libro</strong></span> <span class='ocrx_word' id='word_1_817' title='bbox 1499 5728 1567 5777; x_wconf 82' lang='lat' dir='ltr'><strong>cit:</strong></span> <span class='ocrx_word' id='word_1_818' title='bbox 1592 5743 1605 5772; x_wconf 74' lang='lat' dir='ltr'><strong>e</strong></span> <span class='ocrx_word' id='word_1_819' title='bbox 1633 5721 1721 5774; x_wconf 76' lang='lat' dir='ltr'><strong>ocutos</strong></span> <span class='ocrx_word' id='word_1_820' title='bbox 1745 5720 1798 5770; x_wconf 79' lang='lat' dir='ltr'><strong>rtr-</strong></span> 
     </span>
     <span class='ocr_line' id='line_1_62' title="bbox 103 5797 1493 5866; baseline 0.003 -22"><span class='ocrx_word' id='word_1_821' title='bbox 103 5803 169 5845; x_wconf 83' lang='lat' dir='ltr'><strong>bnu.</strong></span> <span class='ocrx_word' id='word_1_822' title='bbox 196 5797 336 5848; x_wconf 81' lang='lat' dir='ltr'><strong>Pametius</strong></span> <span class='ocrx_word' id='word_1_823' title='bbox 361 5800 398 5848; x_wconf 85' lang='lat' dir='ltr'><strong>ait</strong></span> <span class='ocrx_word' id='word_1_824' title='bbox 423 5813 429 5848; x_wconf 89' lang='lat'>:</span> <span class='ocrx_word' id='word_1_825' title='bbox 454 5797 523 5849; x_wconf 78' lang='lat' dir='ltr'><strong>Haec</strong></span> <span class='ocrx_word' id='word_1_826' title='bbox 546 5811 583 5849; x_wconf 86' lang='lat' dir='ltr'><strong>cx</strong></span> <span class='ocrx_word' id='word_1_827' title='bbox 609 5799 688 5850; x_wconf 91' lang='lat' dir='ltr'><strong>initio</strong></span> <span class='ocrx_word' id='word_1_828' title='bbox 713 5803 855 5850; x_wconf 90' lang='lat' dir='ltr'><strong>mutuatus</strong></span> <span class='ocrx_word' id='word_1_829' title='bbox 885 5803 925 5850; x_wconf 88' lang='lat' dir='ltr'><strong>est</strong></span> <span class='ocrx_word' id='word_1_830' title='bbox 976 5797 1493 5866; x_wconf 67' lang='lat' dir='ltr'><strong>eunrductoniproreiucsre.»Panum</strong></span> 
     </span>
     <span class='ocr_line' id='line_1_63' title="bbox 103 5867 923 5932; baseline 0.007 -16"><span class='ocrx_word' id='word_1_831' title='bbox 103 5867 171 5918; x_wconf 89' lang='lat' dir='ltr'><strong>libri</strong></span> <span class='ocrx_word' id='word_1_832' title='bbox 186 5867 300 5920; x_wconf 84' lang='lat' dir='ltr'><strong>Tertull.</strong></span> <span class='ocrx_word' id='word_1_833' title='bbox 312 5869 343 5920; x_wconf 81' lang='lat' dir='ltr'><strong>de</strong></span> <span class='ocrx_word' id='word_1_834' title='bbox 358 5867 437 5920; x_wconf 82' lang='lat' dir='ltr'><strong>Cultu</strong></span> <span class='ocrx_word' id='word_1_835' title='bbox 448 5869 529 5932; x_wconf 67' lang='lat' dir='ltr'><strong>iiam,</strong></span> <span class='ocrx_word' id='word_1_836' title='bbox 543 5869 591 5922; x_wconf 91' lang='lat' dir='ltr'><strong>ubi</strong></span> <span class='ocrx_word' id='word_1_837' title='bbox 604 5869 686 5923; x_wconf 87' lang='lat' dir='ltr'><strong>docet</strong></span> <span class='ocrx_word' id='word_1_838' title='bbox 700 5871 785 5922; x_wconf 86' lang='lat' dir='ltr'><strong>etiarn</strong></span> <span class='ocrx_word' id='word_1_839' title='bbox 799 5872 828 5921; x_wconf 91' lang='lat' dir='ltr'><strong>iu</strong></span> <span class='ocrx_word' id='word_1_840' title='bbox 843 5871 923 5922; x_wconf 88' lang='lat' dir='ltr'><strong>uultu</strong></span> 
     </span>
    </p>
   </div>
   <div class='ocr_carea' id='block_1_7' title="bbox 0 0 2010 6192">
    <p class='ocr_par' dir='ltr' id='par_1_11' title="bbox 0 0 2010 6192">
     <span class='ocr_line' id='line_1_64' title="bbox 0 0 2010 6192; baseline 0 7"><span class='ocrx_word' id='word_1_841' title='bbox 0 0 2010 6192; x_wconf 95' lang='lat' dir='ltr'><strong> </strong></span> 
     </span>
    </p>
   </div>
  </div>
 </body>
</html>
