4076 6190
104 275 143 334 lit
750 274 823 332 Vtra
844 275 872 332 S.
893 273 1061 332 CYPthNl.
1703 277 1754 336 171

101 398 182 454 deinde
198 395 322 470 Lugduni
340 395 501 470 depositum
520 395 621 466 luerat,
644 389 730 454 ueluti
751 397 886 454 eximium
896 401 1046 484 Apestem
1070 397 1246 453 horrendam
1274 415 1338 470 qrrre
1368 395 1420 453 sub
1445 398 1522 454 Gallo
1547 403 1576 456 et
1601 401 1752 457 Volusiano

101 491 220 564 quoddam
241 489 404 562 praesidinm
425 507 456 544 ac
473 496 673 546 ornamentum
694 492 825 548 collocari
840 508 887 548 vo·
937 495 1065 563 grassata
1078 497 1129 548 est.
1148 491 1215 560 Sed,
1232 509 1296 546 cum
1311 493 1422 549 libellus
1442 492 1596 567 inscriptus
1615 495 1651 551 sit
1665 496 1754 568 lloysi

99 585 146 652 luit,
160 590 187 638 ut
199 585 256 639 hdo
272 584 439 640 Viennensis
458 589 487 639 et
505 584 662 640 certissima
677 585 806 656 ejusdem
823 601 885 641 mo·
938 588 968 640 et
981 585 1113 656 llaximo,
1130 601 1203 657 quos
1218 603 1294 640 auno
1315 589 1362 642 ast
1378 588 1512 658 martyrio
1526 591 1678 646 coronatos
1694 607 1754 646 esse

99 677 194 734 uastcrii
206 677 393 734 iustrumenta
409 681 561 734 testantur.
672 707 674 712 ·

937 685 1059 748 constat,
1071 695 1124 734 nec
1141 680 1229 752 pestis
1239 683 1305 734 ante
1319 679 1390 735 Galli
1401 683 1431 733 et
1443 681 1587 736 Volusiani
1600 682 1756 754 imperium

100 770 172 844 171
196 771 288 826 11111111.
312 802 347 812 -
370 774 409 827 lle
433 772 509 828 libris
533 772 669 844 Cypriane
691 775 833 842 compre,
856 789 897 830 ac*
938 772 1085 840 exarserit,
1105 773 1173 828 inde
1199 773 1309 844 colligit
1333 773 1425 828 lellus
1447 777 1592 830 auctorem
1614 777 1703 832 libelli
1725 778 1755 834 iu

124 857 226 924 maram
246 853 279 907 αθ
301 852 387 908 ‘sitm
408 853 528 924 1115310115
550 870 567 907 ⁰
584 853 697 910 fitium
708 855 838 921 culpatis.
854 884 889 894 -
939 864 1754 939 rebrrsabaetatesua172rcmotisparumcommode

125 936 290 988 1100000001οτ
300 933 405 988 libaida
416 933 593 1002 Spectaculis,
603 933 636 988 de
645 933 738 988 luade
749 935 888 1003 hortm-ii,
939 960 1063 1016 finxisse·

126 1013 153 1066 de
179 1013 382 1083 heboptr'smate.
410 1013 443 1067 ds
466 1013 613 1076 Pudicitia,
635 1013 673 1068 cd
693 1015 888 1078 Nouatiaaum,

125 1097 170 1148 etc.

126 1187 159 1241 td
172 1203 205 1241 ca
223 1202 287 1258 quse
307 1186 342 1241 de
364 1185 497 1258 Cypriani
518 1187 607 1259 gestis
625 1193 653 1244 et
674 1187 785 1260 scriptis
806 1187 891 1244 disse·

99 1281 201 1350 mimus,
216 1281 354 1336 nonnulla
369 1280 501 1336 videntur
511 1281 696 1354 appingenda
710 1281 746 1337 de
763 1282 891 1354 ascriptis

100 1375 171 1445 ipsius
180 1373 285 1428 nomini
300 1373 444 1445 operibus,
458 1373 492 1429 iis
506 1373 666 1446 prasertim
676 1392 741 1447 ques
755 1392 805 1431 sua
818 1391 892 1430 com·

100 1467 195 1522 meudat
218 1467 382 1538 antiquitas.
406 1468 474 1523 Tres
496 1467 629 1540 epistolas
650 1485 683 1524 cx
702 1467 828 1542 antiquis
849 1485 892 1523 co·

100 1561 187 1615 dinibus
209 1561 283 1616 eruit
310 1561 448 1631 baluzius,
478 1561 529 1616 sed
553 1579 600 1617 eas
625 1561 755 1618 eruditus
779 1562 893 1618 criticus

100 1654 215 1726 genuinas
225 1671 286 1710 esse
303 1671 365 1710 nou
377 1657 558 1727 pronuntiat.
572 1655 667 1712 Prima

99 1749 149 1802 uelii
163 1765 236 1820 papa
250 1747 287 1803 ad
297 1748 473 1821 cyprianum
487 1750 622 1806 aduersus
634 1765 751 1822 pravam
768 1749 891 1822 rebapti-

100 1841 162 1896 zandi
175 1842 340 1907 novitatem,
354 1859 413 1915 prae
427 1859 457 1898 se
472 1844 526 1898 lert
540 1844 726 1900 manifestam
739 1843 846 1899 fraudis
864 1847 893 1900 et

99 1936 216 1991 mendacii
231 1943 353 2007 notam;
368 1937 476 2010 quippe
496 1954 560 1993 curn
578 1938 653 1994 hauc
672 1939 892 1994 controversiam

99 2029 137 2083 rub
148 2030 271 2088 Cornelio
286 2034 388 2086 natam
411 2047 469 2087 non
494 2031 590 2100 luisse,
603 2048 636 2087 ac
659 2047 803 2088 summam
818 2049 892 2088 seru·

97 2139 137 2194 per
148 2125 360 2180 consensionem
382 2125 543 2182 Cornelium
567 2125 643 2181 inter
665 2130 693 2180 et
715 2125 893 2197 Cypriacam

98 2215 267 2273 intercessisse
289 2220 411 2274 constet.
437 2219 568 2274 Secunda
587 2217 683 2290 prodit
702 2218 754 2273 sub
775 2219 893 2275 nomine

98 2311 209 2380 Cypriani
225 2310 262 2366 ad
286 2311 403 2384 plebem
418 2313 596 2384 Carthaginis
611 2329 621 2380 ;4
642 2313 691 2368 sed
711 2317 822 2368 atatem
844 2313 894 2384 Cy·

98 2405 172 2473 priaui
184 2422 239 2460 uon
255 2406 356 2474 refert,
372 2406 451 2460 aliud
464 2405 542 2462 enim
557 2405 630 2462 nihil
643 2407 770 2479 loquitur
787 2407 841 2461 nisi
857 2407 893 2462 de

98 2496 285 2568 §sripturarum
311 2500 505 2568 traditoribus,
523 2505 551 2556 et
563 2500 598 2554 ab
612 2500 686 2555 illius
706 2501 778 2572 stylo
800 2501 893 2555 adbuc

96 2589 188 2661 longius
212 2600 325 2648 remota
348 2596 401 2649 est.
420 2594 549 2664 ,Tertiam
582 2593 741 2666 Cyprianus
769 2593 893 2649 scribere

97 2683 182 2740 dicitur
199 2686 353 2742 benedicto
377 2693 406 2743 et
430 2687 613 2743 dilectissimo
635 2687 891 2759 parentiTurasio,

96 2781 121 2830 ut
131 2778 195 2832 illius
210 2780 341 2836 animum
357 2781 453 2836 dolore
466 2787 645 2836 commotum
661 2781 695 2836 de
710 2780 775 2836 llliae
788 2781 893 2836 dormi-

97 2873 157 2927 tione
167 2875 333 2930 consoletur.
352 2874 495 2930 Nonnulla
510 2877 609 2929 iusrrut
630 2875 664 2928 iis
678 2891 743 2946 quae
757 2875 894 2946 leguntur

96 2963 118 3018 iu
132 2965 193 3020 libro
204 2968 340 3040 Cypriani
352 2969 385 3024 de
399 2969 568 3024 llortalitcte
580 2969 734 3038 simillima,
745 2969 794 3024 scd
805 2969 894 3041 stylus

97 3061 194 3116 omniuo
208 3062 348 3117 diversus.
362 3063 505 3118 ¹Caeterurn
521 3063 644 3118 monebo
658 3063 732 3118 hanc
745 3063 893 3135 epistolam

97 3149 157 3206 inter
186 3171 271 3227 opera
302 3155 468 3228 Hieronymi
494 3156 664 3227 jamdudum
689 3157 833 3229 vulgatam

96 3248 192 3302 vetustis
213 3257 240 3304 et
262 3249 471 3304 recentioribus
496 3249 673 3306 editionibus
700 3249 753 3305 snb
777 3250 894 3306 nornine

97 3337 238 3413 llierouyrni
252 3343 288 3398 ad
302 3343 450 3414 Tyrasium
466 3342 599 3416 reperiri.

124 3435 174 3489 loo
188 3436 341 3508 indiguum
352 3453 424 3509 opus
433 3437 579 3510 Cypriane
592 3435 666 3492 liber
675 3438 709 3494 dc
718 3437 893 3502 Spectaculis,

96 3526 141 3582 sire
149 3529 335 3601 eloquentiam
346 3534 467 3603 spectes,
478 3531 536 3586 sive
548 3531 744 3603 evangelicum
753 3531 892 3604 vigorem:

96 3623 168 3677 multa
194 3628 370 3680 concurrunt
401 3623 560 3696 probabilia
593 3641 645 3680 cur
685 3627 710 3680 ei
740 3625 892 3681 tribuatur.

96 3713 178 3770 Scribit
190 3718 340 3791 episcopus
353 3718 390 3774 ad
405 3719 555 3774 ecclesiam
578 3735 670 3789 suam,
685 3735 702 3774 a
721 3735 779 3791 qua
797 3719 895 3778 aberat

97 3805 196 3880 imitus3
214 3813 314 3868 scribit
334 3829 367 3868 eo
391 3815 527 3885 tempore
551 3829 609 3886 quo
637 3829 702 3869 mos
729 3814 894 3871 deferende

97 3899 194 3959 domrrm
222 3907 411 3962 Eucharistiae
444 3906 584 3978 rigebat,
615 3907 693 3980 quod
725 3907 894 3964 Christianis

96 3999 203 4054 maxime
225 3999 388 4055 carendum
412 4004 475 4055 erat
495 4001 530 4055 ab
549 4000 732 4057 ethnicorum
755 4001 893 4058 moribus.

97 4089 164 4144 llulta
189 4109 220 4148 ex
249 4093 427 4149 Tertrdliano
459 4093 620 4149 imitatione
652 4110 813 4168 expressa,
844 4095 894 4167 qui

97 4183 188 4251 pridem
213 4187 319 4243 iisdem
345 4187 381 4242 de
406 4187 490 4243 rebus
513 4188 893 4260 Carthaginedisseruerat.

98 4274 140 4330 b'sc
156 4280 256 4336 mirum
276 4285 321 4337 est
339 4283 363 4336 si
382 4280 411 4336 in
427 4297 536 4353 magua
557 4281 606 4338 illa
622 4281 702 4350 urbe,
716 4283 763 4338 cui
785 4283 893 4338 nullum

98 4369 176 4428 deerat
188 4375 417 4446 spectaculorum
433 4391 535 4448 genus,
550 4375 619 4432 mali
639 4377 803 4448 contagium
819 4377 895 4449 ipsos

97 4464 248 4524 Christianos
262 4470 395 4526 tentarit.
410 4471 466 4528 Sed
488 4477 584 4526 emen
605 4487 697 4526 cauere
719 4487 777 4526 non
798 4470 893 4526 riden-

98 4559 133 4611 tur
154 4561 263 4618 subesse
291 4565 360 4620 satis
384 4581 486 4636 graves
513 4568 544 4620 ut
569 4565 645 4620 liber
669 4565 702 4620 de
728 4565 894 4636 Spectaculis

97 4651 215 4722 Cypriauo
246 4657 438 4729 adjudicetur.
468 4661 549 4715 Nulla
581 4659 656 4714 illius
684 4660 791 4715 mentio
818 4660 891 4732 apud

98 4743 222 4818 Pontium,
249 4755 278 4806 et
306 4753 435 4824 quamvis
459 4770 493 4809 ex
520 4754 562 4808 his
589 4753 638 4825 qui
663 4754 739 4808 iuter
759 4753 893 4826 Cypriani

98 4853 167 4908 opera
178 4845 246 4900 editi
260 4847 390 4914 ltrernut,
410 4848 506 4902 nullus
528 4848 564 4903 ad
587 4849 614 4904 S.
638 4847 767 4919 dlartyris
789 4847 893 4918 stylum

98 4935 194 5006 propius
220 4939 351 5008 accedat,
373 4943 447 4996 inest
473 4944 571 4997 tamen
596 4943 725 5014 quaedam
752 4941 892 4997 dissimili-

97 5027 161 5094 tudo,
178 5048 264 5102 quam
290 5049 373 5088 aures
397 5034 522 5106 legendo
547 5037 691 5107 Cypriane
720 5041 841 5092 assuetae
867 5038 895 5090 et

98 5119 205 5176 mutate
216 5119 302 5177 facile
316 5123 485 5196 percipient.

125 5209 257 5280 tscnptns
271 5215 316 5266 est
336 5212 477 5284 Cypriauo
500 5212 572 5269 liber
590 5215 623 5270 de
642 5215 736 5272 laude
755 5215 893 5284 martyrii,

99 5307 169 5362 quem
189 5299 334 5370 Erasmus,
350 5301 476 5372 {lupinus
494 5305 522 5358 et
540 5305 634 5360 Fellus
654 5303 742 5359 otiosi,
755 5304 895 5359 declama·

100 5383 260 5446 hastatum
282 5407 343 5446 esse
364 5391 474 5464 opinati
494 5396 570 5449 sunt.
585 5399 619 5450 At
640 5393 766 5466 prolecto
785 5392 895 5464 aquius

1080 962 1115 1014 111
1128 960 1239 1016 nodum
1253 959 1355 1015 incidit
1371 959 1508 1030 Baluzius,
1522 961 1571 1032 qui
1595 962 1673 1018 hunc
1693 963 1757 1018 titu-

939 1053 1011 1122 lum,
1031 1054 1068 1110 od
1089 1056 1206 1124 lloysem
1228 1059 1253 1110 et
1274 1055 1436 1122 Mammam,
1460 1053 1488 1107 in
1512 1055 1629 1110 uetustis
1651 1055 1756 1112 codici-

939 1147 993 1202 bus
1020 1147 1179 1204 desiderari
1202 1152 1331 1204 testatur.
1356 1147 1404 1202 llis
1428 1147 1502 1204 adde
1529 1149 1756 1206 observationem

941 1241 1124 1306 Tillemontii,
1147 1241 1196 1314 qni
1223 1258 1255 1296 ex
1278 1241 1404 1314 quodam
1427 1242 1553 1314 lliouysii
1576 1243 1759 1300 Alexandrini

941 1335 1015 1407 apud
1038 1335 1139 1391 Euseb.
1161 1335 1221 1407 (tib.
1239 1352 1286 1404 vrr,
1302 1351 1327 1391 c.
1348 1335 1388 1405 ll)
1402 1335 1436 1392 dc
1450 1335 1578 1392 diaconis
1600 1342 1679 1410 peste
1695 1354 1759 1392 con-

942 1429 1064 1500 sumptis
1077 1427 1252 1497 testimonio,
1267 1429 1345 1501 quod
1357 1429 1392 1484 ad
1409 1429 1485 1485 Decii
1501 1433 1632 1503 tempora
1646 1431 1761 1488 ridetur

943 1523 1103 1578 necessario
1123 1521 1402 1592 referendum,banc
1425 1529 1533 1596 pestem
1554 1524 1606 1579 sub
1632 1525 1685 1580 hoc
1706 1523 1759 1580 im·

671 1699 678 1724 ,
693 1672 758 1728 Μ
772 1661 814 1711 est
826 1657 890 1712 cm,
943 1625 1076 1693 peratore
1090 1619 1227 1692 incepisse
1241 1620 1397 1690 concludit,
1415 1621 1544 1694 quamvis
1559 1622 1611 1677 sub
1633 1623 1711 1678 Gallo
1731 1629 1760 1680 ct

944 1713 1099 1770 Volusiano
1113 1713 1292 1786 potissimum
1307 1714 1440 1770 saevierit.
1460 1715 1614 1784 ceterum,
1629 1717 1680 1770 etsi
1705 1717 1760 1772 hoc

903 1781 1013 1880 Bopus
1027 1809 1176 1880 antiquum
1192 1823 1252 1864 csse
1267 1809 1418 1876 contendo,
1434 1825 1492 1864 uon
1507 1812 1606 1864 tamen
1619 1809 1760 1882 Cypriane

944 1901 1184 1974 adjudicat·erim;
1199 1907 1280 1958 tanta
1293 1908 1334 1958 est
1358 1902 1424 1958 huic
1438 1902 1537 1958 libello
1551 1919 1616 1958 cum
1629 1903 1760 1976 Cypriani

943 1995 1054 2067 scriptis
1067 1996 1131 2068 styli
1147 1995 1345 2068 discrepantia.

979 2089 1112 2162 Sequitur
1127 2089 1155 2144 iu
1167 2089 1293 2146 editione
1305 2089 1407 2145 llaluzii
1421 2089 1494 2146 liber
1504 2090 1537 2146 de
1550 2091 1760 2164 Rebaptr'smate,

943 2183 1001 2240 sive
1022 2183 1157 2240 adsersus
1180 2183 1403 2256 rebaptizantes,
1428 2184 1464 2239 dc
1488 2201 1545 2256 quo
1569 2183 1679 2240 consuli
1699 2201 1763 2257 pos-

944 2283 1009 2334 sunt
1023 2281 1099 2334 notre
1111 2277 1225 2332 ltaluzii.
1238 2277 1342 2349 Opusa
1354 2277 1501 2338 nonnullis
1517 2277 1761 2336 tribuiturllrsino

943 2371 1094 2439 monacho,
1117 2387 1204 2443 quem
1227 2371 1401 2440 Gennadius,
1422 2371 1558 2426 adsersus
1580 2389 1629 2428 eos
1652 2373 1702 2444 qui
1720 2389 1762 2429 re·

942 2465 1132 2538 baptizabant,
1147 2465 1250 2521 saecrrlo
1271 2468 1374 2538 quarto
1392 2464 1534 2538 scripsisse
1548 2469 1678 2523 testatur.
1692 2467 1762 2532 Quae
1845 2513 1848 2522 .

943 2560 1036 2615 Ursini
1062 2559 1190 2614 monachi
1215 2559 1289 2615 libro
1313 2558 1454 2615 contineri
1475 2559 1515 2616 ait
1540 2560 1711 2630 Gennadius,
1730 2577 1762 2617 ea

942 2654 972 2710 iu
987 2654 1038 2710 bac
1052 2653 1086 2709 de
1100 2653 1306 2726 rebaptismate
1327 2653 1550 2725 pertractatione
1570 2670 1628 2710 non
1649 2655 1763 2710 dilllcile

943 2751 987 2802 est
1013 2747 1255 2815 animaduertere,
1277 2746 1349 2801 nibil
1371 2747 1448 2802 enim
1474 2747 1550 2802 aliud
1573 2747 1632 2818 agit
1652 2753 1761 2818 auctor,

944 2841 1118 2912 quicumque
1138 2839 1254 2894 tandem
1270 2839 1317 2894 ille
1338 2839 1383 2906 sit,
1399 2837 1453 2894 uisi
1471 2843 1502 2894 ut
1521 2855 1569 2894 eos
1590 2841 1638 2912 qui
1659 2842 1688 2896 in
1706 2842 1763 2896 bae·

944 2935 1000 2989 resi
1013 2933 1146 3004 baptizati
1161 2938 1227 2988 suut
1241 2949 1299 2988 uon
1315 2930 1540 3004 rebaptizandos,
1555 2933 1603 2988 sed
1620 2933 1656 2988 ad
1670 2935 1761 2992 sanic·

943 3043 1004 3082 rem
1012 3027 1097 3082 ludam
1110 3026 1253 3082 conversis
1262 3041 1366 3081 manus
1377 3026 1629 3098 imponendasesse
1639 3026 1760 3086 evincat.

838 3199 845 3224 ἲ
865 3121 1001 3226 iqu⁰d
1015 3122 1132 3176 Ursinus
1153 3119 1312 3176 monachus
1331 3119 1421 3176 libelli
1445 3119 1533 3190 buius
1553 3123 1654 3176 auctor
1672 3119 1763 3178 videri

944 3231 1001 3270 non
1027 3218 1128 3286 potest,
1144 3213 1199 3268 uisi
1220 3214 1370 3286 episcopas
1387 3213 1472 3269 luisse
1491 3214 1575 3270 tertio
1598 3214 1701 3271 seculo
1720 3215 1762 3271 di·

945 3315 1035 3364 catur.
1061 3308 1230 3381 Episcopum
1253 3324 1284 3362 se
1307 3324 1368 3364 esse
1392 3311 1490 3364 noster
1513 3307 1560 3364 ille
1578 3308 1698 3380 scriptor
1719 3309 1761 3366 di·

945 3408 1020 3458 serte
1035 3402 1184 3458 declarat:
1205 3425 1219 3452 ι(
1242 3401 1392 3474 Siquidem
1417 3417 1532 3474 pernas
1546 3401 1692 3474 baptisma
1708 3409 1762 3460 tra·

945 3495 1040 3564 detur,
1063 3495 1156 3568 inquit
1178 3497 1343 3568 (pergito),
1367 3495 1479 3568 integre
1498 3500 1525 3550 et
1546 3495 1713 3552 solemniter
1733 3501 1763 3552 et

945 3605 996 3661 per
1011 3590 1109 3644 omnia
1124 3605 1189 3662 quae
1204 3589 1309 3661 scripta
1322 3594 1389 3646 sunt
1407 3587 1581 3662 assignetur,
1597 3595 1683 3662 atque
1700 3590 1761 3646 sine
1776 3659 1780 3665 Ι

945 3684 1000 3738 ulla
1017 3683 1100 3738 ullius
1114 3682 1155 3738 rei
1172 3681 1351 3754 separatione
1359 3683 1504 3751 tradatur;
1519 3689 1569 3738 aut
1581 3683 1634 3738 sia
1649 3683 1760 3740 minore

944 3775 1022 3832 clero
1045 3792 1098 3848 per
1120 3773 1317 3832 rrecessitatem
1344 3775 1480 3832 traditam
1506 3776 1601 3845 tuerit,
1624 3781 1760 3834 eventum

945 3876 1153 3943 exspectemus,
1168 3875 1199 3925 ut
1215 3874 1264 3924 aut
1285 3870 1451 3942 suppleatur
1463 3887 1478 3924 a
1492 3869 1585 3938 nobis,
1602 3875 1651 3926 ant
1673 3887 1690 3926 a
1706 3872 1758 3928 uo-

944 3964 1023 4020 mino
1033 3963 1223 4036 supplendum
1237 3965 1407 4020 reservetur.
1420 3962 1602 4020 »Occurrrunt
1615 3966 1644 4019 in
1656 3966 1760 4021 eodem

944 4059 1083 4130 scriptore
1097 4058 1191 4113 saeculi
1207 4057 1285 4112 tertii
1302 4055 1460 4130 perspicua
1471 4062 1557 4112 notus.
1574 4059 1618 4114 Sic
1632 4059 1709 4114 renim
1724 4061 1759 4116 de

944 4157 1003 4208 tota
1018 4152 1062 4206 illa
1078 4151 1271 4206 controversia
1284 4150 1424 4222 loquitur,
1440 4157 1470 4206 ut
1484 4167 1546 4206 saur
1565 4167 1664 4207 recens
1677 4169 1758 4208 exor-

944 4250 1002 4300 tam
1018 4262 1090 4306 esse.
1107 4248 1136 4300 et
1156 4245 1250 4300 adhuc
1265 4245 1364 4317 vigere
1387 4244 1505 4300 indicet.
1524 4247 1569 4300 nit
1583 4246 1660 4302 enim
1681 4246 1759 4320 (pag.

944 4341 1005 4412 set>
1023 4359 1037 4392 s
1051 4338 1171 4394 monstri
1188 4339 1282 4394 simile
1298 4355 1358 4394 esse
1380 4337 1527 4411 episcopos
1546 4340 1611 4395 talia
1627 4340 1761 4398 scandala

944 4431 1095 4504 cogitare:
1119 4431 1294 4504 propositum
1319 4431 1371 4488 sibi
1394 4448 1456 4487 esse
1475 4431 1645 4489 turbulentis
1668 4434 1762 4491 bomi-

902 4521 1028 4592 Dnibus
1043 4533 1074 4582 ut
1087 4527 1131 4582 rel
1146 4543 1222 4582 nunc
1243 4541 1326 4582 suum
1347 4525 1496 4598 negotium
1517 4541 1603 4598 agere
1624 4527 1760 4599 incipiant

945 4621 1156 4694 persuadere.»
1172 4621 1203 4676 ln
1225 4621 1287 4692 ipso
1302 4620 1352 4675 illo
1373 4620 1436 4676 1000
1457 4619 1505 4690 qni
1524 4637 1539 4674 a
1560 4621 1671 4676 Baluzio
1688 4621 1759 4693 obji-

944 4717 1027 4784 citur,
1054 4714 1123 4770 utile
1147 4731 1210 4769 esse
1239 4714 1338 4768 statuit
1362 4713 1402 4784 (p.
1426 4715 1523 4782 35710
1546 4715 1589 4768 tot
1617 4729 1759 4770 annorum

945 4812 1045 4882 totque
1057 4809 1252 4874 ecclesiarum,
1264 4807 1390 4878 itemque
1399 4805 1595 4877 apostolorum
1605 4810 1634 4862 et
1646 4807 1757 4878 episco-

944 4919 1047 4976 porum
1063 4902 1228 4958 auctoritati
1251 4917 1316 4955 carm
1336 4900 1410 4955 bona
1433 4900 1543 4955 ratione
1562 4900 1757 4973 adquiescere,

944 5014 1009 5053 cum
1024 4998 1060 5052 sit
1076 4995 1232 5051 marimum
1247 4993 1464 5050 incommodum
1478 4997 1563 5067 atque
1577 4994 1758 5067 dispendium

944 5091 1130 5147 sanctissime
1157 5089 1260 5145 metris
1283 5088 1412 5144 Ecclesia
1433 5087 1568 5144 adsersus
1587 5089 1678 5161 prisca
1695 5105 1759 5152 con·

945 5185 1020 5240 salta
1035 5189 1100 5256 post
1122 5187 1163 5238 tot
1179 5183 1348 5238 saeculorum
1365 5187 1471 5238 tautam
1487 5183 1591 5238 seriem
1606 5199 1681 5239 nnnc
1701 5185 1760 5256 pri·

945 5294 1025 5334 mum
1049 5280 1169 5350 repente
1189 5293 1221 5331 ac
1239 5276 1301 5333 sine
1321 5277 1430 5331 r'utioue
1450 5276 1638 5350 insurgere.»
1655 5279 1760 5350 colligi

945 5388 980 5427 ex
1001 5371 1046 5426 his
1067 5370 1161 5426 verbis
1182 5387 1239 5425 non
1263 5369 1349 5425 debet
1369 5371 1513 5425 auctorem
1535 5369 1641 5426 sacillo
1661 5375 1762 5443 quarto

97 5469 258 5538 judicandum
276 5486 336 5536 erat
355 5482 391 5535 de
415 5481 519 5536 eximio
534 5499 619 5554 opere
641 5484 676 5539 ad
699 5483 895 5540 cohortandos
946 5464 1057 5533 Vi¹i⁵⁵⁰r
1073 5464 1123 5520 sed
1137 5464 1339 5520 mmmmm
1354 5479 1423 5519 Qum
1442 5461 1471 5517 5¹¹
1492 5464 1691 5536 0¹³Sttel³¹¹d⁰
1705 5481 1762 5521 ⁰⁰¹¹

101 5564 254 5624 molesceres
268 5570 428 5642 composito
442 5587 499 5625 non
513 5571 575 5626 sine
590 5572 682 5638 vivido
694 5573 817 5645 quodam
832 5574 893 5646 pic·
946 5559 1024 5614 Valde
1046 5557 1180 5614 timidum
1202 5556 1302 5614 filim·
1316 5557 1398 5626 Nam,
1419 5562 1612 5630 Plaelffllfflffl
1627 5557 1702 5630 ‘l¹¹⁰d
1729 5575 1763 5614 ¹¹⁰

101 5649 150 5704 hlis
168 5657 276 5727 ardore,
292 5675 377 5730 quem
397 5658 520 5732 frigidus
542 5661 693 5716 verborum
714 5663 815 5718 artilex
838 5680 894 5720 nou
947 5659 1050 5728 quarto
1062 5651 1181 5726 quidem
1195 5653 1301 5707 saeculo
1321 5649 1381 5706 sine
1396 5649 1519 5706 absurda
1538 5652 1760 5724 exaggeratione

102 5737 167 5796 tacite
179 5745 316 5804 imitetur.
333 5746 403 5804 lllud
420 5747 505 5804 eham
516 5749 717 5822 antiquitatem
732 5751 818 5822 hujus
832 5769 896 5824 ope
946 5748 1070 5820 objicere
1095 5745 1188 5819 poluit
1212 5767 1225 5796 s
1249 5748 1290 5801 101
1304 5744 1473 5800 saeculorum
1495 5747 1603 5800 tautum
1619 5745 1732 5808 seriem,
1748 5765 1763 5796 u

102 5825 324 5907 conmmendat,
336 5837 410 5914 quod
425 5838 569 5894 nonnullis
580 5839 647 5894 locis
658 5838 897 5914 deploretauctor
946 5847 1023 5900 certe
1041 5839 1186 5916 conceptis
1201 5839 1294 5896 verbis
1316 5837 1444 5895 declarat
1465 5842 1533 5896 tuuc
1552 5838 1679 5914 primurn
1698 5855 1765 5902 coa·
