3986 6208
5 311 6 336 ,
74 261 111 317 ill
598 255 641 312 ΑΙ)
661 253 889 312 FORTUNATUM
907 256 952 312 DE
970 253 1155 312 nanniano.
1670 253 1720 311 682

5 353 6 384 r
72 381 232 447 secundeum,
254 379 322 452 quia
343 379 438 450 major
450 381 493 435 est
505 377 642 435 Dominus
654 380 691 435 ad
705 381 857 452 protegen·
908 379 1024 447 coluris,
1041 395 1092 434 nec
1103 377 1286 449 novumquid
1296 378 1404 434 accidat
1415 377 1590 444 Christianis,
1604 377 1720 450 quando

72 478 133 542 darn,
147 490 226 546 quam
241 473 368 530 diabolus
384 474 420 529 ad
435 473 677 548 impugnandum.
908 473 943 529 ab
959 473 1039 529 initio
1052 473 1151 530 muudi
1163 473 1229 528 boni
1239 471 1438 540 laboraverint,
1452 476 1480 528 et
1493 473 1621 544 oppressi
1635 477 1720 545 atquc

5 565 6 568 ’
96 571 132 626 tt.
159 570 205 635 Αι,
227 585 264 624 ne
286 573 454 640 expavescat
476 567 540 640 quis
562 573 591 624 et
612 565 800 624 conturbetur
824 568 859 623 ad
910 567 993 623 occisi
1003 567 1108 622 sintab
1121 567 1243 638 injustis.

5 737 6 740 Ἴ
70 679 193 736 pressuras
214 667 242 718 et
264 662 477 734 persecutiones
504 677 576 734 quas
603 662 729 734 patimur
753 661 782 716 in
805 661 860 716 isto
945 663 1002 718 llll.
1020 663 1050 717 ln
1072 660 1225 718 novissima
1242 665 1321 731 parte
1344 659 1509 731 ponendum
1529 666 1570 716 est
1584 677 1648 733 qnae
1659 677 1722 734 spes

71 757 169 825 munda,
189 755 372 828 probandum
392 760 458 814 ante
478 755 647 828 praedictum
673 771 735 810 csse
746 754 770 790 2⁶
785 754 862 827 quod
911 761 940 811 et
954 771 1017 828 quae
1031 770 1140 810 merces
1156 757 1272 810 maneat
1281 753 1374 825 justos
1388 759 1417 808 et
1429 759 1566 825 martyros
1587 757 1648 826 post
1660 771 1723 810 con-

70 873 109 912 nos
127 853 244 910 mundus
265 854 330 910 odia
348 853 498 910 habiturus
513 857 597 922 esset,
622 859 651 908 et
672 853 749 925 quod
763 869 861 926 perse·
912 848 1080 904 dictationes
1104 849 1191 920 htijns
1214 847 1349 920 temporis
1376 852 1404 902 at
1424 847 1577 918 passiones,
1601 855 1628 903 et
1649 849 1725 920 quod

5 939 6 976 i
71 950 178 1004 cationes
197 947 348 1004 adversum
368 965 421 1003 nos
447 948 596 1017 excitaret,
615 947 863 1020 utexhoc²⁷ipso
913 943 976 1014 plus
997 943 1141 1014 accepturi
1164 943 1252 998 simus
1276 942 1305 997 in
1328 940 1465 1012 passionis
1493 943 1725 996 remuneratione

72 1042 133 1116 quod
151 1042 209 1098 baec
224 1041 292 1097 fiant
307 1042 457 1098 manifesta
479 1042 514 1097 sit
534 1041 603 1098 tides
625 1041 730 1096 dininas
753 1041 862 1113 pollici·
914 1053 1001 1110 qnam
1015 1038 1091 1110 quod
1105 1038 1152 1094 hic
1166 1037 1341 1094 sustinemus
1354 1035 1383 1090 in
1393 1035 1454 1108 ipsa
1466 1035 1608 1108 passione.

70 1136 167 1192 anonis
187 1137 216 1192 iu
232 1136 410 1192 mercedibus
423 1141 452 1192 et
471 1135 602 1209 premiis
626 1134 809 1207 postmodum
822 1151 864 1190 se-

836 1363 964 1376 ψ

459 1555 532 1647 Du
566 1552 1009 1648 EXHORTATIONE
1043 1550 1320 1643 dilaniati

100 1794 157 1850 Cir.
170 1795 191 1850 l.
207 1824 244 1834 -
258 1794 335 1860 Quod
346 1794 421 1850 idolo
437 1795 475 1865 (il
491 1795 533 1849 dii
545 1809 601 1850 non
613 1797 679 1859 sint,
696 1799 722 1851 et
735 1795 810 1866 quod
823 1805 909 1878 occB
920 1792 1054 1866 quoniam
1069 1792 1130 1864 ipse
1152 1788 1270 1863 quidem
1284 1789 1364 1859 vixit,
1381 1788 1422 1844 illi
1437 1792 1534 1844 autem
1556 1803 1704 1859 nunquam
1719 1809 1732 1836 ι»

196 1889 329 1945 clementa
345 1892 400 1956 oica
413 1890 524 1944 morum
538 1889 650 1945 colendo
663 1891 726 1944 sint.
920 1885 1009 1959 (Sap,
1026 1901 1071 1956 xv,
1086 1884 1189 1956 ls-lr).
1207 1884 1319 1940 Etenim
1339 1881 1455 1939 Exodo:
1472 1901 1486 1934 ιι
1502 1883 1562 1936 Non
1582 1881 1669 1936 iacies
1683 1879 1735 1934 tibi

99 1981 257 2038 ostenditur
272 1982 302 2037 iu
321 1983 435 2038 Psalmo
456 1998 540 2040 curn:
562 2003 575 2032 n
594 1981 671 2038 idola
687 1982 815 2054 gentiana
829 1998 871 2037 ar·
921 1981 1029 2036 idolum
1059 1997 1111 2036 nec
1137 1980 1307 2051 cujusquam
1337 1975 1554 2032 similitudinem
1584 1997 1597 2025 n
1623 1973 1735 2046 qlicod,

5 2107 6 2158 3
72 2083 174 2147 gentum
189 2082 218 2132 et
231 2093 345 2145 aurum,
360 2092 447 2148 opera
458 2078 482 2112 ²⁸
497 2093 637 2132 mannum
654 2077 815 2132 hominurn.
836 2077 871 2132 Os
922 2091 967 2145 ιι,
981 2077 1018 2146 t).
1034 2077 1103 2132 item
1125 2073 1201 2145 apud
1224 2074 1407 2128 Salomonem
1421 2072 1455 2125 de
1469 2069 1617 2125 elementis
1633 2086 1639 2124 :
1658 2089 1672 2117 e
1685 2067 1738 2122 Ne-

5 2159 7 2262 .
72 2169 198 2226 babentet
216 2187 276 2226 nou
297 2172 464 2244 loquuntur,
484 2172 582 2227 oculos
597 2171 703 2226 babent
721 2175 749 2226 et
763 2186 819 2226 non
834 2171 873 2224 ui·
923 2185 979 2241 quc
993 2185 1080 2242 opera
1089 2168 1270 2224 attendentes
1280 2167 1459 2236 agnoverunt
1472 2164 1534 2235 quis
1545 2168 1617 2218 esset
1627 2161 1737 2228 artifex,

5 2275 7 2324 ὲ
72 2262 137 2332 dent,
151 2281 237 2320 aures
253 2263 360 2320 habent
373 2267 403 2319 et
424 2281 482 2320 non
498 2264 664 2320 audiunt²⁹.
685 2265 781 2334 Neque
795 2264 873 2320 anim
924 2263 973 2318 scd
996 2268 1046 2318 ant
1067 2263 1176 2334 ignem,
1198 2267 1246 2316 aut
1271 2259 1415 2332 spiritum,
1435 2262 1484 2312 ant
1498 2257 1617 2312 citatum
1630 2271 1737 2322 acrem,

72 2357 276 2429 astspiritusin
298 2357 873 2430 areipsorurn.Similesillisllant³⁰qui
924 2362 1094 2429 autgyrnm
1122 2355 1280 2422 stellarum,
1301 2352 1740 2423 autninaiamaquam,autso-

72 2451 163 2507 iaciunt
174 2468 209 2506 ea
220 2453 258 2505 ³¹.
275 2473 289 2502 »
304 2453 375 2506 ltem
386 2452 416 2507 in
429 2451 574 2524 Sapientia
587 2451 766 2508 Salomonis:
781 2473 794 2504 a
810 2452 875 2507 Om-
925 2453 982 2506 lem
1003 2457 1053 2506 aut
1074 2452 1174 2505 lrrnarn
1197 2449 1234 2520 (8)
1259 2448 1329 2504 deos
1351 2448 1535 2518 putaverunt.
1563 2445 1692 2510 Quorum
1717 2443 1739 2498 si

72 2543 346 2600 ninidolanationum
357 2545 876 2617 aestimaveruntdcos3quillnsneque
925 2549 1041 2618 propter
1062 2545 1187 2616 speciem
1211 2543 1264 2597 hoc
1285 2541 1506 2608 estimaverunt,
1529 2539 1619 2594 sciant
1632 2543 1741 2610 quanto

72 2638 204 2693 oculorum
229 2654 301 2693 usus
314 2642 358 2694 est
379 2638 414 2694 ad
436 2639 603 2708 videndum,
619 2655 711 2710 nequa
736 2655 818 2694 nares
841 2640 876 2694 ad
926 2639 961 2694 iis
975 2639 1112 2694 [lominus
1127 2639 1164 2692 sit
1179 2636 1340 2708 speciosior.
1361 2637 1417 2689 alut
1432 2633 1455 2688 si
1473 2634 1591 2688 virtutes
1613 2639 1642 2688 et
1655 2648 1743 2704 opera

71 2732 276 2802 percipiendum
299 2733 476 2804 spiritum³²‚
500 2749 593 2805 neque
615 2750 698 2788 aures
712 2733 747 2788 ad
760 2733 877 2788 andien—
927 2749 1027 2788 earum
1047 2731 1144 2787 mirati
1166 2733 1242 2797 sunt,
1269 2728 1434 2798 intelligant
1455 2727 1489 2782 ab
1513 2727 1581 2798 ipsis
1601 2726 1742 2799 quoniam

5 2861 6 2874 ι
72 2823 140 2893 dnm,
155 2843 251 2899 neque
267 2825 350 2898 digiti
373 2827 402 2882 in
426 2827 560 2882 manibus
574 2827 609 2882 ad
625 2827 813 2894 tractandum,
827 2827 876 2882 sed
929 2827 977 2899 qni
991 2827 1053 2881 haec
1067 2825 1215 2881 constituit
1233 2823 1318 2878 tortia
1330 2822 1431 2877 fortior
1448 2825 1494 2876 cst
1506 2821 1560 2876 illis
1575 2841 1589 2870 n
1604 2821 1636 2874 ³⁸.
1656 2822 1743 2891 (Sap,

72 2923 95 2972 et
106 2921 186 2990 pedes
200 2937 304 2976 eorum
319 2921 395 2992 pigri
408 2921 444 2976 ad
459 2921 675 2976 ambulandum.
693 2921 783 2976 llomc
800 2921 877 2976 enim
928 2937 988 2983 ιιιιι,
1005 2919 1072 2991 1-4).

72 3011 206 3085 tantillos,
219 3015 308 3087 etqui
321 3014 454 3086 spiritum
467 3019 665 3070 mutuatusest
676 3015 833 3070 tinxitillcs
843 3016 876 3068 ³³.
966 3012 1059 3087 657
1072 3013 1140 3070 Car.
1156 3013 1189 3066 ll.
1206 3041 1239 3052 -
1253 3011 1329 3079 Quod
1339 3013 1408 3066 Deus
1419 3011 1491 3065 sotus
1506 3007 1545 3082 (9)
1560 3009 1687 3065 conadae
1697 3011 1743 3065 sit.

73 3105 149 3162 Neara
170 3111 273 3164 antem
296 3108 349 3163 sibi
369 3109 492 3163 similem
513 3109 599 3164 homo
612 3108 816 3179 poteritdeum
829 3109 880 3164 lin·
966 3107 1042 3164 Sicut
1065 3107 1200 3178 scriptum
1222 3107 1299 3160 est³⁶
1323 3122 1359 3159 z«
1383 3105 1536 3159 bominum
1559 3105 1649 3158 Deum
1664 3107 1745 3159 tunm

73 3214 130 3269 gere
145 3219 152 3256 :
168 3218 238 3257 cum
254 3202 291 3256 sit
305 3202 384 3256 enim
414 3202 550 3270 mortalis,
565 3204 711 3258 mortuum
726 3203 808 3274 fingit
820 3173 918 3258 mss-C
932 3201 1073 3269 adorabis,
1096 3206 1125 3256 ct
1147 3200 1187 3255 illi
1210 3199 1263 3255 soli
1275 3199 1381 3254 seruies
1404 3221 1418 3248 »
1435 3200 1537 3270 (Dent,
1554 3215 1590 3267 vr,
1606 3199 1660 3269 13).
1675 3200 1745 3253 ltenr

73 3290 143 3346 nibus
166 3292 285 3364 iniquis.
308 3292 403 3348 ilelior
416 3294 460 3347 est
473 3297 570 3347 autem
584 3291 645 3364 ipse
661 3292 696 3346 iis
712 3309 784 3365 quos
803 3293 879 3358 colit,
930 3295 961 3350 in
987 3295 1082 3351 Exodo
1109 3313 1114 3348 :
1139 3315 1152 3344 ιι
1168 3295 1228 3350 Non
1251 3299 1335 3350 erunt
1357 3293 1408 3348 tibi
1430 3292 1470 3348 dii
1484 3291 1532 3348 alii
1545 3292 1653 3363 absque
1669 3307 1714 3347 me
1730 3311 1744 3342 a

751 3477 855 3544 Variae
884 3478 1057 3547 lectiones.

96 3627 567 3694 “Probatumjametprmdictnm
582 3628 680 3679 itod.t.
714 3627 735 3661 ¹⁷
748 3627 783 3678 Et
798 3628 852 3679 hoc
872 3631 937 3679 Voce.
949 3629 973 3680 3.
1007 3629 1029 3662 ¹⁸
1039 3629 1116 3695 Opus
1132 3631 1203 3681 tom.
1219 3628 1296 3680 Edon.
1313 3627 1374 3680 Bod.
1391 3628 1451 3690 ld,
1462 3628 1488 3688 ³,
1499 3629 1525 3678 t.
1539 3628 1595 3678 tin.
1608 3627 1663 3679 Nc.
1680 3631 1703 3692 i,
1721 3631 1744 3680 2.

75 3700 122 3748 t'er.
154 3699 325 3760 ¹’Audirmt
338 3709 419 3751 nares
431 3700 536 3751 habam
550 3703 578 3750 et
590 3712 645 3750 non
660 3697 826 3760 odorabunt,
838 3713 938 3752 manns
947 3700 1052 3752 babent
1066 3707 1094 3753 et
1104 3715 1160 3754 non
1174 3701 1336 3766 palpabunt,
1349 3699 1579 3753 conclamabunt
1593 3701 1622 3751 in
1637 3705 1748 3765 gutture

71 3771 174 3820 suntin.
210 3773 231 3804 ³⁰
248 3769 307 3820 Illis
319 3771 374 3821 siut
395 3772 456 3821 Ben.
475 3773 531 3822 Ver.
551 3770 619 3821 tom.
636 3767 712 3820 lidos¹
727 3773 792 3820 sunt
811 3770 910 3820 Vocas.
945 3775 965 3804 ³¹
977 3771 1096 3822 Faciunt
1108 3785 1151 3834 ea,
1166 3775 1194 3824 et
1205 3772 1361 3836 omnesqui
1387 3770 1531 3822 confidunt
1545 3771 1627 3821 ineis
1646 3773 1708 3822 sod.
1724 3775 1748 3824 3.

71 3839 304 3906 ‘'accipiendnm
319 3841 447 3905 spiritum
467 3841 529 3892 liod.
545 3845 568 3892 t.
603 3845 623 3874 ³¹
652 3841 775 3892 Istlnxit
796 3841 858 3892 illos
889 3843 958 3892 Voss.
993 3844 1013 3876 ³⁴
1030 3843 1099 3894 llaec
1124 3843 1276 3905 constituit,
1299 3843 1451 3894 tortiorest
1478 3842 1533 3892 illla
1552 3842 1615 3893 lind.
1639 3843 1664 3906 t,
1686 3844 1710 3908 Ξ,
1727 3849 1750 3894 t.

73 3909 88 3954 1³
97 3909 236 3975 Scriptum
256 3913 299 3962 est
309 3911 338 3960 in
352 3910 570 3963 Deuteronomio
584 3913 661 3963 Osca.
677 3914 746 3962 Lam.
761 3913 839 3962 door.
854 3914 910 3963 din.
929 3915 997 3963 Voss.
1014 3915 1036 3964 l.
1055 3913 1118 3964 flod.
1138 3914 1163 3974 l,
1178 3913 1203 3974 2,
1218 3915 1243 3971 t,
1255 3913 1280 3963 t.

714 4059 829 4141 Stepb.
852 4058 976 4124 liuluzii
998 4063 1097 4124 notae.

97 4173 126 4234 til
153 4173 231 4238 Quod
267 4173 350 4224 idolo.
377 4173 496 4225 idalium
524 4180 710 4239 peccaverunt
745 4177 827 4244 Angli
856 4181 885 4229 in
936 4191 998 4229 sum
1012 4176 1183 4243 cyprianum
1200 4177 1249 4229 lib.
1265 4191 1293 4229 ιιι
1316 4176 1542 4238 testimoniorum,
1562 4189 1613 4241 cap
1633 4177 1673 4240 29,
1701 4178 1750 4229 nbi

71 4241 117 4293 bac
133 4245 197 4296 loco
219 4249 251 4296 et
276 4245 305 4294 in
330 4245 415 4295 initiis
441 4247 566 4296 omnium
591 4247 777 4313 capitulorum
803 4249 887 4313 nujus
936 4249 1101 4301 idemlocus
1123 4250 1248 4302 retertur.
1263 4250 1299 4300 At
1319 4260 1380 4312 ego,
1406 4261 1472 4299 cum
1489 4247 1536 4297 illa
1556 4261 1611 4298 non
1635 4249 1750 4300 invene-

73 4313 126 4362 litei
139 4321 167 4365 et
184 4329 289 4368 eorum
316 4329 379 4380 quae
403 4321 469 4366 sunt
493 4317 529 4368 od
551 4318 703 4380 Quirinum.
730 4319 887 4372 Posuerunt
936 4324 988 4373 rim
1014 4324 1043 4373 in
1068 4323 1125 4374 ullo
1153 4337 1249 4376 corum
1276 4325 1401 4374 veterum
1423 4319 1622 4384 exemplarium
1647 4322 1751 4387 quibus

71 4386 136 4436 enim
147 4388 175 4437 in
191 4387 322 4451 margine
343 4389 465 4454 capitula
488 4403 607 4454 quorum
629 4394 725 4455 postea
746 4392 887 4456 probatio·
936 4397 1007 4456 utor,
1023 4393 1113 4446 desint
1126 4399 1219 4448 autem
1231 4397 1259 4446 in
1270 4393 1401 4444 omnibus
1413 4391 1582 4442 editionibus
1593 4391 1751 4444 Pameliana

70 4467 113 4505 nes
132 4469 166 4507 ex
185 4457 334 4522 Scriptura
360 4457 438 4510 affert
470 4459 636 4525 Cyprianus.
660 4460 700 4512 Ea
731 4474 798 4513 vero
824 4464 887 4528 quis
937 4465 1150 4531 antiquioribus,
1165 4481 1198 4518 ea
1211 4464 1312 4516 sustuli
1326 4463 1362 4514 ab
1375 4463 1431 4514 boc
1440 4463 1513 4514 loco.

72 4525 185 4579 divinare
200 4532 301 4594 posset
315 4539 375 4580 asse
391 4530 532 4595 Cypriani,
547 4545 611 4584 cum
624 4531 664 4582 illi
678 4544 787 4596 semper
801 4503 926 4598 appo-D
967 4539 1002 4599 (9)
1031 4537 1107 4601 Quod
1132 4540 1198 4588 Deus
1219 4535 1299 4588 scius.
1329 4535 1392 4585 'l'ria
1414 4536 1478 4584 sunt
1499 4535 1577 4584 initio
1601 4536 1681 4585 istius
1704 4549 1750 4586 ca-

71 4611 128 4650 nere
152 4603 268 4652 soleant
291 4603 321 4653 tn
343 4603 468 4666 margine
494 4606 644 4656 summaria
667 4618 762 4655 eurum
794 4619 886 4658 rerum
937 4610 1001 4674 pitis
1014 4609 1043 4659 in
1064 4610 1186 4674 antiquis
1200 4605 1330 4670 exempla
1343 4605 1427 4655 ribus.
1450 4604 1591 4665 Quasdam
1610 4607 1684 4655 enim
1699 4605 1752 4655 ha-

72 4684 127 4732 que
144 4673 253 4723 suntin
270 4675 418 4734 contextu;
436 4677 587 4726 summaria
601 4687 666 4726 vero
683 4677 805 4739 ipsorum
822 4677 887 4738 sint,
937 4681 1021 4732 baut:
1048 4681 1121 4742 Quod
1148 4681 1215 4730 Deus
1240 4676 1312 4729 solos
1330 4677 1371 4726 sit.
1393 4678 1424 4725 ln
1447 4675 1558 4726 lisodo:
1578 4675 1637 4726 Non
1665 4685 1749 4728 erarii.

72 4753 120 4792 nou
133 4742 270 4808 Cypriani
288 4756 341 4795 nec
362 4747 488 4795 veterum
502 4744 698 4797 librariorum?
717 4745 795 4798 Adde
812 4749 887 4812 quod
938 4752 1000 4800 Alia
1020 4763 1108 4802 vero:
1134 4749 1206 4811 Quod
1227 4749 1294 4798 Deos
1309 4746 1378 4797 solcis
1400 4745 1523 4797 cateridem
1536 4747 1580 4798 sit.
1596 4746 1750 4800 tn-Eradc:

72 4815 200 4878 ineptum,
214 4821 249 4866 ut
266 4816 335 4866 mihi
350 4816 467 4878 videtur,
482 4819 596 4869 initium
612 4819 693 4870 iatius
705 4818 768 4869 libri
787 4833 888 4883 posuc—
939 4823 1081 4872 Dominum
1096 4821 1177 4869 Deum
1194 4824 1274 4868 tuum.
1290 4819 1352 4868 Alia
1365 4817 1505 4882 denique:
1528 4818 1601 4879 Quod
1619 4821 1687 4869 Deus
1707 4836 1749 4870 oc-

73 4891 137 4948 ruut,
156 4890 361 4952 incipientesa
386 4889 471 4939 verbo
496 4890 653 4941 ostenditur.
675 4889 799 4941 Proclive
816 4896 888 4943 esset
939 4890 1030 4940 landos
1051 4895 1095 4948 est,
1120 4892 1185 4941 sicot
1206 4891 1332 4953 seriptum
1350 4893 1395 4940 cst.
1420 4889 1501 4938 Derim
1521 4893 1593 4939 tuum
1617 4891 1752 4942 odoratis.

71 4957 238 5026 intemogare
250 4959 318 5023 quid
333 4958 387 5010 boc
404 4959 465 5010 lcco
484 4959 622 5024 significet
647 4973 699 5011 nox
727 4961 888 5026 ostenditur,
941 4965 1031 5027 Atque
1052 4975 1103 5027 ego
1134 4961 1207 5012 hanc
1240 4964 1407 5024 postremam
1434 4959 1582 5012 lectionem
1610 4964 1754 5026 amplexus

72 5043 129 5094 qaae
142 5033 229 5084 debet
239 5031 335 5082 reterri
348 5031 382 5080 ad
396 5029 502 5096 aliquid
523 5031 699 5084 antecedens.
725 5033 781 5084 Nos
806 5047 889 5098 repo·
938 5049 1011 5097 sum,
1026 5035 1092 5099 quia
1103 5033 1199 5084 nititur
1213 5033 1375 5084 auctoritate
1392 5035 1517 5082 veterum
1542 5034 1752 5098 exemplarium.

70 5107 170 5156 salmas
184 5105 477 5170 summariscepitum
499 5107 527 5157 in
544 5110 685 5170 contextu,
699 5109 740 5160 uti
759 5112 887 5173 parerat,
939 5107 1012 5158 Saue
1047 5106 1070 5155 si
1101 5104 1226 5156 locorum
1265 5116 1351 5155 sacrae
1397 5100 1547 5167 scripturae
1588 5117 1652 5168 quas
1693 5107 1754 5158 istic

71 5179 264 5228 existimantes
294 5175 496 5241 explodendam
532 5191 593 5230 esse
631 5179 705 5230 banc
728 5181 888 5240 nectutem,
939 5177 1096 5228 reseruntur
1131 5174 1260 5226 habenda
1309 5176 1382 5226 esset
1418 5175 1495 5234 ratic,
1533 5173 1651 5226 dubium
1698 5191 1755 5229 non

73 5249 245 5299 retinendam
281 5260 342 5298 asse
370 5249 572 5313 antiquitatem.
605 5251 672 5301 iioec
703 5252 779 5301 enim
812 5264 888 5301 sum·
939 5251 1013 5299 esset
1039 5247 1106 5311 quin
1135 5244 1280 5296 retinenda
1306 5245 1389 5295 tuerit
1400 5243 1557 5297 emendatio
1571 5247 1755 5311 posterorum

72 5321 151 5371 maria
193 5320 268 5371 sunt
303 5319 395 5382 potius
429 5317 530 5380 theses,
568 5320 603 5370 ad
637 5335 754 5385 quarum
791 5321 890 5386 proba·
940 5319 1088 5370 editorum.
1114 5316 1256 5368 interdum
1282 5317 1384 5381 quippe
1403 5319 1511 5367 veteres
1539 5320 1687 5382 scripiorcs
1707 5333 1757 5384 per

72 5391 170 5442 donem
213 5389 374 5452 Cyprianus
408 5388 521 5440 adducit
551 5391 708 5442 testimonia
746 5393 891 5456 sequentia
941 5390 1049 5454 lapsum
1063 5389 1205 5438 memorias
1218 5389 1280 5439 loco
1301 5401 1388 5439 sacrae
1411 5385 1564 5452 Scripturas
1582 5390 1698 5441 laudant
1719 5405 1754 5442 ex

73 5470 197 5512 cx'sacra
209 5459 362 5524 Scriptura.
377 5460 498 5523 ideoque
514 5461 541 5510 in
552 5461 720 5525 quibusdam
734 5463 812 5514 libris
822 5464 891 5514 anti·
942 5463 1003 5512 aliis
1015 5461 1094 5522 locis,
1109 5473 1194 5525 quam
1211 5460 1245 5510 ils
1262 5459 1311 5510 ubl
1325 5472 1392 5512 vere
1406 5457 1555 5522 habentur,
1570 5475 1623 5512 nec
1640 5475 1672 5512 ea
1694 5463 1759 5513 licet

74 5533 131 5595 quis
148 5531 213 5584 haec
235 5531 386 5582 autumaris
404 5533 507 5595 scripta
522 5537 588 5583 unt
598 5534 761 5597 majusculis
775 5534 892 5586 charac-
942 5533 1091 5584 emendare
1106 5531 1212 5596 absque
1233 5531 1398 5582 auctoritate
1419 5534 1543 5582 veterum
1564 5532 1708 5595 librorum,
1729 5536 1760 5582 ut

76 5603 185 5652 teribus.
942 5603 1076 5667 exemplis
1089 5603 1269 5652 ostendamus
1286 5602 1314 5650 ln
1328 5601 1403 5652 notis
1415 5601 1449 5652 ad
1466 5601 1568 5654 librum
1587 5615 1759 5668 anonymum

101 5675 132 5736 lii)
156 5674 212 5726 Aut
241 5670 341 5723 taenara¹
369 5671 509 5724 pamelius
542 5673 642 5740 adjecit
673 5682 786 5729 rectores
819 5676 893 5728 orbis
942 5673 1189 5739 defleboptismote.
1212 5673 1559 5738 itaquesecuriusvisum
1581 5674 1760 5726 eatretinere

74 5749 206 5796 tenorum
229 5755 269 5796 ex
283 5743 336 5794 tide
351 5743 471 5794 ducrum
486 5749 612 5798 veterum
626 5747 768 5812 librorum,
783 5752 811 5800 st
828 5748 894 5813 qula
942 5743 1091 5799 landonem
1106 5745 1367 5810 manuscriptorum.

74 5815 113 5867 sic
128 5815 234 5882 legitur
252 5815 282 5863 ia
295 5815 383 5879 capite
395 5827 446 5866 ιιιιι
458 5813 522 5866 libri
541 5817 682 5883 Sapientiae
699 5823 727 5872 et
747 5817 821 5886 apud
846 5819 892 5885 ip-

240 5901 378 5986 Psrson.
402 5903 455 5974 tv.
1566 5907 1604 5968 22
