4076 6190
123 287 161 342 ns
563 271 569 276 '
771 277 848 342 vira
866 285 894 341 s.
914 282 1085 340 enarrat.
1725 281 1775 340 sao

120 413 182 471 omni
199 410 280 466 lauda
291 410 464 480 cumulatus,
477 411 513 468 dc
526 424 584 484 quo
598 417 706 486 quanta
715 414 822 486 judicia
837 415 909 470 iece-
920 421 948 498 Α
959 416 1024 468 rent
1038 409 1161 466 tlrmiter
1176 425 1208 466 ac
1231 411 1361 466 tenerent
1384 431 1399 458 ιι
1422 409 1516 483 [epist.
1530 409 1585 480 lli.
1599 409 1665 465 lleac
1680 413 1774 464 autem

120 508 148 563 rit
163 505 307 578 Cyprianus
322 519 357 560 er
372 505 504 576 pluribus
522 505 597 562 illius
621 508 748 579 epistolis
772 509 908 580 perspici-
958 505 1129 577 acypriano
1142 519 1175 559 aa
1196 509 1293 559 manta
1309 505 1425 576 ejusque
1446 504 1563 576 collegis
1577 501 1688 575 provisa
1703 519 1773 573 esse,

119 607 162 666 tar,
171 599 316 670 presertim
328 613 362 653 ex
376 599 458 670 epist.
474 603 517 656 52.
528 601 723 658 Consmtbanc
737 602 906 658 electionem
958 605 990 655 ut
1001 598 1123 656 Cornelii
1139 597 1305 654 electionem
1319 597 1488 667 stabilirent,
1502 611 1560 653 non
1572 597 1649 669 quod
1663 611 1728 652 earn
1743 597 1774 652 in

118 697 201 750 iactam
213 692 300 748 lousa
311 696 374 763 post
387 692 604 768 Pascbe124
618 695 703 768 bnjns
716 697 784 750 anni
796 699 859 765 951,
874 696 909 750 si·
958 692 1151 765 suspicionem
1163 695 1299 746 vocarent
1310 691 1392 757 ;indc
1405 691 1488 746 etiam
1501 691 1682 763 perspicitur,
1698 689 1772 761 quod

120 788 217 860 quidem
229 787 394 858 Cyprianus,
404 786 454 858 qui
463 787 680 860 Carthaginem,
691 789 795 862 elapsis
808 789 908 846 diebos
958 785 1117 858 Cyprianus
1133 806 1146 836 a
1171 785 1293 856 siugulis
1309 785 1521 855 navigantibus,
1543 799 1579 838 ne
1595 799 1660 838 curn
1678 781 1772 857 125

117 881 193 950 latis,
213 879 312 946 rediit,
331 881 485 936 concilium
498 879 621 938 lrababat
635 897 700 937 cunr
715 881 830 956 collegis
843 897 907 938 cum
958 877 1094 934 scandalo
1109 879 1166 934 ullo
1180 879 1352 950 navigarent
1364 878 1502 932 rationem
1518 877 1668 946 reddebat,
1683 897 1696 926 a
1714 893 1774 932 cos-

116 975 186 1045 bajus
199 973 339 1028 electionis
350 975 470 1030 nuntirrs
486 975 588 1032 aflatus
609 980 660 1032 est.
684 977 844 1040 Quinetiam
860 993 906 1032 ne·
959 988 1015 1046 que
1038 971 1206 1028 hortabatur
1223 993 1236 1021 a
1252 975 1284 1026 ut
1298 971 1424 1026 Ecclesia
1441 971 1585 1026 catholice
1600 969 1727 1025 radicem
1742 987 1774 1025 ac

117 1083 159 1140 que
169 1067 202 1121 ad
214 1066 289 1122 diem
301 1072 434 1139 quartum
442 1069 518 1141 junii
533 1069 634 1125 electio
650 1069 806 1126 differenda
817 1077 869 1140 cst,
885 1071 909 1125 si
959 1067 1108 1122 matricem
1124 1071 1311 1137 agnoscerent
1331 1081 1363 1120 ao
1384 1065 1526 1131 innocent,
1542 1083 1556 1114 c
1582 1063 1610 1119 id
1633 1069 1692 1126 esi,
1708 1055 1774 1118 cuni

116 1159 237 1216 Pmuonii
260 1161 441 1232 conjecurres
469 1177 640 1235 sequentur,
662 1181 726 1236 quaa
751 1165 909 1236 probabiles
958 1157 1635 1218 cornetioccmmunicarent.sedumentinere
1649 1156 1776 1228 adpres-

115 1254 274 1310 lillcmontio
294 1255 362 1310 risse
376 1261 454 1311 snut.
466 1255 549 1324 Nam,
563 1271 629 1312 oum
644 1273 676 1312 es
691 1257 800 1314 duobus
815 1260 908 1331 ponti·
957 1253 1072 1326 bytcros
1087 1258 1116 1308 et
1128 1253 1276 1322 diaconos,
1298 1267 1354 1306 non
1369 1251 1403 1306 ad
1421 1251 1587 1310 Cornelium
1608 1249 1775 1322 dirigeban-

117 1347 242 1416 icalibns,
256 1349 357 1404 altera
378 1350 521 1406 bucherio
533 1353 734 1424 promulgatus
747 1352 908 1408 Cornelium
958 1351 1131 1416 tur3etcnm
1141 1347 1336 1417 Cyprianusac
1352 1345 1477 1402 Cerealis
1493 1344 1698 1400 lladrnmetum
1709 1347 1775 1399 anta

116 1441 174 1496 duos
184 1458 278 1510 annos,
292 1449 472 1499 tresmcnscs
482 1445 618 1500 etdcoem
632 1445 693 1502 dies
706 1445 813 1500 sedisse
823 1445 908 1516 dicat,
959 1439 1086 1498 reditum
1100 1440 1260 1512 legatorum
1270 1439 1425 1506 recusent,
1440 1455 1472 1494 ac
1481 1437 1663 1510 presbyteros
1676 1441 1705 1493 et
1719 1436 1777 1492 dia·

116 1535 910 1604 aliuabollandoeditusunumS.Pontiticiannum,duos
958 1550 1044 1590 conos
1065 1534 1139 1589 illius
1160 1533 1298 1601 civitatis,
1321 1521 1439 1588 absente
1455 1532 1609 1604 polycarpo
1629 1530 1774 1603 episcopo,

116 1643 210 1684 nenses
221 1635 248 1684 et
263 1635 321 1685 tres
335 1629 397 1686 dies
418 1631 565 1701 attribuat,
581 1633 761 1702 pearsonius,
781 1649 814 1689 ex
829 1634 907 1689 utro·
959 1627 1120 1684 docuissent
1139 1626 1210 1699 quid
1230 1628 1260 1682 iu
1277 1625 1397 1682 concilio
1420 1627 1566 1682 decretum
1580 1625 1679 1680 fuisset
1689 1641 1698 1694 ;
1720 1623 1775 1696 ipsi

117 1739 160 1794 qna
179 1738 331 1795 excerpam
352 1739 417 1796 quse
435 1725 586 1781 convenire
608 1725 666 1782 sisa
688 1730 771 1797 sunt,
794 1732 822 1782 et
845 1743 909 1800 quaa
960 1736 1074 1794 qunque
1087 1722 1164 1793 quod
1179 1721 1315 1776 etcateri
1336 1720 1488 1775 observare
1502 1723 1658 1791 ceperunt,
1682 1721 1710 1773 at
1724 1717 1773 1774 lit·

115 1816 192 1872 uinus
212 1817 391 1889 quadrabant
414 1819 580 1888 emandans,
614 1821 778 1878 Cornelium
803 1795 1034 1876 aedisscssteras
1048 1813 1393 1886 presbyterisetdiaconis
1405 1813 1542 1870 Romanis
1554 1812 1773 1886 inscripserunt,

114 1927 203 1965 aarum
214 1927 315 1980 mam,
330 1917 388 1968 tres
401 1928 513 1970 mense
524 1919 551 1969 et
566 1913 666 1970 decern
681 1914 741 1970 uias
756 1915 908 1981 existimat,
959 1908 1088 1982 quumvis
1110 1911 1193 1963 antea
1214 1907 1249 1963 ad
1266 1907 1359 1979 ipsum
1373 1906 1537 1962 commum
1557 1905 1704 1978 Polycarpi
1720 1919 1773 1960 no-

114 2005 192 2076 sioqae
212 2005 384 2062 electionem
409 2006 497 2063 relert
519 2007 553 2063 ad
576 2007 652 2064 diem
680 2014 815 2080 quartum
834 2009 910 2082 junii
959 2003 1037 2058 mine
1048 2002 1150 2058 litterar
1159 2001 1355 2072 dirigerentur
1368 2000 1474 2073 (ibid).

114 2101 162 2166 ur,
174 2104 202 2154 nt
215 2114 277 2154 eam
294 2115 360 2154 cum
381 2099 470 2172 ipsius
482 2105 577 2158 morta
596 2101 735 2170 conciliet,
752 2117 839 2175 qnam
853 2103 907 2159 ldi-
995 2099 1155 2168 Antequam
1165 2095 1293 2152 redirent
1306 2095 1404 2166 legati,
1416 2099 1555 2150 venerunt
1569 2092 1773 2165 Carthaginem

113 2189 154 2245 bns
165 2191 335 2263 Septembris
346 2209 424 2249 anno
438 2197 490 2250 252
504 2195 658 2268 contigisse
668 2196 767 2253 multia
781 2197 908 2270 magnis-
959 2189 1037 2244 missi
1051 2205 1067 2243 a
1087 2189 1244 2245 Noratiano
1257 2189 1395 2244 iluimus
1409 2187 1558 2260 presbyter
1572 2191 1601 2242 et
1619 2186 1774 2259 lugendus

113 2301 155 2356 quc
167 2285 273 2341 indiciis
284 2289 378 2359 patet.
960 2283 1106 2352 (imbuas,
1121 2286 1150 2338 et
1159 2282 1298 2340 llucbuue
1307 2281 1424 2354 quidam
1436 2285 1466 2336 et
1474 2281 1637 2354 longinus:
1651 2295 1774 2352 cumque

139 2379 910 2454 duratos‚quitnbirica«primumdiacordiaeccacbic.
959 2375 1773 2450 erlitteriaquassccumterebaot‚ctexaornmsermonc

112 2473 180 2528 mtis
191 2473 360 2530 incendium
371 2475 571 2544 seminaverat,
583 2497 597 2526 a
613 2481 643 2531 ot
655 2477 864 2550 aitcyprianuc
879 2477 909 2534 in
959 2475 1045 2542 atque
1060 2469 1266 2526 asseveratione
1280 2469 1469 2526 Novatianum
1484 2468 1649 2540 episcopum
1663 2467 1772 2524 factum

113 2567 181 2636 epist.
194 2569 269 2637 tt,a
294 2569 414 2625 llornam
427 2584 542 2642 qnoque
561 2569 597 2625 ad
612 2572 795 2627 evertendam
814 2572 908 2628 Eccla-
959 2563 1115 2636 Cyprianus
1125 2565 1242 2636 eiusque
1254 2564 1373 2635 collegae
1386 2561 1601 2634 comperissent,
1615 2577 1632 2616 a
1645 2577 1774 2618 commn-

112 2660 169 2715 sinm
180 2661 327 2734 navigans,
350 2661 455 2719 similia
475 2663 532 2719 illic
554 2669 583 2718 et
603 2664 683 2736 paria
694 2665 810 2721 molitus
823 2670 874 2722 est.
892 2687 906 2716 a
959 2657 1046 2714 nione
1058 2673 1107 2714 coe
1119 2657 1215 2714 statim
1228 2656 1402 2714 cohibendos
1419 2671 1480 2711 esse
1498 2659 1679 2724 censuerunt,
1694 2655 1772 2711 reiu-

112 2753 181 2809 lledit
191 2770 220 2810 ss
238 2756 403 2827 Noradano,
425 2757 508 2830 eique
532 2773 597 2812 suaa
618 2761 693 2814 artes
708 2763 736 2814 et
753 2759 908 2815 fecundum
958 2756 1023 2812 tatis
1037 2755 1152 2812 interim
1165 2771 1197 2810 ac
1205 2755 1308 2810 retusis
1316 2771 1380 2827 quar
1393 2753 1534 2811 obstinata
1547 2769 1580 2808 ac
1590 2754 1774 2825 pertinaciter

111 2846 241 2918 ingenium
253 2849 370 2906 dicavit
386 2851 569 2922 Nosatianus,
585 2851 640 2908 hoc
661 2851 829 2909 administro
840 2869 907 2910 con·
957 2865 1083 2905 asserere
1099 2849 1257 2904 tentabant.

110 2939 174 3010 fisus,
198 2943 327 3016 quinqua
349 2944 541 3016 presbyteros,
568 2946 719 3002 nonnullos
732 2945 909 3003 confessores
993 2943 1147 3014 Postquam
1161 2942 1268 2996 reversi
1279 2945 1346 2998 sunt
1359 2941 1445 3013 legati
1466 2955 1532 2996 cnm
1546 2940 1648 2996 litteris
1662 2939 1771 3010 episco-

110 3047 134 3086 ro
144 3039 245 3104 partem
258 3035 352 3108 plebis
371 3037 407 3093 ad
420 3053 488 3093 usus
501 3053 568 3094 suos
582 3039 723 3112 adjunxit,
747 3055 779 3094 ac
796 3043 906 3098 Corne·
956 3052 1062 3109 porum
1077 3035 1124 3107 qui
1137 3035 1309 3090 ordinationi
1320 3035 1442 3093 Cornelii
1457 3035 1657 3104 interfuerant,
1671 3047 1770 3105 euper-

110 3125 134 3180 lii
158 3127 312 3186 intercessit
339 3129 488 3198 electioni,
524 3131 608 3188 variis
632 3133 713 3188 illum
741 3132 1097 3235 criminibuscvencrunt
1110 3131 1200 3186 Roma
1212 3127 1459 3201 ducaliiepisccpi
1472 3127 1606 3194 lineari,
1622 3125 1772 3200 Pompeius

110 3234 235 3290 aursana,
258 3223 289 3278 in
307 3223 355 3278 his
378 3223 455 3296 quod
476 3223 572 3280 libello
593 3241 655 3281 sese
674 3227 905 3284 contaminasset.
957 3229 986 3278 et
999 3222 1170 3294 Stephanus,
1184 3223 1245 3294 qni,
1261 3237 1327 3277 cunr
1341 3225 1433 3277 totam
1449 3237 1508 3278 rem
1521 3221 1609 3278 oculis
1619 3221 1677 3276 suis
1689 3219 1772 3276 ridie

110 3311 166 3368 Com
190 3319 312 3388 utraque
334 3333 401 3388 pars
424 3317 583 3390 scripsisset
597 3319 627 3374 in
641 3319 775 3386 Africano,
809 3321 905 3392 ypria-
956 3319 1029 3383 sent,
1046 3337 1061 3366 a
1077 3315 1131 3388 ipsi
1146 3331 1260 3388 qnoque
1273 3315 1307 3370 ad
1325 3313 1507 3371 instruendos
1522 3315 1681 3387 (episcopos
1695 3313 1770 3370 stri·

110 3413 189 3464 nusat
208 3410 327 3480 plurimi
349 3411 397 3466 alii
411 3410 536 3483 episcopi
558 3411 606 3485 qni
629 3413 666 3467 ad
679 3419 905 3484 cumveneraut,
956 3409 1052 3479 canos)
1078 3409 1231 3465 manifesta
1259 3409 1416 3466 secundnm
1435 3409 1605 3480 gravitatem
1630 3423 1663 3464 ac
1685 3405 1772 3464 fldem

109 3515 158 3555 rem
172 3503 238 3558 tanti
252 3505 397 3560 momenti
412 3505 489 3560 omni
503 3506 595 3561 animi
607 3505 766 3578 provisione
779 3513 905 3563 tmotan·
956 3521 1038 3560 euam
1053 3503 1156 3558 indicia
1170 3519 1202 3558 ac
1211 3503 1373 3559 testimonia
1385 3504 1569 3574 protulerunt
1578 3501 1673 3574 (epist.
1687 3500 1743 3572 ll).
1755 3522 1769 3550 a

110 3591 161 3650 darn
182 3595 399 3653 intellexerunt.
423 3598 518 3671 ltaque
540 3599 700 3671 Cyprianus
725 3602 907 3674 praecepitei
957 3597 1029 3652 Duos
1042 3596 1104 3652 illos
1118 3597 1262 3669 episcopos
1282 3597 1400 3652 llornam
1417 3597 1517 3652 missos
1534 3597 1617 3652 luisse
1629 3593 1773 3652 existimat

109 3685 170 3742 clem
182 3692 209 3745 et
219 3690 295 3761 plebi
309 3692 474 3762 legerentur
487 3693 589 3748 litterae
603 3693 829 3766 Corneliisque
842 3697 906 3750 rcli-
956 3689 1133 3759 l'earsouias,
1143 3691 1316 3754 utalectioni
1326 3690 1452 3762 episcopi
1461 3690 1578 3746 Bouiani
1585 3690 1770 3758 interessent3

109 3778 201 3849 gisseni
222 3783 435 3856 simplicitatem
458 3786 601 3842 sonabant
626 3787 793 3859 »illiusque
822 3789 907 3860 «cpi-
955 3783 1197 3852 sed,utobscrvat
1206 3783 1414 3851 tillemontius,
1424 3789 1617 3856 praeterquam
1626 3781 1772 3856 quodnul-

109 3876 220 3939 mpatns
228 3872 439 3930 ordinationem
460 3873 638 3946 singulorum
659 3875 775 3932 auribus
786 3877 904 3932 intima·
955 3877 1015 3933 lum
1026 3883 1117 3933 exstat
1130 3877 1296 3950 exemplum
1312 3877 1453 3949 ejusmodi
1467 3877 1656 3950 legationum,
1671 3891 1722 3933 nec
1736 3876 1771 3931 de

108 3959 154 4030 til;
174 3983 187 4014 s
207 3981 270 4036 quae
297 3981 367 4022 vero
391 3983 426 4022 ex
450 3967 559 4023 diverso
582 3969 715 4025 adsersus
738 3971 905 4027 Cornelium
955 3971 1052 4028 futura
1061 3971 1198 4026 electione
1212 3971 1335 4026 Africani
1346 3970 1503 4044 quidquam
1516 3971 1770 4042 ridenturcogno-

109 4053 208 4126 liumus
219 4058 400 4131 presbyteros
413 4059 443 4115 in
456 4060 776 4134 librumCartbcgiuem
787 4085 801 4114 o
815 4070 906 4119 trans
955 4065 1042 4135 risse,
1058 4067 1132 4120 certe
1150 4065 1173 4120 si
1192 4064 1281 4135 legati
1296 4065 1419 4120 Romam
1434 4065 1469 4120 ad
1490 4063 1543 4120 hoc
1566 4079 1671 4119 monus
1692 4063 1771 4119 missi

109 4147 208 4206 nusum
225 4155 365 4226 corgam
384 4153 501 4210 fucrant
519 4155 749 4213 acerbationibus
771 4158 903 4214 crimino·
955 4157 1084 4228 tuissent,
1099 4173 1215 4214 necessa
1226 4173 1284 4214 non
1297 4157 1396 4213 luisset
1408 4156 1577 4214 caldonium
1591 4157 1772 4212 etl'ortuna-

108 4241 144 4306 sis,
157 4265 169 4290 r
184 4260 216 4300 aa
229 4245 348 4317 penitus
366 4247 475 4318 respuit
491 4247 574 4320 epist.
589 4249 639 4318 li;
658 4249 706 4306 sed
729 4257 904 4308 tamencum
955 4257 1017 4307 tum
1035 4257 1135 4324 postea
1154 4251 1279 4319 mittere,
1299 4251 1348 4306 sed
1362 4249 1541 4306 commodius
1560 4251 1652 4306 multo
1672 4249 1771 4306 iuissm

108 4327 228 4404 epicopis
239 4335 438 4405 compluribus
463 4337 513 4409 qui
535 4336 566 4394 in
592 4353 681 4394 unum
701 4344 904 4409 convenerant,
955 4345 1087 4412 istorum,
1103 4344 1151 4417 qui
1169 4348 1257 4400 totam
1279 4359 1341 4399 rem
1361 4344 1449 4400 oculis
1464 4344 1521 4400 suis
1536 4345 1768 4416 exploraverant,

107 4425 190 4479 stituit
209 4431 239 4482 ut
254 4449 269 4478 α
283 4427 389 4500 legatis
411 4429 583 4502 coepiscopis
602 4431 740 4489 Caldonio
760 4438 790 4490 et
803 4435 903 4490 Fortu·
954 4435 1266 4506 reditumerspectare.
1279 4435 1333 4490 llos
1356 4437 1451 4494 umen
1463 4433 1616 4490 caldonius
1629 4435 1769 4492 etFortu·

107 4519 161 4574 nalo
175 4519 292 4578 Romam
306 4521 409 4591 missis,
425 4523 522 4580 omnia
533 4523 650 4580 interim
664 4525 778 4598 integra
789 4533 1039 4606 suspen-Duatas
1059 4534 1245 4600 occuparunt.
1267 4527 1345 4584 Adeo
1364 4543 1463 4584 rerum
1483 4531 1526 4583 eat
1544 4543 1602 4586 non
1620 4545 1637 4584 a
1655 4527 1770 4600 collegis

108 4607 214 4681 daretur,
224 4615 318 4671 donec
332 4615 420 4672 iidem
434 4617 561 4690 collegae,
576 4619 660 4674 rebus
671 4618 728 4676 illic
742 4625 793 4676 ant
806 4621 842 4676 ad
853 4638 903 4693 pa·
955 4621 1057 4678 missos
1069 4622 1167 4692 tuisse,
1179 4623 1230 4677 sed
1240 4628 1290 4677 aut
1299 4621 1497 4694 persecutione
1510 4622 1643 4678 saviente
1651 4620 1768 4692 legisse,

108 4717 158 4756 cern
171 4705 290 4764 iudaeus
302 4712 413 4781 autpro
426 4710 543 4768 raritate
558 4713 720 4784 compertis,
734 4713 872 4771 redirent.
884 4736 898 4765 n
954 4720 1003 4772 aut
1011 4717 1197 4788 negotiorum
1205 4731 1288 4772 cansa
1298 4717 1416 4770 Romam
1426 4715 1567 4785 proiectos
1577 4729 1648 4770 esse.
1665 4715 1769 4769 llorum

108 4793 158 4852 lion
176 4799 348 4872 ignorabant
368 4804 495 4876 episcopi
516 4805 640 4862 Africani
663 4806 731 4863 satis
753 4806 849 4876 luisse,
872 4825 905 4863 er
954 4810 1121 4866 testimonio
1135 4825 1201 4864 curn
1212 4809 1375 4880 legatorum
1386 4806 1548 4864 narratione
1560 4813 1590 4864 at
1602 4807 1705 4864 litteris
1713 4808 1771 4864 col·

108 4891 282 4964 resumere,
301 4897 332 4950 at
344 4913 374 4952 se
388 4897 536 4954 Cornelius
551 4899 714 4971 episcopum
729 4900 839 4956 iactatur
854 4918 906 4974 per
953 4904 1085 4976 legeram
1097 4901 1223 4959 Cornelii
1232 4899 1437 4969 consentiente,
1454 4901 1493 4956 sic
1504 4901 1541 4957 de
1552 4899 1769 4973 legitimaistiue

108 4979 199 5040 litteras
213 4989 361 5044 nuntiaret
373 5005 381 5058 ;
394 4989 455 5060 sed,
469 4995 502 5046 ut
514 4991 589 5048 illius
603 4991 773 5049 adversariis
787 5010 904 5051 omnem
954 4997 1135 5053 ordinatione
1151 4995 1226 5068 apud
1237 5011 1338 5050 omnes
1351 4994 1489 5063 constitit,
1506 5017 1521 5045 a
1534 4998 1567 5052 ut
1588 5011 1641 5051 nec
1654 5011 1768 5052 necesse

109 5079 292 5144 peuurbandae
305 5083 435 5140 Ecclesia
446 5099 563 5144 causum
575 5087 785 5158 percluderent,
797 5088 905 5145 litteras
954 5090 1041 5146 inerit
1063 5090 1137 5146 ultra
1156 5089 1248 5144 audiri
1270 5105 1320 5144 eoa
1342 5089 1392 5161 qui
1412 5105 1428 5144 a
1450 5089 1607 5146 Noratiano
1631 5094 1769 5146 venerant

109 5171 904 5251 erumperemaquibusordinatuslueratdesideraront,
955 5183 1181 5256 missin(Ibc'd.l.

109 5269 132 5314 et
148 5265 248 5337 lagatos
268 5269 411 5328 mbmunt
428 5273 477 5345 qui
498 5273 549 5330 tras
572 5273 682 5332 litterae
702 5275 855 5344 referrent,
877 5283 907 5332 et
1008 5277 1060 5332 llll.
1074 5307 1109 5318 -
1121 5279 1179 5346 Quo
1193 5282 1310 5348 tempore
1323 5280 1413 5348 erum
1425 5277 1540 5333 caiuma
1554 5281 1714 5337 licentiosi.

109 5359 180 5414 totam
200 5378 261 5418 rem
282 5363 436 5436 diligenter
455 5367 634 5438 exploratam
655 5373 818 5437 narrarent,
841 5389 855 5420 r<
874 5375 907 5425 ut
989 5371 1046 5428 Sed
1059 5387 1117 5426 non
1126 5369 1206 5443 parvi
1216 5371 1333 5426 interest
1346 5370 1382 5425 ad
1391 5385 1488 5426 rerum
1503 5371 1665 5442 aCypriano
1678 5373 1769 5438 gesta·

109 5453 158 5504 tnor
171 5453 295 5526 demum,
311 5459 442 5531 scrupulo
460 5461 538 5518 omiti
558 5461 593 5520 de
613 5462 791 5535 singulorum
808 5469 903 5534 pecto·
954 5479 1018 5520 rum
1032 5464 1175 5529 ordinem,
1187 5480 1242 5536 quo
1256 5469 1386 5538 tempora
1398 5463 1521 5520 schisma
1534 5463 1701 5520 conflaverit
1716 5465 1767 5520 lto

110 5543 173 5600 rilrns
186 5565 313 5622 excusso,
330 5569 379 5624 per
394 5569 495 5610 omnes
510 5556 629 5614 omnino
648 5556 677 5612 in
692 5557 785 5614 Atrion
800 5557 905 5628 positos
953 5557 1095 5627 rabanus,
1109 5573 1167 5630 quo
1182 5561 1314 5628 tempore
1329 5557 1540 5612 ordinationem
1552 5557 1709 5629 susceperit
1723 5555 1766 5611 in·

112 5638 240 5714 trinepos
252 5645 356 5702 litterae
369 5649 479 5718 tierent,
494 5649 697 5708 etCornelium
712 5651 835 5708 universi
849 5653 905 5708 ool·
955 5651 1077 5724 quir-erc.
1090 5650 1203 5723 Opinati
1215 5657 1283 5706 suot
1296 5650 1422 5704 Valesius
1436 5655 1465 5705 ct
1480 5649 1650 5705 Pescennius
1663 5649 1765 5705 eadem

112 5727 179 5804 lisga,
198 5737 332 5811 illiusque
352 5743 654 5814 communicationem,
672 5745 701 5800 id
726 5747 769 5802 est
784 5746 902 5801 catholi·
954 5744 1115 5801 sobisrnatia
1137 5745 1219 5800 initia
1240 5744 1326 5799 luisse
1347 5759 1379 5798 ac
1394 5743 1463 5798 anni
1485 5747 1548 5798 251.
1572 5743 1767 5798 tillemontius

113 5837 144 5880 te
157 5827 278 5894 nausia
300 5833 439 5894 ciuitatem
456 5837 564 5913 pariter
576 5843 606 5896 et
618 5838 784 5896 abaciaco
799 5839 901 5912 probo·
954 5846 1022 5898 ante
1036 5838 1245 5896 ordinationem
1262 5837 1385 5895 Cornelii
1396 5837 1424 5894 id
1439 5837 1591 5913 contigisse
1600 5839 1693 5917 negat.
1710 5837 1765 5897 lte-
