4172 6186
160 243 230 304 nn
781 245 868 306 nnn.
888 248 988 310 oxon
1007 247 1117 312 nors.
1193 215 1195 221 ’
1778 265 1846 325 raso

190 370 247 434 Epo
274 366 356 420 citati
385 371 546 422 memoriam.
567 367 615 422 Sic
638 372 736 436 spec,
752 385 800 437 ιιι,
821 373 846 436 3,
873 373 975 428 dicitur
984 377 1079 464 Asini
1099 378 1244 430 referendi.
1267 379 1349 444 Quod
1375 393 1410 435 ex
1435 383 1470 436 D.
1493 384 1608 440 Hieron.
1630 385 1682 454 llp.
1705 387 1743 442 od
1764 391 1844 446 Pom·

157 457 173 488 s
187 438 312 504 Angelus
328 439 438 492 stetisse
467 443 531 492 ante
556 441 643 492 altare
661 439 769 493 hahens
799 442 974 500 thuribulum
1024 448 1108 500 macir.
1126 463 1149 501 c.
1169 450 1211 514 bil,
1232 464 1248 504 a
1266 453 1433 517 quibusdam
1452 454 1573 520 allartur,
1586 461 1618 510 ut
1638 459 1748 512 suaderi
1774 476 1838 528 pos·

158 509 399 570 aureum,etdata
412 515 477 564 sunt
502 513 668 565 illlincensa
682 512 812 566 multant
835 515 912 570 daret
939 518 975 572 ds
1024 523 1061 572 sit
1080 522 1114 576 D.
1139 523 1226 574 iliter.
1246 527 1380 578 tractatus
1403 526 1487 592 hujus
1507 530 1594 582 inisse
1618 535 1778 594 auctorem,
1801 536 1845 586 si-

157 581 512 647 orationibussanctornm,
530 602 545 630 »
561 588 615 636 etc.
670 653 682 664 .
1025 592 1138 658 quidem
1161 592 1225 645 libri
1247 595 1307 660 eius
1329 596 1364 647 ad
1387 597 1571 652 Fortunatum
1595 601 1714 654 habetur
1728 606 1845 666 mentio,

189 655 222 704 itt
243 654 348 705 iterum.
370 655 447 706 Lxx
468 655 566 720 legunt
589 655 630 704 sal
657 672 708 705 rm.
732 655 843 722 Legisse
865 657 976 712 ridetur
1024 663 1131 716 nulllus
1150 664 1262 717 videtur
1281 671 1418 720 momenti
1430 685 1439 734 ;
1456 671 1594 737 etquidem
1615 674 1638 724 si
1660 675 1724 739 quis
1745 675 1844 728 Hilarii

158 725 269 810 lioster,
292 725 334 774 nal
355 725 434 776 nitra.
464 725 517 777 Pro
534 727 689 809 assistimus
709 727 807 796 legunt
825 728 928 793 tidem,
952 733 975 782 oi
1025 746 1118 786 rerum
1135 739 1319 802 spectet,non
1337 738 1488 794 admodum
1508 748 1680 810 opportunus
1694 748 1843 798 tunctem-

157 795 303 861 αναφέρουσι
316 797 357 854 τὰς
369 795 506 863 προσευχὰς
517 813 565 846 των
578 796 662 860 ἁγίων.
1024 807 1098 873 poris
1111 807 1164 858 sub
1178 808 1391 874 imperatoribus
1404 811 1568 865 Christianis
1586 815 1621 866 de
1642 817 1773 881 martyrio
1790 817 1844 868 ad-

192 869 327 930 Qaemcdo
349 870 417 920 Dnn
430 873 517 922 monet
528 870 557 920 in
576 875 709 922 numam.
736 869 799 924 Vld.
814 885 879 938 quar
902 872 975 928 diota
1024 891 1121 931 versus
1133 880 1279 944 gentilium
1291 882 1401 936 inroras
1413 881 1491 934 liber.
1508 886 1591 936 Porro
1610 885 1717 937 lubrica
1729 901 1843 951 prorsus

158 937 208 990 lib.
222 953 259 990 m.
278 939 431 1003 adonirin.
447 941 522 992 cit.
1024 962 1060 1002 ex
1086 961 1212 1014 personae
1235 953 1348 1006 nomine
1374 953 1517 1020 probatior
1550 956 1664 1020 insuper
1692 969 1747 1008 nec
1771 957 1843 1010 For-

189 1011 303 1063 tiandus
325 1025 379 1063 erra
394 1014 474 1064 nutat
497 1017 521 1064 rt
551 1009 661 1064 labitur.
691 1013 748 1064 Vix
761 1013 816 1066 alia
838 1012 873 1069 de
890 1030 976 1070 causa
1025 1020 1114 1072 tunstl
1141 1022 1190 1087 qui
1225 1024 1313 1076 vitam
1351 1023 1417 1078 tiliae
1452 1026 1551 1078 Hilarii
1584 1026 1693 1092 scripsit
1720 1029 1844 1093 tempora

158 1082 315 1150 mentorem
352 1083 485 1136 invidiam
525 1083 578 1135 sthi
617 1084 777 1137 conflabant
812 1085 974 1141 Christiani.
1025 1090 1211 1155 respondent;
1236 1097 1265 1146 et
1289 1096 1403 1149 demum
1429 1099 1459 1148 in
1483 1098 1612 1164 plurimis
1638 1098 1843 1164 exemplaribus

158 1165 244 1218 quem
262 1153 337 1220 quod
354 1155 427 1206 male
456 1155 648 1207 ominarentur
673 1156 709 1208 de
734 1157 819 1210 rebus
833 1157 974 1213 humanis.
1024 1159 1138 1212 Hieron.
1166 1175 1233 1214 mss.
1259 1178 1317 1217 non
1351 1167 1450 1218 Hilarii
1483 1181 1607 1233 nomen,
1634 1166 1683 1220 sed
1710 1167 1842 1234 Cypriani

157 1225 218 1278 Nec
233 1226 347 1291 quidem
363 1230 467 1280 temere
482 1228 510 1278 tn
529 1227 602 1280 hano
627 1229 793 1280 senmntiam
817 1236 974 1296 venerunt;
1023 1232 1173 1297 reponitur.
1202 1235 1285 1286 Haud
1308 1237 1420 1288 interim
1445 1239 1529 1291 tacite
1550 1242 1593 1290 ast
1616 1238 1752 1303 conjicere
1775 1239 1843 1306 quid

157 1297 299 1362 siquidem
316 1299 435 1362 apostoli
456 1312 512 1350 non
540 1299 623 1352 modo
645 1299 723 1365 inem
743 1313 834 1353 reram
858 1304 974 1356 emnium
1024 1301 1147 1355 Pamelio
1162 1305 1192 1354 in
1211 1310 1335 1358 mentem
1353 1310 1470 1373 venerit,
1483 1313 1515 1360 ut
1534 1310 1640 1362 diceret
1659 1308 1843 1362 Remboldum

160 1369 268 1432 instare,
283 1375 307 1422 et
321 1369 427 1422 ultimos
438 1373 538 1423 venisse
551 1371 607 1422 din
636 1372 740 1436 passim
754 1375 909 1436 testentur;
924 1374 974 1427 sed
1024 1374 1144 1439 primum
1168 1379 1294 1429 omnium
1315 1383 1463 1432 tractatum
1487 1380 1564 1434 hunc
1584 1380 1716 1444 edidisse,
1727 1396 1791 1434 cum
1814 1384 1843 1436 in

158 1439 262 1493 addant
276 1442 406 1507 insuper,
430 1441 551 1494 nltimam
580 1442 705 1494 adonin
724 1443 826 1508 imam,
852 1444 865 1495 1
891 1446 973 1498 ioan.
1024 1445 1147 1512 Spirensi
1161 1446 1291 1512 editione,
1305 1451 1357 1501 arti
1373 1453 1580 1517 typographicoe
1591 1465 1697 1516 coaeva,
1710 1457 1739 1504 et
1758 1455 1844 1506 etiam

158 1523 200 1574 n,
227 1512 265 1562 ts.
294 1512 326 1564 In
340 1513 402 1564 lde
427 1515 622 1566 seiunctione
647 1517 741 1578 carnis,
771 1529 829 1580 cap.
863 1517 903 1580 it,
936 1518 975 1569 ait
1023 1515 1053 1566 iu
1071 1519 1156 1568 veteri
1179 1519 1361 1584 innominata,
1382 1535 1446 1588 quse
1464 1525 1539 1574 certe
1556 1521 1742 1574 Remboldum
1760 1523 1843 1591 longe

158 1582 349 1636 Tertullianus
376 1600 383 1634 ε
410 1603 425 1632 a
450 1585 520 1638 Vota
542 1589 637 1639 nostra
661 1587 802 1652 suspirant
821 1587 851 1638 in
875 1589 974 1640 secun
1023 1589 1175 1652 precessit,
1191 1594 1357 1654 compareat.

157 1652 241 1717 hujus
258 1667 399 1719 occasum,
417 1675 432 1704 a
447 1661 500 1708 etc.
523 1656 595 1709 Cum
613 1670 679 1709 aero
693 1657 727 1708 ad
754 1657 879 1712 Gentiles
901 1661 974 1712 seri·
1053 1659 1222 1710 ltediocritas
1256 1665 1349 1712 nostro
1390 1661 1493 1714 cnsilio
1528 1661 1628 1714 diurne
1663 1663 1845 1728 inspirationis

157 1723 208 1787 bit,
224 1729 255 1776 ut
285 1727 361 1792 ipsos
375 1727 555 1780 demulceret.
582 1727 657 1793 spot.
674 1741 699 1779 c.
725 1727 756 1779 32
771 1741 786 1780 e
803 1734 899 1781 eontra
912 1731 950 1782 ait
963 1747 970 1782 ε
982 1759 1010 1834 ss
1023 1733 1162 1790 ,astructa
1179 1730 1324 1798 Quidquid
1338 1734 1433 1797 granc
1455 1734 1557 1786 divinas
1579 1732 1708 1799 praesidio
1725 1733 1840 1797 iactum,

158 1813 173 1843 s
186 1796 273 1849 Estet
286 1797 339 1849 alia
356 1800 444 1863 major
462 1800 615 1852 necessitas
640 1799 721 1851 nobis
746 1801 842 1852 orandi
856 1815 906 1868 pro
921 1803 972 1853 lm·
1022 1802 1051 1854 id
1072 1803 1250 1868 inspirationi
1275 1805 1394 1869 imputat
1416 1809 1513 1858 auctor
1536 1809 1638 1857 noster.
1660 1807 1701 1857 lta
1726 1805 1839 1860 Tertull.

156 1868 339 1933 peratoribns,
361 1871 445 1922 etiam
468 1884 518 1936 pro
541 1871 616 1923 omui
638 1875 711 1922 statu
739 1873 856 1937 imperii,
871 1874 974 1926 rebus·
1023 1874 1041 1925 1.
1065 1872 1098 1925 ds
1115 1875 1259 1938 Patientia,
1280 1887 1304 1926 c.
1327 1876 1350 1938 t,
1366 1877 1404 1926 ait
1422 1890 1429 1926 ι
1446 1893 1461 1923 a
1480 1877 1620 1929 Bonorum
1645 1877 1829 1942 quorumdam

157 1939 424 2008 queliomanis,qui
441 1942 500 1995 vim
518 1944 672 1995 maximam
698 1943 828 1995 universo
842 1945 901 1997 orbi
919 1947 972 1996 im·
1022 1943 1105 1994 sicuti
1118 1947 1145 1994 et
1164 1944 1313 2008 malorum,
1328 1944 1511 1998 intolerabilis
1534 1947 1699 2012 magnitudo
1722 1951 1784 1999 est:
1808 1907 1845 2000 uf

157 2013 322 2076 minentem,
335 2013 482 2079 ipsamque
506 2013 661 2066 clausulam
689 2015 785 2066 saeculi
808 2017 972 2070 acerbitates
1022 2013 1057 2066 ad
1070 2014 1204 2078 capienda
1217 2019 1246 2066 et
1259 2015 1415 2080 praestanda
1428 2029 1470 2081 ea,
1486 2017 1545 2070 sola
1566 2019 1653 2084 gratia
1678 2018 1778 2070 divinas
1796 2021 1841 2071 tu-

157 2083 310 2134 horrendas
339 2086 565 2150 comminantem,
599 2085 716 2138 Romani
757 2089 865 2152 imperti
892 2103 973 2142 com·
1022 2087 1180 2152 spirationis
1194 2091 1362 2152 operetur.»

157 2159 252 2207 meatu
267 2155 372 2208 scimus
382 2158 522 2208 retardari.
537 2175 551 2204 s
1053 2158 1107 2209 Sec
1127 2156 1215 2209 stillio
1232 2172 1362 2210 annorum
1385 2160 1445 2223 jam
1464 2173 1526 2224 pena
1549 2159 1719 2226 complentur.
1738 2160 1841 2213 Calcu-

189 2227 385 2292 smplsctamnr
411 2229 489 2292 diana,
517 2228 563 2295 qai
592 2229 712 2292 assignat
744 2230 861 2294 singulos
888 2231 973 2283 domi·
1021 2228 1224 2294 lumreterem,
1239 2232 1266 2281 et
1284 2231 1343 2282 suis
1357 2229 1528 2296 temporibus
1545 2231 1574 2282 in
1589 2231 1683 2282 sirica
1700 2236 1842 2297 recepium

157 2298 223 2350 cilio
236 2313 293 2351 sno.
309 2300 404 2352 Mortis
418 2300 477 2352 dies
505 2305 580 2353 recle
611 2299 903 2365 diciturparticularis
925 2305 973 2368 ju.
1021 2301 1257 2366 sequiturauctor
1277 2303 1389 2362 noster;
1413 2301 1546 2352 nimirum
1562 2303 1610 2367 qui
1634 2314 1719 2353 aeram
1742 2301 1841 2354 Chris-

158 2369 224 2423 dicii
243 2369 303 2422 dies
318 2386 325 2432 ;
340 2373 575 2437 quemadmodum
602 2371 788 2434 mundiflnis,
807 2375 972 2427 universatis
1021 2375 1125 2426 tlanam
1153 2386 1227 2425 anno
1252 2373 1351 2425 mundi
1375 2375 1439 2426 ³500
1467 2377 1614 2440 assignat;
1644 2376 1690 2427 cul
1724 2389 1841 2430 numero

155 2441 318 2507 perhibetur
333 2457 340 2493 ε
354 2444 467 2496 tertium
492 2447 541 2495 eut
566 2444 642 2495 diem
664 2448 714 2494 eut
739 2444 834 2496 locum
858 2459 971 2510 prorsus
1021 2448 1044 2496 si
1073 2446 1120 2497 252
1143 2445 1210 2496 anni
1234 2444 1380 2508 addantur,
1409 2449 1580 2512 consurgent
1600 2445 1672 2510 sris,
1694 2460 1759 2513 quar
1784 2461 1841 2500 non

158 2514 294 2578 ignorarit
306 2515 351 2578 pia
365 2516 535 2580 Antiquitas.
1020 2512 1103 2585 longe
1122 2519 1227 2571 abeunt
1247 2533 1264 2570 a
1284 2520 1356 2570 600⁰.
1379 2521 1481 2572 Notum
1504 2533 1571 2572 vero
1592 2524 1645 2584 est,
1658 2522 1687 2571 in
1717 2525 1841 2574 numeris

189 2585 243 2636 Nos
281 2585 423 2637 clarorum
460 2599 586 2638 nunnus
621 2589 761 2649 neposne.
803 2585 970 2653 Quanquam
1021 2589 1201 2644 recensendis
1223 2589 1258 2640 ad
1274 2591 1417 2655 proximos
1439 2593 1559 2656 integros
1588 2594 1691 2643 recurri
1715 2591 1840 2644 solitum.

157 2656 243 2707 coelos
253 2661 372 2720 receptae
387 2658 487 2709 animae
500 2657 598 2709 seculi
609 2657 693 2721 hujus
704 2657 779 2708 curis
795 2664 969 2720 nonvacent;
1021 2663 1136 2715 Dixerat
1150 2663 1183 2712 D.
1205 2663 1305 2714 Petrus
1323 2663 1347 2714 11
1371 2665 1462 2728 epist,
1477 2665 1566 2726 nati:
1588 2663 1661 2716 llltllr
1682 2677 1759 2715 annes
1771 2664 1841 2729 opud

155 2729 188 2777 nt
203 2727 262 2778 suis
274 2727 435 2780 felicitatem
447 2728 574 2782 eamdem
589 2731 722 2792 exoptent
739 2731 765 2779 et
782 2727 895 2780 demum
910 2744 971 2794 gra·
1022 2736 1102 2785 Deum
1117 2733 1210 2784 itaberi
1222 2736 1291 2784 n'cut
1310 2733 1365 2784 dies
1385 2748 1472 2798 unus;
1490 2739 1518 2785 et
1536 2733 1638 2786 exinde
1660 2749 1677 2785 a
1697 2735 1839 2787 veteribus

157 2798 294 2855 iniuntur.
316 2798 386 2850 nihil
415 2803 457 2851 est
483 2797 558 2866 quod
587 2798 736 2863 impediat:
763 2799 969 2853 charitascnim
1021 2805 1167 2868 creditum,
1189 2805 1346 2857 Hexamero
1370 2805 1449 2858 fluito
1473 2805 1627 2858 Sabbatum
1647 2811 1790 2870 eternum,
1812 2811 1840 2859 st

158 2881 294 2934 nunquam
313 2871 419 2922 recidit.
446 2871 516 2935 Quae
539 2873 634 2936 postea
663 2875 808 2936 sequntur,
836 2871 871 2923 de
903 2875 971 2937 Apo·
1020 2876 1118 2928 mundi
1141 2877 1226 2928 tinem
1244 2875 1403 2930 succedere.
1432 2878 1517 2930 Porro
1538 2890 1604 2929 cum
1623 2877 1761 2930 Dominus
1778 2893 1840 2944 pro-

157 2941 284 2993 stolorum
312 2940 426 3010 gloriam
451 2944 539 3007 choro,
576 2943 766 3008 prophetaram
798 2943 970 2998 exaltantem
1020 2948 1151 3010 misisset,
1169 2947 1262 2999 Matth.
1285 2961 1369 3011 xxiv,
1382 2949 1421 3000 Ξῖ.
1442 2947 1594 3000 Etesiarum
1613 2961 1692 3000 causo
1706 2949 1762 2999 diss
1776 2949 1841 3002 istos

154 3023 273 3063 numero.
295 3019 319 3063 st
345 3018 494 3078 martyrum
523 3011 708 3064 innumerabili
737 3014 844 3078 populo,
873 3029 969 3066 ausam
1020 3017 1205 3070 abbreviandos
1224 3017 1289 3082 sors,
1306 3033 1363 3071 non
1384 3023 1488 3072 temere
1510 3021 1636 3071 omnium
1657 3020 1715 3072 iera
1738 3021 1840 3074 animis

155 3082 266 3136 dedisse
292 3085 420 3138 ridentur
432 3087 468 3137 iis
488 3100 552 3152 quae
564 3089 700 3137 occurant
721 3085 750 3135 in
778 3085 891 3148 Hymno
905 3088 971 3138 Am·
980 3124 1009 3200 G
1021 3090 1163 3142 insederat
1177 3091 1528 3154 optutoconsammartonsm
1544 3091 1645 3154 mundi,
1657 3091 1842 3144 stanticlaristi

156 3154 297 3219 brociano,
307 3158 356 3222 qui
369 3159 400 3208 Te
415 3159 498 3208 Deum
512 3156 676 3223 appellatur.
1022 3165 1121 3226 ternpus
1132 3160 1252 3225 infestam
1265 3166 1370 3214 instare.
1383 3161 1448 3214 vid.
1462 3176 1527 3228 qus)
1547 3161 1601 3214 hae
1616 3161 1651 3214 de
1667 3176 1698 3214 re
1714 3162 1789 3214 dicta
1809 3164 1839 3218 in

1020 3232 1039 3283 l.
1056 3234 1091 3285 de
1104 3232 1210 3284 Mortal.

279 3291 328 3344 DE
345 3291 635 3346 EXHORTATIONE
654 3289 839 3344 MARTYRU·
1052 3303 1167 3354 Insidias
1210 3303 1360 3369 dejiciendi.
1399 3302 1557 3359 colluctatio
1595 3308 1707 3368 nostra,
1746 3305 1845 3369 lnquit

190 3377 225 3427 Ds
243 3377 423 3429 exhortatione
451 3377 584 3442 martyrii.
610 3375 754 3428 Consimili
783 3377 871 3426 torma
899 3376 971 3427 'rer-
1020 3373 1181 3439 Apostolus,
1198 3375 1300 3440 Ephes.
1322 3388 1359 3439 vr,
1379 3377 1429 3428 tt:
1448 3387 1499 3428 non
1526 3379 1566 3428 nt
1588 3376 1714 3428 aduersus
1736 3389 1840 3428 earnem

154 3445 216 3497 tull.
242 3447 383 3513 inscripsit
403 3447 542 3511 libellum,
562 3449 594 3499 de
612 3447 802 3499 dehortatione
827 3447 968 3499 eastitatis.
1020 3449 1046 3496 el
1075 3447 1247 3510 sanquinem,
1280 3447 1326 3500 sed
1355 3446 1478 3499 aduersas
1502 3449 1637 3512 principes
1670 3451 1696 3498 rt
1722 3449 1839 3511 potesta·

155 3515 198 3568 Rx
215 3515 649 3584 Cyprianlscripttsrixaliquot
664 3517 866 3570 luculentiusn
894 3517 970 3570 Pon·
1021 3521 1068 3572 tes,
1084 3521 1137 3569 etc.

155 3587 194 3639 tto
205 3589 370 3642 laudatum:
385 3608 400 3638 a
426 3591 610 3656 Quis,inquit
633 3591 693 3651 ille,
719 3594 855 3654 martyres
881 3593 971 3642 tantos
1051 3590 1199 3652 Propontis
1222 3591 1320 3643 titulis.
1346 3591 1396 3644 lila
1419 3603 1484 3655 ergo
1505 3589 1675 3655 exemplaria
1698 3587 1733 3640 ad
1757 3602 1840 3640 men-

155 3659 346 3714 exhortatione
358 3662 446 3714 divini
460 3663 597 3714 sermonis
611 3663 747 3726 erigerett
762 3661 836 3725 Quid
849 3662 971 3727 denique
1021 3663 1076 3710 tem
1096 3663 1219 3714 auctoris
1235 3665 1357 3714 maxime
1375 3661 1507 3712 ridentur
1531 3660 1674 3723 accedere,
1688 3673 1752 3726 quas
1773 3662 1840 3712 titu-

155 3734 381 3788 totconiessores
397 3735 530 3786 frontium
545 3737 704 3785 notatarum
719 3733 844 3784 secunda
868 3733 970 3785 inscri—
1020 3731 1062 3783 los
1078 3731 1173 3796 hosce,
1189 3733 1273 3784 simul
1294 3733 1439 3798 semelque
1461 3732 1491 3784 in
1511 3731 1575 3784 libri
1595 3733 1733 3797 principio
1757 3730 1840 3782 exhi·

154 3803 250 3868 ptione
271 3807 402 3872 signatos,
426 3809 454 3857 et
475 3804 510 3857 ad
535 3803 695 3869 exemplum
718 3805 844 3869 martyrii
876 3816 971 3870 super-
1020 3803 1096 3856 bent.

153 3875 233 3926 stites
246 3879 399 3928 reservatos
413 3871 773 3929 incentivotuhncoelestis
787 3877 970 3928 animaret‘t»
1051 3879 1146 3928 Lanam
1176 3879 1203 3928 et
1239 3890 1393 3942 purpuram.
1427 3875 1458 3926 In
1492 3873 1679 3926 oblationibus
1714 3886 1778 3937 quas
1810 3875 1839 3925 ln

154 3945 260 3998 iterem
270 3947 394 4012 epistota
414 3947 449 3998 sd
469 3948 586 4000 eximios
603 3948 786 4011 contessores,
805 3946 919 4011 Moysen
941 3951 973 3998 et
1020 3946 1194 4000 tabernaculi
1218 3961 1301 4000 usum
1324 3946 1542 3999 admittebantur
1562 3945 1647 3996 daed.
1664 3956 1736 4007 xxv,
1760 3947 1839 3996 erant

153 4015 317 4082 Maximum,
342 4031 395 4071 nec
421 4033 477 4071 non
504 4017 538 4069 ad
559 4017 775 4080 Thibaritenos3
800 4022 831 4068 ut
854 4020 882 4069 et
907 4017 970 4070 alise
1019 4019 1188 4084 Hyacinthus,
1213 4033 1344 4084 purpura,
1363 4019 1502 4078 coccinum,
1528 4031 1585 4068 cnm
1612 4019 1707 4080 ipsso:
1730 4015 1779 4067 sed
1808 4017 1837 4067 in

153 4089 308 4145 nonnulle.
322 4091 351 4140 in
366 4089 421 4141 hoc
436 4093 502 4141 totae
516 4094 675 4150 versantur,
699 4092 730 4139 ut
743 4089 778 4139 ad
805 4090 970 4154 martyrium
1019 4089 1154 4141 Ecclesiae
1173 4089 1337 4142 Christianae
1357 4092 1496 4152 ornatum,
1509 4087 1654 4140 sufiiciunt
1669 4086 1837 4139 innocentie

154 4158 317 4212 accendant.
333 4159 389 4212 Sed
405 4165 437 4211 ut
467 4171 586 4210 sermons
612 4158 714 4222 divino,
729 4163 753 4208 st
767 4157 835 4210 tuba
862 4159 971 4212 eclesiis
1020 4165 1046 4212 et
1059 4161 1182 4226 martyrii
1197 4161 1312 4214 colores.

154 4229 292 4294 incentivo,
309 4231 466 4285 exhortatio
476 4236 636 4299 peragatur,
660 4232 755 4295 scripti
780 4230 864 4295 hujus
880 4245 971 4297 pecu·
1051 4234 1163 4286 Domino
1185 4235 1352 4297 permittente
1369 4232 1486 4298 primum
1511 4231 1643 4296 baptisma
1675 4228 1838 4283 credentibus

154 4303 231 4355 haris
254 4301 363 4356 ridetur
385 4303 551 4362 character;
575 4306 601 4354 et
627 4303 675 4367 qui
690 4302 815 4352 instituto
836 4301 970 4354 librorum
1019 4303 1147 4356 dedimus.
1168 4305 1309 4370 Baptisme
1329 4305 1405 4367 olim,
1418 4317 1474 4356 non
1497 4301 1601 4354 nisiex
1623 4300 1755 4382 mandato
1775 4302 1838 4366 epi·

157 4373 193 4426 ad
207 4373 356 4436 Quirinum
371 4375 453 4439 plane
484 4373 643 4438 respondet.
664 4374 748 4425 Porro
777 4373 838 4424 loca
853 4373 881 4426 S.
896 4373 970 4426 Scri-
1020 4375 1098 4440 scopi
1128 4375 1299 4428 celebratum
1327 4392 1333 4426 :
1359 4375 1413 4426 Dis
1435 4373 1485 4430 titi
1519 4374 1569 4423 lon
1601 4389 1674 4439 χωρις
1706 4387 1750 4421 roo
1785 4372 1838 4422 isn-

155 4450 246 4511 pturee
263 4445 360 4498 eodem
391 4446 473 4498 modo
503 4445 652 4510 utrobique
677 4443 798 4508 laudata,
826 4449 968 4500 auctorem
1021 4461 1114 4496 σκοποι
1152 4447 1207 4497 οὔτί
1248 4447 1384 4513 βαιτίζίίν,
1418 4449 1474 4498 oin
1510 4445 1603 4509 ἀγάπην
1640 4459 1738 4506 mnas,
1773 4447 1836 4506 etc,
1896 4475 1902 4484 ·

155 4516 285 4570 eumdem
315 4522 408 4584 aperte
434 4517 606 4583 profitentur.
645 4516 714 4583 Quis
739 4529 804 4568 vero
825 4517 909 4570 luerit
946 4509 1109 4583 ilenquit
1126 4518 1261 4584 Ignatius,
1284 4523 1332 4585 Ep.
1356 4519 1391 4571 ad
1419 4519 1526 4584 Smprn.
1551 4515 1630 4569 Unde
1652 4517 1681 4566 in
1708 4514 1836 4566 Ecclesia

154 4587 325 4640 Fortunatus
339 4589 384 4641 cut
405 4588 533 4641 llberhtc
556 4587 724 4652 inscribitur,
740 4601 797 4640 non
809 4595 969 4656 promptum
1018 4591 1109 4642 solum
1124 4603 1179 4656 qna
1198 4591 1257 4656 ipse
1278 4589 1402 4650 sedebat,
1424 4595 1483 4643 erat
1505 4587 1708 4653 baptisterium.
1728 4585 1834 4649 Marty-

155 4661 240 4712 itrerit
257 4658 359 4723 dicere,
373 4673 438 4712 cum
459 4661 554 4726 plures
573 4659 699 4724 ejusdem
719 4661 840 4710 nominis
863 4661 891 4710 tn
912 4661 969 4728 Cy·
1018 4663 1100 4724 rium,
1121 4661 1253 4727 baptismi
1273 4675 1385 4727 nomeu,
1406 4676 1441 4716 ex
1463 4660 1576 4714 Domini
1599 4656 1692 4712 rerhis
1716 4657 1835 4722 accepit,

155 4731 245 4797 priani
272 4731 384 4796 scriptis
408 4735 545 4784 occurant
570 4747 576 4782 :
601 4735 630 4783 et
656 4730 770 4783 demum
791 4730 851 4782 fleri
872 4735 968 4800 possit,
1019 4731 1126 4797 nstin,
1139 4747 1192 4796 xx,
1203 4735 1242 4786 22.

155 4805 189 4854 ut
204 4801 333 4854 adalium
349 4802 412 4856 hec
430 4805 596 4869 pertineant,
621 4801 762 4854 diversum
785 4802 820 4854 ah
839 4805 970 4858 omnibus
1051 4805 1300 4871 superimpressi.
1324 4805 1379 4869 Qut
1417 4805 1610 4869 susceptorum
1635 4813 1750 4852 manere
1771 4800 1837 4852 lun·

156 4873 261 4927 alicubi
277 4875 447 4928 memoratis.
463 4875 594 4928 Putarem
610 4878 704 4926 tamen
721 4873 784 4926 haec
806 4875 970 4942 episcopum
1020 4883 1134 4946 guntur,
1158 4880 1188 4927 et
1208 4881 1361 4942 martyrum
1398 4877 1505 4928 animas
1545 4873 1690 4938 sanguinis
1723 4872 1835 4924 iavacro

156 4945 236 4998 illum
258 4947 397 5011 respicere
411 4945 445 4998 ad
460 4959 545 5013 (ιιιοιιι
569 4947 646 5011 epist.
664 4946 696 4997 do
712 4944 748 4995 ud
770 4947 868 4998 ansl.
890 4962 969 5000 num.
1021 4949 1438 5014 exemptasincoetumportant
1453 4962 1460 5006 t
1474 4945 1530 4996 rid.
1548 4945 1615 4996 Luc.
1629 4943 1741 5004 xvsti.

156 5017 198 5080 53,
221 5015 366 5080 dirigitur:
392 5021 421 5070 et
445 5019 515 5070 torte
541 5017 588 5083 qui
621 5015 650 5066 in
672 5015 894 5082 Carthaginiensi
924 5032 970 5086 sy·
1051 5021 1231 5073 iiidn'nostrar
1244 5015 1834 5071 incrementacornnmmot.Dehacntnismr

156 5086 242 5149 nodo,
267 5088 436 5140 Fortunatus
468 5102 485 5139 a
510 5085 685 5140 'thuccabori
711 5087 819 5139 dicitur.
851 5087 971 5143 Demum
1020 5092 1230 5154 vidiacum,
1244 5091 1285 5156 32,
1301 5091 1424 5144 etllehr.
1440 5102 1469 5154 n,
1483 5088 1522 5141 tt.

157 5161 302 5212 exaratum
319 5171 420 5212 censeo
442 5161 589 5212 occasions
603 5159 804 5224 persecutionis
815 5159 868 5210 suh
891 5159 971 5214 Gallo
1052 5164 1140 5215 Simus
1152 5168 1175 5213 et
1189 5163 1278 5214 amici.
1293 5163 1428 5227 Martyres
1455 5159 1563 5225 perlecti
1586 5163 1647 5211 sunt
1658 5159 1686 5209 in
1698 5156 1836 5209 dilectione

157 5234 186 5286 et
198 5229 349 5283 Volusiano
365 5229 595 5293 recrudescentis,
607 5229 642 5283 de
658 5243 714 5295 qua
730 5230 798 5280 aisis
811 5229 972 5283 coelestibus
1021 5235 1124 5286 ilcan.
1136 5244 1176 5295 av,
1204 5233 1242 5284 te.
1266 5233 1345 5285 Unde
1371 5231 1558 5284 Tertullianus
1580 5229 1609 5278 ln
1629 5227 1836 5281 illuminandis

155 5301 315 5355 admonitus
333 5302 499 5368 Cyprianus,
514 5301 584 5353 altos
600 5301 749 5353 admonere
769 5313 826 5352 non
857 5302 971 5355 destitit.
1021 5305 1124 5356 locum.
1139 5303 1271 5367 Scorpios.
1286 5317 1312 5354 c.
1328 5301 1367 5365 ti,
1381 5303 1439 5353 ait:
1470 5319 1485 5348 «
1501 5299 1625 5352 Perfecta
1652 5298 1767 5351 dilectio
1795 5299 1837 5351 to-

157 5375 280 5428 Deciana
310 5375 405 5427 clades
443 5376 632 5439 inexspectata
672 5373 843 5440 grassatione
875 5374 973 5428 obrius
1022 5389 1066 5427 ras
1080 5373 1173 5438 abjicit
1188 5375 1325 5432 timorem,
1338 5374 1472 5436 quoniam
1501 5372 1583 5424 timor
1597 5382 1710 5436 paenam
1739 5368 1836 5428 hahet,

159 5458 286 5513 quosque
307 5447 451 5512 oppressit,
475 5449 508 5497 ut
528 5445 663 5510 delapsis
690 5444 870 5496 restituendis
892 5448 973 5498 unire
1023 5451 1049 5498 et
1061 5445 1110 5512 qui
1122 5447 1201 5496 timet
1214 5458 1270 5496 non
1287 5445 1482 5510 eatperteetus
1504 5444 1533 5494 in
1565 5441 1725 5494 dilectione.
1744 5440 1835 5503 Quem

157 5519 284 5571 maneret
299 5531 367 5570 cura
385 5531 449 5585 quae
461 5530 527 5570 vero
543 5515 596 5568 suh
625 5515 774 5568 Valeriano
794 5518 822 5571 et
846 5517 973 5570 Gaulane
1023 5519 1150 5570 timorem
1163 5517 1405 5582 intelligipraestat
1427 5514 1482 5566 nisi
1494 5513 1650 5580 negationis
1670 5511 1834 5564 auctorent

158 5594 363 5653 successerunt,
405 5590 471 5642 israe
503 5589 588 5639 ulmis
610 5586 747 5642 ridentur.
772 5601 822 5654 pro
844 5587 973 5653 martyris
1023 5601 1107 5654 quam
1130 5586 1306 5638 dilectionem
1326 5587 1478 5651 perlectam
1501 5585 1630 5648 affirmat,
1644 5585 1697 5636 nisi
1725 5580 1838 5644 lugatrl·

159 5661 247 5714 nostri
270 5661 459 5727 diligentlaut
485 5658 606 5712 remedia
626 5657 683 5710 huc
698 5671 788 5724 usque
803 5659 907 5712 luerint
930 5659 974 5710 di·
1023 5672 1086 5712 cem
1111 5658 1227 5719 timoris,
1248 5660 1276 5709 et
1301 5657 1494 5709 animatricem
1514 5654 1721 5708 contenionis‘t
1756 5649 1834 5716 Qua-

158 5732 225 5785 lsta.
247 5731 425 5799 Relinquitur
441 5743 506 5798 ergo
523 5733 555 5782 ut
568 5727 603 5782 ati
617 5730 812 5784 intermedium
826 5731 880 5785 hoc
902 5735 974 5785 tem·
1023 5741 1106 5796 prena
1129 5729 1255 5781 timorem
1278 5727 1376 5794 puniet
1394 5733 1461 5790 (non
1488 5741 1568 5793 mom
1580 5737 1696 5792 punam,
1717 5725 1750 5773 ut
1782 5719 1833 5773 hs·

158 5817 225 5876 pus,
242 5803 375 5860 nimirum
401 5801 437 5856 ad
457 5815 564 5856 annum
588 5799 645 5868 ssi,
657 5799 746 5856 libelli
772 5801 852 5858 istius
868 5803 974 5860 nenias
1023 5799 1105 5856 betur
1130 5802 1161 5854 tn
1181 5799 1344 5868 impressis),
1378 5799 1433 5854 nlst
1457 5811 1542 5867 quam
1566 5798 1682 5863 negator
1696 5791 1835 5852 soluturus

319 5891 519 5964 Parnonll
1598 5884 1636 5950 ⁴¹
