4090 6188
130 263 198 319 1077
641 265 671 322 O.
691 267 824 326 NlCOLAl
844 269 885 326 LE
904 269 1044 330 NOURRY
1063 273 1295 339 bissunrane.
1505 287 1509 294 ”
1736 291 1805 350 lora

126 390 207 446 taxat
239 387 450 460 animadvertit,
482 389 615 448 videlieet
643 393 799 464 Cyprianus
836 396 875 452 ibi
905 398 1057 482 deAideo
1082 403 1213 475 corripit,
1244 407 1312 476 quia
1337 424 1431 465 sacrae
1464 409 1615 485 Scriptura
1633 415 1803 474 auctoritate

124 483 273 540 exorcistis
296 485 388 539 faeere
415 499 588 552 sermonem,
613 483 660 540 ubi
689 486 724 541 ds
753 489 943 563 demonibus,
995 496 1135 564 pugnavit
1152 497 1287 554 adversus
1306 501 1452 558 ethnicum
1472 505 1632 576 hominem,
1657 509 1706 580 qui
1728 510 1805 568 illam

125 594 200 650 quos
225 576 379 632 Christiani
399 594 435 632 ex
459 577 638 633 obsessorum
661 581 826 650 corporibus
851 584 945 654 ejicia·
994 588 1080 658 plane
1095 589 1267 662 penitusque
1282 594 1439 666 rejiciebat,
1456 603 1483 654 et
1494 601 1710 671 aspernabatur.
1724 603 1808 660 Dissi-

122 669 205 738 bant,
231 676 331 725 contra
360 671 488 726 ethnicos
516 671 680 742 disputarit.
703 674 758 728 Sed
781 676 864 731 nobis
884 678 942 741 ille,
994 683 1207 754 molareporro
1224 693 1723 758 nonpossumusoonnollasminus
1741 697 1804 768 qui-

124 764 211 818 sicuti
224 764 298 818 intra
320 763 483 832 dicendum,
501 781 558 819 non
581 765 617 820 de
637 766 703 822 solis
724 769 880 840 exorcistis,
893 772 944 826 sed
994 773 1057 829 dem
1080 776 1242 846 probandas
1265 795 1324 834 asse
1342 783 1478 852 quasdam
1493 786 1595 842 eruditi
1610 803 1677 843 sane
1690 789 1806 844 editoris

124 856 264 912 omuibus
276 857 358 928 plane
371 857 537 914 Christianis
549 858 627 930 loqui
642 859 764 916 videtur.
993 867 1223 935 observationes,
1247 875 1331 942 atque
1355 872 1385 926 in
1404 873 1502 944 primis
1522 879 1726 948 penultimam,
1747 899 1805 954 qua

161 951 269 1005 Novem
305 967 417 1022 queque
447 967 532 1022 supra
563 953 769 1024 qninquaginta
801 957 943 1012 Pometios
993 960 1140 1016 contendit
1153 963 1451 1036 rejectosaCypriano
1472 970 1651 1040 purgatorias
1662 972 1753 1042 ignes,
1768 974 1804 1028 de

124 1043 328 1115 composuitin
343 1045 419 1099 bunc
440 1043 546 1100 librum
561 1050 644 1100 notas
657 1061 664 1102 :
677 1046 727 1101 sed
743 1063 783 1102 ere
798 1049 941 1121 pleraeque
992 1053 1095 1123 quibus
1108 1055 1178 1110 nihil
1193 1073 1310 1128 prorsus
1325 1058 1354 1112 in
1379 1063 1476 1115 mente
1495 1061 1630 1118 babebat.
1646 1064 1703 1119 Sed
1713 1065 1747 1121 de
1758 1065 1803 1120 his

125 1153 228 1191 omnes
253 1139 383 1208 spectant
407 1137 483 1192 illius
511 1142 604 1194 textus
625 1140 851 1211 corruptionem,
877 1144 942 1198 aliis
991 1145 1065 1201 inira
1076 1163 1126 1203 sno
1140 1149 1202 1204 leco
1218 1151 1373 1221 agendum.

122 1246 194 1284 sero
219 1229 398 1300 paucioribus
423 1230 497 1285 dicta
519 1231 652 1304 Cypriani
676 1232 941 1292 alierumreterum

124 1323 304 1393 Scriptorum
327 1323 506 1392 auctoritate,
531 1329 581 1380 aut
596 1326 754 1395 enucleare,
776 1330 940 1384 autconfir·
1218 1381 1223 1391 ,
1306 1287 1417 1392 ΕΑΨΤ
1440 1289 1483 1342 ffl'
1582 1384 1587 1396 ,

123 1431 204 1470 mare
228 1416 339 1471 nititur.
364 1413 422 1471 Sed
443 1416 509 1487 quia
530 1417 680 1473 catholicae
705 1418 835 1476 Ecclesiae
858 1423 941 1478 docu-
1120 1380 1242 1433 N⁰vaem
1256 1379 1328 1434 hm
1342 1381 1440 1436 librum
1453 1381 1660 1439 ⁰b⁵⁶r⁰⁰l²⁰”⁶⁵‘

123 1513 224 1564 menta
249 1509 283 1563 iis
299 1509 442 1564 illustrare
457 1513 577 1564 cenatus
596 1516 648 1574 est,
664 1527 722 1566 neu
744 1529 844 1569 omnes
864 1516 938 1570 Gon·
1266 1525 1411 1567 tuticuuus
1429 1527 1526 1568 rursus

122 1601 211 1657 lartio
228 1603 405 1674 placuerunt.
419 1605 472 1658 Eas
484 1603 580 1674 itaque
591 1606 711 1660 tentavit
726 1606 939 1665 adcatviniane
988 1601 1026 1655 De
1042 1615 1127 1656 ΜΝ
1145 1603 1293 1672 Sirbitum
1310 1608 1484 1669 ‘immittite’
1502 1609 1527 1660 εἴ
1547 1606 1711 1675 Oulbtssdum
1723 1607 1800 1664 tillut

123 1711 184 1749 sure
199 1699 284 1750 sectae
297 1695 401 1766 placita
419 1695 564 1752 reducere.
581 1699 721 1753 Praeterea
734 1715 833 1756 omnes
850 1702 938 1772 ipsas·
1358 1685 1432 1739 locis.

121 1793 184 1844 met
196 1789 317 1844 Pamelii
331 1790 362 1843 iu
385 1789 461 1844 hunc
479 1790 587 1845 librum
609 1791 818 1848 observationes
842 1769 976 1850 recudiss
1025 1791 1143 1848 lubenti
1156 1797 1233 1848 certe
1247 1793 1343 1850 animo
1363 1794 1517 1851 fatebimur
1534 1813 1635 1852 verum
1648 1797 1717 1854 illud
1728 1815 1798 1868 esse,

121 1881 241 1950 curarit,
257 1882 360 1952 quibus
373 1899 476 1953 paucas
490 1884 594 1954 adjecit
606 1885 659 1940 hac
668 1887 734 1940 uota
748 1885 763 1957 ᾗ
778 1887 938 1944 Distinctas.
990 1886 1065 1958 qued
1078 1886 1240 1941 Lactantius
1252 1888 1554 1960 asseruitCyprianum
1569 1889 1673 1945 eximia
1686 1896 1800 1962 raptum

122 1973 270 2047 Plerisque
295 1978 392 2030 antem
415 1977 549 2031 omnibus
573 1977 677 2032 indicat
691 1979 780 2034 ranas
801 1982 938 2051 quasdam
988 1980 1075 2035 luisse
1092 1979 1252 2036 divinarum
1278 1981 1448 2037 Litterarum
1474 1983 1636 2039 eruditione
1660 1985 1798 2054 (bactani.

123 2069 211 2124 unius
226 2068 411 2140 manuscripti
427 2069 541 2138 codicis,
556 2086 651 2126 seeum
664 2089 681 2126 a
696 2073 796 2128 Boreo
809 2089 936 2129 commu·
988 2072 1038 2128 lib.
1054 2077 1147 2129 vlust.
1170 2091 1230 2146 cap.
1254 2076 1281 2142 4,
1302 2091 1368 2146 pag.
1388 2075 1460 2146 471).
1479 2075 1627 2140 Quomodo
1653 2077 1731 2133 enim
1744 2078 1802 2133 illa·

122 2165 215 2222 nicati
227 2166 376 2221 lectiones.
388 2166 520 2238 Quinque
533 2167 611 2222 enim
622 2169 761 2224 duntaxat
781 2170 813 2226 iis
822 2171 936 2242 adjecit,
989 2182 1053 2220 rum
1067 2166 1268 2238 doctrinarum
1286 2184 1345 2224 nun
1363 2168 1509 2239 potuisset,
1520 2169 1623 2240 qulbus
1637 2169 1724 2225 diuini
1740 2187 1799 2228 mu·

123 2275 249 2330 quarum
261 2259 354 2330 prima
369 2274 422 2313 nos
435 2261 569 2314 munatio
583 2261 766 2332 corruptione
780 2265 937 2334 prasertim
986 2262 1092 2326 pislerii
1115 2267 1140 2314 et
1168 2263 1283 2316 numinis
1311 2261 1409 2315 tribuit
1434 2262 1628 2318 auctoritatem
1657 2263 1801 2336 (Cyprian-

121 2369 240 2407 morum
267 2352 420 2406 consistere
453 2352 552 2406 mundi
582 2359 769 2409 senectutem.
806 2357 937 2412 Secunda
987 2353 1037 2407 lib.
1057 2355 1222 2408 sanemur.
1240 2371 1307 2424 pag.
1332 2352 1459 2423 tueleta
1480 2356 1604 2426 antiquis
1624 2357 1797 2414 antemedi-

120 2444 936 2515 rereobservatlengaerampriseorumhominumvitam
987 2445 1112 2500 tionibus
1133 2463 1165 2500 uu
1189 2446 1320 2516 pluribus
1355 2447 1556 2518 manuscriptis
1589 2451 1798 2522 exemplaribus

120 2537 287 2595 confirmari
301 2537 399 2592 diluvii
416 2539 557 2608 generalis
579 2539 707 2594 historia.
723 2543 815 2596 Tertio
832 2542 935 2598 delrioe
985 2538 1089 2593 absunt
1103 2540 1164 2593 haec
1178 2539 1234 2592 due
1254 2539 1340 2594 rerba
1351 2546 1377 2595 st
1390 2543 1507 2595 nominis
1523 2541 1603 2608 (ibid.
1623 2559 1689 2613 pag.
1704 2545 1756 2598 187
1769 2549 1797 2600 et

120 2630 325 2686 animadvertit
360 2630 491 2701 antiques
523 2631 749 2688 Christianorum
782 2651 877 2704 preces
900 2639 934 2691 ad
987 2630 1279 2702 l88):sedleguntor
1298 2632 1559 2704 inquinqnealiis,
1581 2635 1798 2690 neeibiaddita

121 2727 213 2778 Deum
227 2723 313 2794 dirigi
327 2739 381 2794 per
400 2724 544 2779 Christum
565 2725 625 2779 sine
644 2731 807 2782 sanctorum
821 2729 933 2783 invoca-
983 2731 1092 2779 temere
1106 2723 1246 2779 videntur.
1271 2725 1443 2795 Supremam
1464 2731 1562 2780 autam
1576 2743 1718 2781 sacrarum
1731 2743 1795 2782 nos·

123 2819 211 2873 tione.
223 2817 277 2872 Sed
290 2816 436 2872 ostendere
449 2816 574 2871 debebat
588 2821 685 2873 utrum
701 2836 764 2874 eam
778 2821 934 2892 Cyprianus
983 2822 1092 2872 trarom
1111 2816 1321 2887 Scripturamm
1343 2817 1540 2874 auctoritatem
1556 2819 1620 2874 ideo
1641 2823 1701 2874 tam
1720 2835 1797 2875 asse·

119 2911 225 2965 alicubi
252 2911 351 2964 saltem
378 2910 536 2980 negaverit.
562 2912 667 2974 Orrarto
694 2913 798 2968 latetur
820 2919 931 2970 veteres
982 2915 1114 2964 verenter
1123 2909 1259 2980 praedicat
1269 2912 1349 2982 (idid.
1360 2927 1426 2981 pag.
1440 2913 1573 2980 tentae,
1588 2915 1793 2982 teu,tea‚tea,

119 3003 297 3059 Christianos
308 3019 370 3057 usos
383 3003 470 3058 tuisse
482 3005 598 3058 externo
613 3005 703 3058 crucis
723 3006 826 3062 Christi
839 3007 931 3078 signo,
984 3004 1034 3056 tut
1045 3007 1073 3056 et
1086 3003 1163 3072 tuti),
1178 3003 1243 3074 quia
1263 3018 1431 3073 persuasum
1448 3004 1565 3059 omnino
1579 3004 1793 3075 habuitipsum·

118 3097 168 3151 sed
186 3097 248 3152 sine
272 3096 482 3168 superstitione,
498 3101 527 3152 et
543 3097 599 3151 ulla
615 3097 749 3153 doctrinae
772 3099 807 3154 de
829 3099 930 3155 Christi
941 3123 969 3198 C
982 3097 1041 3149 met
1061 3097 1160 3162 Deum,
1184 3111 1215 3149 ac
1239 3095 1377 3166 Spiritum
1397 3101 1526 3151 sanctum
1545 3097 1574 3152 in
1598 3097 1653 3152 illis
1674 3098 1792 3166 loeutio,

118 3190 224 3244 merito
243 3190 454 3246 imminutione.
470 3191 547 3246 liene
562 3191 678 3262 quidem
690 3199 742 3261 est,
756 3193 831 3263 qnod
846 3194 931 3263 hujus
982 3204 1086 3259 easque
1106 3189 1275 3259 compositas
1296 3188 1382 3244 luisse
1404 3205 1421 3243 a
1442 3189 1589 3260 prophetis
1604 3193 1633 3245 et
1647 3191 1792 3262 scriptori·

117 3283 272 3339 uenerandi
285 3283 359 3355 signi
374 3299 456 3338 usum
477 3285 653 3356 comprobet.
666 3286 702 3340 At
715 3286 779 3356 quis
804 3301 931 3357 unquam
980 3282 1043 3347 bns,
1059 3281 1107 3351 qui
1118 3281 1219 3336 eodem
1233 3281 1337 3352 Spiritu
1353 3285 1447 3337 sancto
1463 3283 1539 3354 pleni
1552 3289 1640 3338 erant.
1655 3278 1793 3340 Constans

117 3377 346 3447 superstitiosum
373 3376 447 3431 illius
468 3377 587 3432 abusum
602 3378 741 3448 probavit,
761 3383 811 3434 aut
824 3379 931 3434 doctri-
981 3391 1047 3429 vero
1063 3389 1174 3444 semper
1187 3375 1240 3428 suit
1261 3375 1322 3429 haec
1337 3375 1470 3445 Cypriani
1487 3375 1638 3444 sententia,
1659 3391 1745 3447 quam
1762 3377 1792 3431 in

116 3487 184 3524 nom
206 3470 242 3524 de
269 3469 372 3524 Christi
396 3471 497 3525 merito
524 3470 663 3526 infirmari
688 3472 805 3542 impune
834 3489 931 3542 passus
981 3469 1033 3522 hae
1056 3468 1292 3522 commentatione
1314 3473 1342 3522 et
1365 3466 1508 3538 plerisque
1528 3468 1660 3522 omnibus
1681 3467 1792 3540 seriptis

118 3563 180 3616 est?
209 3562 336 3634 [lenique
360 3563 441 3617 variis
459 3563 643 3633 antiquorum
669 3565 797 3620 Ecclesiae
816 3568 929 3621 Patrum
980 3563 1790 3635 suis,acpotissimumintrihusadversustudaeoslibris,

115 3655 287 3710 testimoniis
310 3657 412 3727 probat
437 3657 544 3710 nnllam
576 3659 639 3726 post
659 3657 734 3712 hanc
760 3657 845 3712 vitam
870 3659 930 3714 dari
979 3661 1115 3728 tanquam
1131 3663 1234 3712 certam
1250 3661 1280 3711 et
1295 3656 1542 3711 minimedubiam
1555 3659 1636 3727 ponit
1650 3663 1683 3730 etv
1700 3657 1792 3730 sequi.

115 3749 293 3820 poenitentiae
314 3750 418 3804 locum.
441 3749 494 3804 Sed
509 3749 548 3802 ibi
565 3765 617 3820 pro
634 3751 760 3820 genuina
783 3752 851 3806 citat
864 3769 928 3823 spu·
980 3757 1035 3806 tur.
1052 3751 1127 3805 Nihil
1138 3751 1233 3821 itaque
1248 3749 1792 3822 epusestilludanobisfusinsprobari„t

114 3843 188 3898 riam
201 3842 304 3897 lustini
318 3843 450 3913 martyris
461 3844 744 3898 commentationem.
1013 3848 1048 3900 nt
1057 3860 1153 3914 operae
1165 3843 1284 3898 forsitan
1298 3842 1416 3912 alicujus
1432 3843 1555 3912 pretium
1569 3843 1790 3900 eritobservasse

151 3939 257 3991 Paucos
283 3937 378 4006 postea
399 3936 430 3989 in
451 3936 528 3991 hune
543 3935 662 3990 librum
684 3942 765 3994 netas
791 3938 929 4008 Rigaltius
978 3938 1110 4008 quaedam
1124 3935 1274 3992 Ezechielis
1288 3935 1372 3989 verba
1387 3934 1442 3989 alio
1453 3935 1537 3990 medo
1550 3934 1580 3988 in
1595 3936 1649 3990 hoc
1663 3935 1789 3990 citariad

115 4029 385 4099 consumensque
407 4028 435 4083 in
461 4029 521 4098 ejus
552 4029 676 4084 editione
699 4047 775 4084 anno
797 4033 874 4100 roes,
892 4033 928 4087 ab
978 4031 1208 4095 Demetrianum,
1234 4045 1321 4098 quam
1347 4028 1376 4082 in
1401 4026 1526 4083 seeundo
1553 4027 1788 4084 illius·adversus

115 4122 177 4177 aliis
198 4123 228 4176 in
245 4122 406 4177 Orationem
424 4122 602 4178 Oomioieam
621 4140 678 4178 non
698 4123 926 4194 distinguuntur.
976 4123 1087 4178 ludaeos
1103 4123 1184 4176 libro.
1199 4123 1271 4175 Nam
1286 4137 1319 4175 aa
1334 4121 1426 4176 eidem
1438 4120 1786 4193 Demetrianotlbidpeg.

114 4217 176 4270 Non
201 4215 297 4286 plures
326 4215 433 4286 qnippe
457 4221 525 4270 sunt
550 4231 635 4286 quarn
657 4217 866 4273 novemdecim.
892 4221 928 4272 nt
980 4217 1038 4283 lul,
1063 4213 1182 4286 aliisque
1207 4214 1359 4285 gentilibus
1385 4214 1424 4268 sic
1447 4213 1544 4284 objicit
1567 4231 1574 4268 ι
1596 4213 1734 4281 oVadite,
1760 4217 1790 4268 et

114 4325 218 4363 norem
240 4324 275 4362 ex
302 4307 357 4362 illis
384 4309 498 4364 exhibet
521 4311 699 4376 Veronensis,
728 4311 769 4364 oti
795 4309 926 4378 diximus,
978 4309 1084 4376 cadite,
1100 4307 1571 4379 etnoliteparcereoculisvestris.
1587 4307 1677 4362 Nolite
1704 4307 1789 4362 mise·

115 4402 222 4458 codicis
246 4401 400 4470 lectiones;
426 4401 487 4456 aliis
512 4418 588 4470 vero,
613 4419 686 4473 quae,
713 4419 771 4458 ona
799 4407 925 4474 excepta,
978 4403 1033 4458 reri
1046 4403 1173 4472 senioris,
1187 4405 1236 4456 aut
1246 4403 1372 4472 juvenis,
1393 4407 1441 4456 ant
1457 4401 1592 4472 virginis3
1608 4405 1636 4456 et
1651 4401 1785 4472 parvulos

113 4494 290 4551 brevissimae
304 4499 377 4562 sunt,
391 4496 523 4566 quaedam
538 4497 672 4567 Cypriani
682 4496 924 4568 rerbaexplieare,
938 4482 965 4553 D
978 4499 1006 4552 et
1030 4497 1165 4552 mulieres
1192 4495 1353 4562 interlinita,
1383 4497 1414 4549 ut
1439 4493 1649 4565 perdeleantur.
1665 4495 1785 4548 Omnem

113 4592 163 4644 aut
175 4588 344 4644 confirmare
358 4593 488 4644 conatur.
976 4594 1070 4644 autern
1085 4607 1169 4660 snper
1183 4604 1268 4660 qoem
1288 4589 1403 4659 signnm
1425 4587 1625 4658 scriptumest,
1639 4587 1785 4656 netctige·

149 4683 256 4754 Duplex
279 4683 310 4736 in
346 4681 496 4736 Osoniensi
530 4681 657 4738 editione
689 4688 835 4752 notarum,
861 4685 926 4740 sutis
977 4686 1047 4739 ritis.
1064 4684 1144 4748 Quod
1161 4689 1257 4737 autem
1276 4682 1376 4735 sithoc
1388 4681 1512 4751 signum,
1529 4683 1558 4734 et
1579 4695 1634 4750 qua
1649 4679 1679 4733 in
1706 4682 1785 4750 parte

113 4775 264 4831 commodo
281 4774 380 4830 ordine
402 4773 585 4846 digestarum,
610 4791 698 4847 genos
714 4782 765 4832 cst.
782 4778 925 4833 Prioribus
976 4779 1102 4849 corporis
1125 4776 1246 4848 positum
1271 4775 1306 4829 sit
1326 4772 1490 4828 manifestat
1510 4772 1566 4828 alio
1587 4773 1616 4828 in
1638 4772 1699 4828 loco
1713 4774 1785 4827 Deos

112 4874 210 4926 autem
223 4867 330 4924 minori
343 4869 504 4923 charactere
524 4870 630 4924 excusis
645 4870 828 4940 proteruntur
842 4872 926 4926 variae
976 4871 1071 4926 dicens
1085 4890 1092 4925 ι
1107 4869 1206 4925 Transi
1222 4885 1271 4940 per
1295 4867 1420 4923 mediam
1443 4865 1609 4933 Jerusalem,
1626 4869 1655 4920 et
1672 4865 1784 4921 notabis

113 4963 246 5020 codicum
265 4962 380 5033 quidem
404 4962 673 5032 manuscriptorum,
690 4963 739 5017 sed
759 4964 924 5035 neutiquam
976 4963 1296 5034 argnumsuperlrontes
1309 4961 1446 5028 virorum,
1457 4958 1505 5030 qni
1520 4959 1669 5028 ingemunt
1679 4960 1707 5013 et
1716 4973 1784 5014 moe·

113 5058 300 5128 antiquarum
314 5053 404 5128 991
424 5055 582 5110 editionum
605 5056 747 5111 lectiones.
762 5059 817 5114 Cur
829 5060 925 5112 autem
977 5063 1039 5112 rent
1053 5057 1088 5112 ob
1105 5056 1265 5127 iniquitates
1275 5052 1381 5126 992,
1393 5067 1456 5124 quae
1467 5053 1538 5106 liunt
1554 5051 1583 5106 iu
1597 5051 1691 5107 medio
1705 5051 1784 5122 ipso·

112 5151 157 5206 bae
171 5151 283 5206 omissos
297 5149 363 5220 sint,
380 5147 559 5219 exploratum
571 5165 627 5204 non
641 5149 788 5204 habemus.
803 5150 926 5206 Secundi
974 5167 1040 5204 rum
1063 5150 1175 5216 (Eiron,
1197 5165 1233 5215 rr,
1247 5149 1286 5216 l).
1304 5169 1317 5198 »
1332 5149 1363 5201 ln
1385 5145 1506 5201 seeundo
1531 5150 1629 5200 autem
1652 5145 1785 5201 adversus

112 5245 225 5315 generis
243 5247 320 5300 notra
332 5243 368 5300 ud
388 5242 589 5314 explicandum
604 5247 632 5296 et
653 5243 856 5299 stabiliendum
870 5245 924 5315 Cy·
974 5243 1084 5299 ludaeos
1099 5241 1171 5296 libro
1187 5260 1194 5296 ε
1212 5241 1339 5295 «Transi
1360 5258 1412 5312 per
1429 5239 1553 5295 mediam
1569 5239 1736 5307 Jerusalem,
1757 5241 1787 5294 et

110 5337 206 5408 priaui
222 5341 333 5392 textum
348 5338 521 5393 conducunt.
542 5338 574 5391 ln
589 5336 633 5390 his
653 5352 738 5406 perro
761 5337 859 5392 doctus
877 5337 923 5392 ille
974 5335 1082 5391 notabis
1097 5335 1212 5406 signum
1230 5351 1315 5405 snper
1336 5336 1445 5389 frontes
1464 5333 1606 5401 pirorum,
1637 5333 1686 5404 qui
1702 5333 1783 5404 inge-

110 5431 154 5484 rir
180 5429 328 5485 landandus
352 5432 451 5501 procul
487 5429 576 5484 dubio
610 5427 742 5485 brevitati
773 5431 923 5487 consuluit.
974 5432 1103 5485 montet
1121 5427 1619 5500 nrmrentohiniquitatesquaefiunt
1640 5427 1669 5480 in
1691 5425 1784 5480 medio

110 5523 264 5594 longiores
276 5523 386 5578 canteris
405 5529 471 5579 sunt
485 5523 549 5579 duae
564 5521 684 5595 priores,
703 5540 825 5595 quarum
837 5527 925 5580 altem
973 5525 1112 5595 ipsorum.
1127 5543 1141 5572 a
1156 5522 1224 5575 ltcrn
1236 5520 1292 5576 illie
1309 5537 1315 5574 ε
1335 5543 1349 5570 u
1366 5521 1473 5590 Vadite,
1485 5527 1514 5575 et
1524 5519 1635 5588 condite,
1650 5525 1678 5575 et
1694 5519 1782 5573 nolite

111 5615 275 5688 opinionem
289 5617 402 5672 illorum
416 5619 528 5680 refellit.
540 5618 589 5690 qui
604 5617 760 5688 opinentur
771 5619 922 5674 Oametria·
974 5633 1091 5689 parcere
1101 5615 1188 5672 oeulis
1201 5615 1333 5670 vestris...
1351 5615 1471 5670 Omnem
1487 5617 1583 5670 autem
1597 5627 1782 5685 superquam

112 5707 289 5763 neminisse
313 5709 414 5763 hincm
438 5713 655 5780 proconsulem3
672 5711 762 5766 altera
784 5727 850 5766 vero
864 5727 922 5767 res·
974 5711 1089 5782 signum
1113 5709 1251 5780 scriptum
1275 5713 1325 5778 est,
1350 5724 1386 5762 ne
1409 5707 1559 5778 tetigeritis
1581 5707 1680 5778 (ldem,
1700 5703 1782 5758 libo

111 5801 380 5874 poudctbactantio,
391 5803 442 5875 qui
452 5804 633 5876 Cyprianum,
650 5809 680 5862 ut
694 5806 921 5877 supradiximus.
973 5807 1044 5862 Ado.
1057 5805 1122 5860 rau.
1139 5801 1289 5876 §impare
1305 5803 1359 5874 tl).
1374 5823 1388 5852 o
1403 5803 1461 5858 lloc
1473 5803 1570 5857 autem
1584 5797 1706 5854 secundo
1720 5797 1782 5854 loco
