4080 6200
130 260 185 320 aba
597 257 598 268 ¹
868 247 1027 312 EPlSTOLA
1046 247 1067 308 l.
1759 260 1811 322 ιο)

126 397 190 460 εει,
214 387 344 460 quamvis
367 403 424 442 non
445 383 584 457 jactatum
607 381 694 454 possit
718 397 789 448 mse,
810 381 858 436 sed
885 396 949 452 gra·
960 393 988 466 Α
999 381 1101 434 teneas
1115 377 1182 449 (ao),
1195 377 1219 432 si
1238 377 1335 449 illapsa
1348 380 1372 416 ⁴⁸
1388 375 1444 454 (to)
1458 380 1594 438 firmitate
1611 383 1718 456 vestigii
1732 387 1773 442 tui
1786 389 1810 426 ‘⁹

126 491 209 551 tum,
224 482 363 554 quidquid
378 477 545 536 nonvirtuti
559 475 687 532 hominis
701 475 883 542 adscribitur,
900 474 948 528 sed
999 471 1125 538 incedas,
1149 471 1170 526 si
1194 472 1223 526 in
1251 471 1341 526 Deum
1369 473 1474 528 viribus
1498 475 1563 531 totis
1587 491 1620 532 ac
1643 481 1809 539 totocorde

126 582 164 636 de
182 580 230 635 Dei
253 595 377 634 mernere
401 575 587 648 predicatum
615 577 648 628 ut
664 573 725 644 jem
751 588 809 628 non
831 586 948 643 peecare
999 579 1154 635 suspensus
1168 564 1222 619 hoe
1235 561 1332 636 203
1347 564 1385 620 eis
1399 569 1509 622 mutum
1521 569 1599 639 quod
1613 586 1673 624 esee
1689 573 1810 645 caepisti,

126 691 191 729 me
215 673 334 744 mpetu
355 669 433 738 fidei,
454 668 530 742 quod
552 670 618 722 „me
638 669 787 738 peecatum
808 667 859 731 031,
885 663 947 718 fue.
998 659 1111 711 tautum
1136 655 1187 712 tihi
1209 656 1244 712 ad
1269 656 1413 712 licentiam
1438 657 1523 714 delur
1548 665 1687 732 qnantum
1710 666 1809 736 gratiae

125 767 165 821 rit
181 768 205 802 ⁸²
227 765 335 821 emeris
359 761 490 818 humani.
514 760 564 816 Dei
588 765 648 828 est,
674 759 804 830 inquam,
832 756 880 812 Dei
906 761 949 810 est
997 749 1131 820 Spiilfflss
1151 753 1283 821 &utimur-
1304 750 1367 806 ⁸⁰11
1388 750 1475 818 essim,
1492 753 1542 822 qui
1563 753 1809 815 ⁶⁰b0¹1⁰fi⁰i⁰r¹¹m

125 853 721 933 202omnet¹qu0tll³⁰³⁵¹¹m¹¹⁵·¹⁰d⁰
738 847 947 918 vivimus‚iude
996 842 1175 898 terrestrium
1203 858 1267 898 mes
1299 847 1355 910 est,
1387 843 1417 896 in
1447 846 1621 913 capessendo
1650 854 1808 905 munere⁵¹

123 953 281 1025 pollemus,
308 951 375 1007 inde
397 954 511 1020 sumpto
532 953 561 1003 et
581 944 828 1018 conceptorigere
845 943 947 1011 ⁴³‚hao
996 935 1101 990 eoelssii
1132 951 1266 992 mensura
1291 935 1315 970 ⁵²
1348 935 1404 990 ulla
1437 937 1481 992 sel
1513 939 1616 993 modus
1651 948 1702 997 est.
1738 947 1807 1000 Pro-

125 1045 227 1102 udhue
252 1044 338 1116 positi
362 1043 524 1098 futurorum
546 1039 650 1096 indicia
672 1036 885 1110 prenoscinans.
905 1034 947 1090 Sit
997 1028 1091 1084 fluens
1120 1029 1241 1100 largiter
1263 1027 1387 1099 Spiritus
1409 1029 1496 1084 nullis
1521 1031 1625 1086 linibus
1651 1036 1807 1106 premitur,

124 1143 241 1194 mntem
271 1139 358 1194 timor
381 1134 554 1190 innocentiae
579 1138 674 1188 custos
695 1130 761 1203 (37),
785 1136 827 1198 ut,
852 1128 945 1199 quiin
997 1137 1049 1176 nec
1077 1121 1276 1178 coercentibus
1302 1121 1434 1176 claustris
1461 1123 1536 1178 intra
1563 1127 1640 1181 certe
1666 1134 1807 1186 metarum

126 1231 243 1282 mentes
266 1231 377 1282 nostras
403 1223 590 1295 indulgentiae
612 1220 734 1277 caelestis
754 1220 863 1290 allapsu
885 1217 944 1273 cle·
996 1214 1221 1286 spatiairenatur
1234 1215 1258 1249 ⁵³
1274 1232 1281 1268 ι
1298 1218 1396 1270 menet
1406 1215 1525 1286 jugiter,
1539 1217 1676 1273 exuberat
1689 1220 1807 1278 effluen-

126 1324 245 1376 meuter
267 1317 406 1376 Dominus
426 1318 589 1384 inlloxitl‘,
616 1315 645 1370 in
670 1313 759 1368 enimi
779 1311 945 1368 oblectantis
995 1310 1048 1363 ter.
1085 1309 1220 1363 Nostrum
1251 1311 1364 1364 leuium
1390 1308 1465 1364 sitiat
1500 1315 1597 1380 peetus
1623 1313 1658 1380 [el
1681 1317 1806 1384 palent:

124 1412 255 1484 hospilio
272 1413 386 1483 insta*⁵
408 1409 653 1482 obtemperatione
674 1412 819 1474 teneatur,
844 1421 881 1460 ne
898 1419 943 1460 ac·
995 1403 1135 1473 quantum
1159 1401 1226 1456 illuc
1248 1401 1314 1456 lidei
1330 1402 1354 1438 ⁵⁴
1374 1402 1485 1473 capacis
1509 1402 1668 1474 alierimus,
1697 1411 1806 1464 mnium

124 1509 207 1573 cepte
221 1499 464 1572 “secudusli8l
478 1497 693 1570 indiligentiam
707 1494 809 1567 pariet,
826 1497 945 1549 etvetus
996 1480 1096 1568 gratim
1123 1494 1293 1550 inundantis
1323 1495 1482 1552 haurimus.
1513 1496 1579 1552 lude
1602 1498 1664 1569 jem
1692 1500 1811 1558 incultas

125 1594 324 1650 dennohestis
336 1595 465 1665 obrepet.
995 1587 1089 1652 detur,
1112 1589 1241 1644 emhtste
1262 1587 1367 1656 sobria,
1382 1593 1478 1644 mente
1497 1589 1621 1662 integra,
1640 1608 1706 1650 voce
1727 1611 1807 1666 pura,

161 1690 193 1743 ll.
206 1689 361 1758 Ceterum,
377 1688 399 1743 si
414 1693 446 1742 tn
459 1685 641 1753 innocentia,
656 1683 680 1740 si
690 1681 807 1754 jusiitias
822 1681 899 1736 vlam
914 1681 937 1716 *Ἰ
994 1680 1098 1736 virtute
1115 1680 1228 1738 sineere
1239 1680 1293 1753 (iil
1304 1681 1339 1750 ⁵⁵,
1354 1681 1384 1736 in
1408 1681 1550 1738 medelam
1574 1683 1733 1742 dolentium
1753 1689 1808 1761 (ii)

811 1805 917 1872 Variae
944 1805 1114 1872 lectiones.

156 1941 179 1974 ⁴¹
203 1940 356 1993 Peccatum
384 1941 469 1992 tuerit
497 1939 565 1990 tom.
587 1939 631 1988 Ar.
657 1935 704 1987 lid.
730 1933 845 1986 Generis.
869 1931 923 1982 Nc.
946 1933 966 1982 l.
1017 1933 1039 1966 ⁴¹
1063 1931 1116 1982 Dei
1143 1944 1225 1982 omne
1252 1931 1329 1982 Onon
1386 1933 1409 1966 ⁴¹
1426 1931 1544 1996 Sumpto
1572 1934 1667 1998 vigore
1698 1937 1764 1989 Voss.
1786 1943 1809 1996 t.

124 2015 147 2046 ⁴⁴
160 2011 246 2074 Quod
258 2013 285 2061 in
300 2013 410 2062 mentes
432 2013 541 2060 nostras
568 2009 719 2060 clementer
737 2004 877 2056 Dominus
900 2001 1012 2052 intinxit
1031 2004 1077 2051 Ar.
1102 1999 1181 2050 libor.
1200 2001 1311 2065 lnlllxil,
1327 2003 1386 2053 Dee.
1403 2003 1472 2052 torn
1494 2003 1556 2053 dod.
1576 2005 1601 2054 3.
1622 2006 1717 2058 t'osnt
1739 2010 1811 2074 Spir.

123 2084 180 2133 Nc.
197 2084 223 2132 l.
240 2083 306 2130 rem.
329 2083 404 2131 Eros.
428 2081 528 2130 Hanni.
553 2078 659 2129 luluxit
676 2074 780 2127 itcrell.
805 2073 869 2122 t’icl.
912 2072 1059 2124 ⁴⁵inritam
1082 2073 1303 2136 perorationem
1325 2073 1385 2122 lien.
1409 2075 1453 2122 nr.
1498 2073 1522 2106 ⁴⁶
1541 2073 1581 2123 Ne
1603 2087 1669 2124 cum
1699 2083 1812 2142 eccepto

124 2169 147 2206 s.
161 2155 180 2203 i.
194 2165 255 2217 par.
281 2156 361 2204 retus
384 2153 454 2202 Pena.
480 2151 552 2200 tam.
577 2148 622 2198 Db.
648 2150 715 2197 Voss.
736 2146 793 2197 Nec
815 2145 926 2207 recepta
951 2143 1021 2192 Fon.
1040 2141 1064 2194 t.
1110 2141 1267 2194 ⁴⁷Jualitiae
1290 2141 1425 2194 semitam
1448 2145 1502 2193 nn.
1551 2143 1573 2178 ⁴³
1588 2145 1696 2197 Tenens
1713 2148 1812 2212 illapsa

124 2223 259 2274 firmitate
285 2222 393 2286 vestigii
419 2221 490 2271 hm.
518 2218 573 2270 Nc.
602 2220 625 2269 l.
649 2217 726 2268 ster.
753 2215 816 2265 Tin.
845 2215 914 2264 Fusa.
960 2213 983 2247 ⁴⁹
1004 2213 1138 2278 vestigiis
1161 2213 1462 2264 interemtores.
1522 2215 1543 2248 ⁵⁰
1569 2213 1667 2277 Qualis
1694 2217 1759 2268 Voss.
1785 2222 1808 2270 l.

124 2297 146 2327 ⁵¹
161 2291 385 2342 hluneredirino
404 2291 468 2341 Viri.
512 2291 532 2322 ⁵¹
548 2288 673 2340 Censura
689 2287 760 2337 Lern
781 2283 827 2334 lib.
847 2285 904 2336 hin.
949 2287 969 2320 ⁵³
984 2284 1153 2336 Refrenetur
1173 2284 1244 2334 Lem.
1269 2285 1329 2334 Den.
1355 2283 1432 2335 litor.
1455 2283 1515 2334 The.
1542 2284 1605 2334 i'iet.
1651 2286 1810 2342 “liliolide

128 2364 194 2413 Vici.
241 2365 262 2396 ⁸⁵
276 2359 377 2414 Sancte
391 2363 450 2412 lien.

766 2448 880 2530 Steph.
903 2445 1027 2510 Beluzii
1048 2451 1146 2509 uotae.

125 2577 233 2642 quibu
247 2574 432 2628 verecundius
446 2573 595 2626 dicendam
609 2574 662 2626 erlt
678 2585 728 2624 sne
744 2587 829 2638 qnam
850 2572 942 2623 aliene
992 2569 1063 2620 limet
1081 2569 1230 2619 Dominum.
1264 2567 1439 2628 Lactantius,
1467 2568 1495 2618 in
1524 2567 1595 2619 libro
1619 2569 1651 2620 de
1678 2571 1722 2621 lrn
1746 2574 1810 2632 liri,

125 2647 277 2698 laudantis.
291 2664 306 2694 a
328 2647 364 2698 itt
383 2646 431 2697 lib.
448 2659 489 2708 xi,
502 2660 563 2710 cap.
585 2648 618 2696 l:
642 2663 655 2690 α
671 2645 769 2697 Omnis
783 2647 827 2696 sui
841 2609 1052 2702 vitiosasscep.
1075 2641 1115 2702 lt,
1140 2640 1178 2688 eit
1199 2638 1362 2702 religionem
1384 2651 1444 2688 ease
1469 2651 1525 2686 non
1547 2651 1628 2702 posse
1649 2640 1698 2691 nbi
1719 2647 1810 2693 metus

124 2721 242 2782 jactatio
268 2721 323 2776 est,
349 2715 483 2782 offertque
509 2715 688 2768 audientibus
713 2729 769 2767 non
799 2714 943 2764 fastidium
995 2709 1091 2760 nullus
1104 2713 1154 2762 est.
1169 2710 1240 2760 Item
1253 2710 1281 2758 in
1295 2708 1366 2760 libro
1379 2722 1408 2759 ιιι
1424 2706 1567 2760 Thebaides
1581 2713 1608 2761 el
1622 2711 1695 2774 apud
1717 2713 1810 2762 Petro-

124 2789 227 2850 modo‚
254 2788 305 2838 sed
323 2788 487 2852 plerumque
511 2789 595 2839 etiam
619 2787 758 2838 odium.»
783 2787 855 2836 Ante
878 2797 942 2835 eum
993 2781 1089 2830 nium:

126 2859 230 2910 Cicero
242 2857 350 2909 dixemi
363 2860 391 2910 iu
403 2858 475 2909 libro
489 2857 677 2924 lOffleientm:
694 2857 847 2907 «Deforme
860 2855 942 2905 Diiflm
1165 2866 1268 2916 primm
1280 2864 1307 2914 in
1320 2864 1384 2914 orbe
1399 2863 1462 2914 dgos
1476 2864 1538 2916 [egit
1553 2865 1638 2916 timor,

126 2935 167 2980 sai
188 2931 226 2981 de
246 2941 277 2981 ee
303 2931 362 2993 ipso
393 2929 553 2993 praedicere.
574 2948 589 2976 »
615 2927 727 2980 Sciebat
747 2927 822 2978 enirn
845 2937 943 2976 rerum
1077 2974 1082 2984 ,
1200 2974 1205 2984 ,
1595 2973 1600 2986 ,

126 3013 188 3052 0330
208 3001 285 3064 quod
303 3001 395 3052 Julius
418 3000 512 3052 (Μ,
534 2997 848 3060 aip,in11b„0mund0
870 2997 943 3047 Com„
993 2973 1102 3026 Relelro
1123 2973 1223 3024 Leonis
1242 2985 1321 3038 papae
1344 2969 1378 3032 11,
1398 2969 1431 3020 ed
1458 2970 1671 3024 Constantinum
1692 2974 1810 3042 tmpera-

126 3073 320 3122 ΝΜ,
350 3071 382 3122 d,
409 3071 477 3123 Μ),
504 3072 589 3132 Μ,
611 3071 729 3122 ΗΜΘ,
755 3068 883 3119 hommes
907 3065 942 3116 de
996 3047 1085 3095 torem
1109 3045 1211 3096 inserta
1239 3046 1308 3094 actis
1330 3043 1416 3092 sextae
1437 3041 1564 3106 synodi:
1590 3063 1602 3086 a
1620 3043 1714 3095 Pietas
1737 3049 1810 3098 enisu

126 3143 184 3194 m
201 3141 513 3206 mmmmm
529 3142 605 3209 quod
626 3155 683 3192 non
700 3141 838 3192 smitam
862 3138 941 3188 ,ΠΜ
994 3117 1085 3165 vestre
1118 3115 1226 3165 tructus
1257 3110 1457 3163 misericordiae
1489 3117 1538 3164 est.
1562 3113 1687 3166 Potestas
1716 3122 1809 3168 autern

124 3213 208 3264 mit
237 3214 290 3265 Dio
317 3213 446 3276 emim,
475 3215 523 3266 hb·
549 3225 665 3265 mm
688 3212 724 3262 Ε,
747 3216 840 3262 ,ΜΠ
868 3208 942 3260 ,Μ
995 3189 1092 3237 custos
1112 3189 1155 3235 est
1182 3183 1345 3249 disciplinae.
1366 3198 1381 3231 a
1402 3183 1563 3247 Ennedins,
1590 3185 1619 3235 in
1644 3187 1703 3237 Vite
1725 3192 1810 3239 antisti

125 3284 228 3336 ciem
252 3284 370 3349 pm„
396 3285 481 3335 ΠΜ,
501 3285 640 3336 interdum
663 3283 698 3335 de
731 3295 761 3333 se
793 3279 941 3344 magnifice
990 3255 1147 3320 Epiphanii,
1163 3255 1203 3306 eit
1225 3252 1423 3306 verecundiam
1445 3266 1506 3305 esee
1533 3259 1650 3308 matrem
1672 3258 1808 3312 bonorum

124 3357 289 3421 praedicare.
311 3357 358 3406 ait
375 3357 479 3420 quippe
500 3357 530 3406 in
551 3356 622 3406 libro
643 3353 815 3418 Olliciorunr:
836 3351 942 3402 «Licet
991 3341 1116 3392 ‘'pemm·
1235 3399 1240 3408 .
1392 3397 1397 3410 .
1510 3398 1515 3408 .
1566 3401 1570 3410 .
1774 3403 1778 3412 .

125 3427 217 3488 enim,
245 3427 336 3478 ΜΕΝ»
362 3427 411 3488 ῆι),
443 3427 516 3490 ,ΡΜ
539 3431 566 3477 ,Θ
592 3425 716 3490 gloriari,
745 3421 781 3474 ad
803 3435 887 3488 quem
913 3425 942 3472 θ,
1024 3399 1072 3462 (38)
1097 3400 1135 3450 Nc
1154 3403 1290 3450 securitas.
1314 3395 1623 3481 Cyprianua‚·1nlrhro
1645 3400 1677 3449 de
1699 3402 1808 3466 tapsus,

124 3498 276 3550 baereditas
297 3498 382 3562 hujus
403 3497 497 3562 glories
518 3501 546 3549 et
566 3497 721 3548 facinorum
741 3495 860 3546 imitatio
877 3505 939 3558 per·
989 3484 1016 3534 Ρ·
1031 3471 1077 3522 ¹3²
1097 3469 1286 3521 *iTffl‘fflm
1299 3469 1380 3550 ΝΜ,
1394 3469 1569 3532 ⁶¹⁸⁰¹P¹¹¹¹⁰m
1584 3485 1637 3554 1³3¹
1654 3473 1735 3536 ¹⁰¹¹lia
1749 3489 1797 3524 tor

125 3570 204 3620 tinet.
224 3587 239 3617 ι
263 3569 340 3620 idem
361 3569 389 3619 in
411 3570 536 3618 Oratione
551 3568 583 3618 ds
606 3567 741 3631 demoniis
764 3564 916 3628 aruspicum
931 3577 941 3611 .·
991 3545 1110 3624 ΓΡΡθιθῑ·
1131 3559 1146 3588 ιι
1172 3539 1312 3622 Secundae
1337 3553 1412 3590 enim
1439 3553 1499 3622 res,
1526 3545 1556 3590 ut
1585 3545 1631 3624 art·
1652 3543 1683 3592 Τ.
1713 3545 1807 3594 Liuius

126 3655 141 3686 ι
159 3639 255 3690 ΡΜ,
278 3641 428 3704 quisquam
450 3641 479 3690 in
504 3639 587 3692 rebus
612 3639 720 3702 mgni„
745 3649 809 3689 cum
837 3621 941 3684 invidi„
991 3611 1113 3670 librovr.
1129 3612 1454 3676 negligentiamcreenl;
1471 3611 1589 3674 ideoque
1608 3624 1715 3664 aranon
1737 3619 1807 3666 niari-

126 3714 253 3760 ,ΝΜ
267 3711 335 3760 ω),
357 3711 478 3775 graviter
497 3714 594 3761 „oum
613 3709 719 3760 inimici
743 3706 940 3760 contumellam
990 3689 1050 3736 tum
1073 3684 1216 3736 fidendum
1234 3681 1307 3734 idem
1328 3685 1367 3734 eit
1394 3685 1423 3733 in
1448 3683 1520 3734 libro
1543 3697 1609 3736 anri.
1631 3685 1701 3739 Vide
1724 3697 1805 3740 notas

126 3783 186 3832 sine
208 3794 261 3832 aua
284 3780 366 3831 lande
386 3781 562 3844 respondere.
587 3801 601 3828 s
626 3782 755 3840 Plautus,
779 3779 808 3828 in
831 3774 941 3840 Ampli-
989 3765 1098 3811 1¹⁰Sii³⁸
1110 3759 1144 3842 “tl
1157 3757 1259 3809 librum
1271 3761 1379 3809 mium
1393 3757 1523 3844 ssfllliflffl·
1555 3833 1561 3844 ·

126 3856 222 3916 pm„
235 3867 251 3910 ··.
270 3851 353 3914 ‘Qui
371 3865 429 3902 non
455 3851 579 3917 deliquit,
602 3851 682 3903 decep
706 3849 841 3902 audacem
869 3858 940 3907 mse,
1021 3833 1071 3896 (se)
1106 3833 1180 3916 Vnone
1216 3837 1313 3882 teneus.
1350 3831 1470 3894 Quidam
1500 3831 1562 3882 libri
1596 3837 1703 3886 veteres
1734 3851 1803 3902 prae.

125 3921 301 3973 confidenter
317 3933 367 3986 pro
385 3935 417 3972 se
436 3927 464 3974 et
481 3927 607 3986 proterve
628 3923 713 3987 loqui.
729 3936 745 3969 n
764 3921 841 3972 Licet
862 3917 937 3968 euim
991 3909 1223 3958 renuntiantium.
1240 3905 1419 3966 remelium
1446 3918 1503 3970 quo
1520 3908 1612 3958 crateri
1633 3922 1803 3974 acceperunt

126 3993 279 4059 gliqmndo
302 4005 449 4045 exonam
473 3994 502 4043 in
525 3994 649 4059 proprias
676 3991 781 4052 laudes,
806 3980 1095 4069 exemplocedidii:
1123 3998 1137 4026 s
1159 3979 1189 4030 Si
1213 3979 1350 4044 justitiam
1378 3983 1486 4039 totiens,
1510 3980 1533 4029 Si
1557 3980 1655 4044 illapssfl
1681 3983 1800 4035 firmiia-

125 4067 215 4118 „norr
238 4064 318 4114 panii
340 4065 466 4128 apostoli,
481 4065 509 4114 jn
534 4064 657 4130 Epistola
680 4061 803 4116 munda
825 4060 860 4112 ad
884 4059 937 4112 00.
988 4058 1016 4107 to
1032 4054 1141 4118 vestigii
1162 4053 1202 4103 tul
1225 4051 1347 4115 incedas,
1361 4052 1385 4102 si
1407 4053 1436 4102 in
1458 4053 1547 4102 Deum
1571 4053 1676 4105 viribus
1699 4059 1772 4120 tolia,
1785 4079 1801 4106 »

125 4137 243 4188 riothioe
267 4137 317 4198 (ιι,
334 4135 397 4198 hil:
421 4137 451 4185 in
477 4147 530 4200 poc
556 4137 615 4201 quie
639 4135 735 4192 audet,
757 4138 786 4184 at
810 4132 938 4195 insipiens
986 4133 1038 4181 etc.

126 4209 197 4265 Deo,
226 4205 313 4256 eadee
329 4211 352 4254 et
376 4218 431 4269 epo.
459 4205 560 4256 Hebraei
582 4210 655 4266 eunt,
680 4210 703 4255 st
730 4216 789 4268 spo,
810 4200 938 4254 israelitae
1018 4201 1066 4260 tilii
1081 4199 1190 4264 illapsu.
1207 4200 1237 4250 ld
1260 4201 1311 4261 est,
1325 4199 1348 4250 si
1369 4198 1406 4250 lta
1426 4197 1507 4250 firmo
1531 4197 1601 4263 pede
1623 4201 1696 4252 viarn
1716 4204 1799 4267 justi.

123 4285 193 4339 rent,
211 4282 238 4328 et
260 4287 317 4340 epo.
336 4276 454 4326 itisistri
476 4274 575 4325 christi
593 4281 664 4335 sent,
683 4280 712 4326 nt
729 4275 818 4325 minna
831 4274 938 4337 supinis
987 4277 1034 4327 tire
1058 4281 1153 4326 leneas
1171 4279 1203 4324 ul
1223 4274 1259 4325 ab
1273 4287 1305 4325 ea
1326 4287 1383 4324 non
1398 4271 1537 4334 deflectas,
1553 4277 1585 4324 ut
1604 4288 1660 4326 non
1673 4276 1798 4333 labaris:

125 4351 199 4406 dico,
215 4346 279 4411 plna
295 4359 348 4411 epo.
365 4347 397 4394 in
411 4344 554 4398 andonius
573 4346 712 4411 piar-iniis,
737 4347 767 4395 in
788 4343 938 4395 carceribus
987 4346 1093 4411 ittupsc,
1109 4344 1200 4407 idest,
1217 4357 1274 4395 non
1290 4343 1375 4408 lapse.
1394 4344 1518 4395 Libellus
1540 4343 1657 4396 Precnm
1678 4347 1798 4402 Marcel-

125 4419 322 4475 ebunderntins,
349 4418 379 4465 in
399 4417 488 4481 plagis
507 4431 591 4482 supro
616 4417 737 4474 medens,
758 4416 787 4466 in
810 4412 937 4466 inertibus
986 4417 1037 4468 lini
1056 4419 1083 4466 et
1101 4415 1245 4466 Faustini:
1268 4432 1283 4462 e
1300 4415 1408 4479 inlapse
1425 4413 1797 4483 firmitalevestigii.nQuae

124 4491 290 4556 [rogemur.
307 4491 360 4538 ele.
375 4487 522 4550 Quomodo
541 4493 634 4540 autem
655 4501 685 4538 se
708 4488 771 4552 qius
785 4485 874 4550 possit
889 4486 938 4534 ali·
987 4486 1148 4538 suntverba
1164 4484 1305 4550 Cypriani.

124 4557 495 4628 quandolaudareexplicat
508 4563 620 4610 sennim
636 4557 847 4622 augustinustn
861 4555 936 4604 Psal-
1019 4559 1067 4620 illl
1096 4557 1198 4610 Vetere
1213 4557 1327 4608 nmero.
1346 4555 1402 4606 lata
1425 4555 1589 4608 exciderunt
1617 4559 1645 4608 iu
1668 4559 1797 4612 editioni·

124 4645 200 4684 mum
222 4641 320 4681 oxus.
345 4628 441 4678 iisset
464 4629 537 4692 apud
555 4629 735 4680 Plutarchum
754 4625 937 4689 libellusque
987 4627 1040 4678 bna
1064 4627 1178 4678 Pamelli
1203 4631 1232 4678 et
1258 4625 1378 4691 Rigaltii.
1406 4625 1523 4676 Exstant
1544 4627 1619 4676 enim
1646 4629 1675 4678 in
1690 4630 1752 4680 allis
1770 4636 1799 4682 et

125 4707 187 4770 quis
201 4705 310 4752 ratione
324 4712 355 4749 se
374 4701 465 4764 ipsum
479 4701 547 4750 eitra
561 4699 693 4750 invidiam
708 4698 822 4749 laudare
840 4698 935 4760 possit.
987 4701 1015 4750 in
1029 4699 1124 4748 multis
1138 4698 1260 4761 antiquis
1275 4695 1428 4748 codicibus.
1446 4695 1601 4759 Anglleane
1614 4697 1699 4749 editio
1717 4712 1798 4764 repo-

125 4772 290 4826 Aristoteloe
300 4772 335 4821 de
349 4771 505 4836 semetipso,
517 4775 549 4820 nt
566 4769 693 4822 Valerius
705 4771 843 4822 Maximus
855 4765 938 4819 tradit
987 4773 1052 4822 suit.

124 4845 170 4895 lib.
186 4857 239 4905 vn,
254 4855 315 4905 cap.
328 4841 391 4903 ³‚in
406 4845 531 4892 neutram
545 4847 651 4907 partem
668 4841 938 4907 loquidehereprae·
1018 4842 1068 4905 (lit
1104 4839 1232 4893 Dedelarn
1262 4839 1412 4891 dohntiwn.
1442 4839 1482 4890 lte
1513 4840 1603 4892 codex
1637 4847 1798 4897 monasterii

124 4915 248 4973 dicebat,
263 4915 396 4976 quoniam
410 4912 523 4964 laudere
543 4927 574 4964 ee
597 4917 670 4977 reni,
685 4917 842 4980 vituperare
860 4917 938 4967 stulti
987 4913 1136 4964 Bencensis
1150 4915 1178 4963 et
1198 4911 1287 4962 codex
1310 4911 1433 4975 episcopi
1453 4911 1636 4974 acconensis,
1655 4912 1798 4968 Veronen-

123 4991 204 5037 ssset.
222 4985 292 5034 llam
303 4985 332 5032 in
346 4993 377 5032 ae
391 4981 485 5034 dicere
498 4997 553 5034 non
569 4989 611 5037 est
625 4985 684 5037 iere
702 4987 936 5052 melanensium,
987 4985 1025 5036 sis
1049 4988 1077 5034 et
1098 4995 1172 5033 nnus
1193 4983 1366 5033 Vaticanus:
1387 4981 1526 5033 Hedsllona
1547 4981 1701 5034 dolentium.
1717 4986 1799 5039 Vete-

124 5063 154 5108 nt
165 5059 205 5107 ait
218 5053 407 5118 Quintilianus
418 5053 466 5104 llb.
484 5067 523 5114 vr,
541 5068 601 5121 cap.
618 5057 642 5108 3.
657 5057 727 5108 Vide
740 5059 938 5110 Demosthenis
987 5067 1031 5106 res
1049 5055 1187 5105 editiones
1205 5053 1346 5105 habebant
1368 5067 1374 5101 :
1394 5055 1425 5104 in
1446 5053 1564 5104 medulla
1586 5053 1798 5112 ndohscsntinna.

124 5129 278 5178 Orationem
289 5124 321 5174 de
336 5122 449 5174 Gerena.
988 5127 1128 5178 blorellins
1151 5127 1244 5191 posuit
1260 5141 1266 5175 :
1288 5127 1320 5176 ln
1340 5125 1455 5178 medella
1469 5127 1640 5181 amentium.
1657 5129 1688 5180 ln
1702 5132 1800 5186 codice

153 5199 203 5262 (37)
231 5197 321 5247 Timor
341 5195 496 5245 innocentiae
517 5203 610 5248 castos.
635 5197 790 5250 Columella
817 5201 843 5252 in
871 5213 939 5264 pra-
988 5201 1077 5252 sencti
1102 5199 1390 5265 arnulphibletensis
1411 5203 1627 5266 scriptumest:
1648 5206 1679 5254 in
1700 5207 1801 5259 modste

123 5271 228 5321 tatione
247 5267 311 5319 libri
326 5279 389 5317 xer:
412 5282 427 5310 r
441 5269 530 5321 Melus
546 5271 696 5336 plurimum
713 5273 819 5323 confert
839 5271 874 5321 ad
895 5271 937 5321 di·
989 5270 1161 5322 nocentium.
1183 5271 1213 5320 ln
1236 5283 1293 5322 nno
1313 5271 1390 5336 regio
1409 5275 1437 5323 et
1454 5273 1482 5322 in
1498 5285 1554 5323 uno
1572 5286 1635 5326 meo
1650 5289 1656 5323 :
1669 5276 1732 5326 inde
1748 5291 1801 5328 nie-

122 5341 269 5408 ligsntiam
294 5345 477 5397 custodiendi.
502 5364 516 5393 a
542 5347 572 5396 Τ.
595 5345 706 5406 Livius,
733 5344 782 5394 lib.
806 5357 902 5396 xxx1v
931 5359 936 5393 :
988 5343 1048 5395 delo
1063 5343 1254 5406 innocentiani.
1273 5344 1367 5408 Atque
1390 5341 1464 5395 hanc
1484 5344 1633 5397 lectionem
1656 5359 1718 5399 ease
1738 5363 1801 5401 me-

121 5429 135 5457 «
160 5413 314 5478 Disciplina
340 5421 433 5468 enetos
455 5415 640 5478 infirmitatis,
665 5429 749 5480 quam
773 5417 843 5466 iuter
864 5414 934 5465 rall—
988 5416 1085 5466 liorem
1118 5415 1294 5465 existimasse
1326 5413 1438 5466 videtur
1468 5413 1617 5480 Rigaltius.
1643 5421 1672 5468 et
1703 5433 1800 5471 vocem

121 5481 212 5534 diores
236 5487 343 5548 optime
366 5489 447 5540 timor
470 5491 601 5539 continet.
622 5501 638 5534 r
665 5487 798 5552 vegetius
822 5486 872 5536 lib.
895 5499 934 5549 iv,
983 5485 1139 5547 dolentium,
1156 5499 1220 5551 quae
1235 5484 1321 5538 hodie
1335 5489 1426 5536 exstat
1445 5486 1473 5536 in
1488 5487 1607 5551 vulgatis
1622 5488 1800 5553 editionibus,

120 5566 178 5616 esp.
206 5554 236 5604 lh
258 5570 265 5604 :
290 5575 304 5602 a
323 5557 417 5608 Timor
440 5559 528 5622 magis
551 5557 653 5623 trangit
676 5559 843 5609 insuetos.»
871 5558 935 5608 'rer-
985 5564 1081 5612 censet
1103 5573 1166 5611 esse
1180 5560 1274 5625 potius
1295 5559 1331 5611 ab
1352 5559 1500 5624 interprete
1521 5573 1606 5625 quam
1619 5562 1655 5612 ab
1677 5570 1799 5617 auctore.

121 5627 258 5678 mmm
271 5625 318 5678 lib·
336 5643 363 5692 1¹,
376 5630 409 5681 dt
429 5629 507 5680 ΟΜΝ
522 5628 708 5692 teminorum:
730 5646 746 5678 ι
758 5630 853 5680 Timor
872 5628 936 5678 fun·
985 5635 1023 5686 itt
1048 5635 1114 5702 quia
1136 5635 1165 5685 ln
1191 5635 1314 5699 antiquis
1341 5633 1509 5685 editionibus
1535 5634 1647 5686 ridebat
1667 5638 1800 5702 scriptum

121 5697 283 5751 dementum
304 5701 403 5753 salutm
424 5707 504 5754 eet.»
527 5705 558 5754 ln
574 5703 683 5754 Psalmo
703 5715 792 5756 oxvru
807 5719 813 5753 :
829 5703 935 5755 initium
986 5719 1065 5758 esse:
1088 5707 1120 5758 in
1142 5704 1258 5757 medalio
1279 5704 1500 5768 adolescentium,
1524 5719 1609 5770 qnam
1635 5709 1801 5772 scripturam

121 5773 257 5840 mpientiae
282 5773 361 5834 tinsor
385 5774 498 5828 mneos.
524 5775 560 5828 Et
583 5775 677 5826 elibl:
704 5776 801 5828 Rectus
821 5779 867 5828 nir
889 5776 937 5842 qui
986 5777 1153 5830 confirmant
1167 5777 1298 5843 quasdem
1310 5781 1403 5828 setara
1415 5778 1594 5843 exemplaria,
1608 5777 1675 5831 hlnc
1690 5779 1802 5849 collegit
