4012 6192
120 300 187 353 tous
798 289 973 350 ADVERSUS
990 289 1134 348 JUDAEOS.
1661 293 1663 301 “
1736 293 1802 347 rouo

155 430 237 489 num,
259 429 284 480 et
302 425 461 496 prudentem
481 422 724 495 adjutoremtlsa„
746 439 786 490 m,
804 419 841 492 Ι).
869 421 933 474 llaec
945 419 1153 506 plerusalem
1181 419 1209 472 et
1235 416 1287 472 nisi
1312 416 1503 474 converterint
1530 421 1651 486 mentes,
1680 422 1709 474 ot
1729 417 1804 474 dixe-

186 519 214 573 ia
240 523 339 574 autem
364 517 481 586 auxilia,
508 517 683 573 munitiones
700 517 752 588 (55)
771 521 799 570 et
826 529 934 587 propu-
988 512 1045 567 rint
1063 531 1068 566 :
1086 531 1100 563 a
1114 511 1189 566 Vicit
1216 511 1352 566 Dominus
1366 513 1395 566 in
1417 513 1518 567 saecula
1529 530 1537 582 3
1552 533 1566 564 s
1593 529 1651 568 nou
1670 515 1805 584 poterunt

212 615 241 668 ta
255 613 403 670 transtulit
415 613 450 668 ad
479 615 590 683 gentes,
611 628 694 668 omne
712 627 834 683 rognum
851 625 935 666 suum
987 607 1095 662 intrare
1108 605 1137 661 in
1161 606 1273 662 Domini
1288 605 1427 678 requiem.
1444 607 1646 678 Vivitatonim,
1664 611 1694 663 et
1705 607 1804 664 vivunt

236 713 318 786 ,igno
326 731 334 782 3
355 711 524 768 inhabitavit
546 712 575 768 in
596 711 661 782 iuis,
684 717 712 768 er
733 715 825 766 castra
843 713 936 766 meta.
987 701 1171 757 haereditates
1186 701 1258 772 ejus,
1273 707 1301 756 ot
1321 701 1387 758 vivit
1406 717 1493 772 quern
1516 701 1696 760 interfecistis
1715 702 1804 774 impie

250 803 358 876 minis,
373 811 402 860 et
416 803 455 859 ihi
474 804 621 861 constituit
639 801 750 858 virtutis
766 801 935 869 exercitum,
986 797 1015 852 in
1029 797 1185 852 Jerusalem
1203 815 1209 851 :
1231 799 1259 851 ct
1273 801 1374 852 tamen
1394 811 1454 851 non
1469 795 1519 852 tihi
1547 801 1636 853 totam
1661 814 1742 869 spem
1755 797 1804 852 de·

281 899 370 955 navit.
987 891 1105 962 negarit
1121 890 1258 946 Dominus
1266 907 1274 960 ;
1293 889 1372 946 dedit
1390 889 1467 946 enim
1483 890 1594 945 reniam
1617 891 1804 963 poenitentia,

267 1026 275 1050 t
290 994 402 1066 estjam
426 1009 549 1064 rognum
575 993 744 1060 torosulum,
762 991 812 1046 sed
834 989 864 1045 in
879 1006 932 1046 no·
986 986 1010 1040 si
1025 1003 1081 1058 quo
1095 985 1180 1041 modo
1195 985 1286 1057 possis
1305 984 1456 1056 poenitere.
1472 983 1539 1049 Quis
1556 987 1614 1040 tarn
1628 986 1729 1054 honus,
1744 985 1806 1058 quis

210 1107 234 1144 tc
261 1093 360 1158 castra,
384 1087 593 1152 hicoxcrcitus,
611 1087 745 1156 hicdux,
762 1086 808 1141 hic
833 1085 933 1154 virtus,
985 1085 1043 1136 tarn
1071 1079 1145 1152 pias,
1169 1085 1229 1135 tam
1255 1077 1712 1151 misericors‘?«Accips,inquit,
1737 1080 1810 1134 salu·

139 1206 161 1238 a
180 1201 311 1256 sponsas,
333 1183 379 1238 hic
405 1183 522 1255 nuptia,
552 1180 597 1237 hic
630 1199 697 1250 rex,
724 1181 770 1236 hic
794 1180 932 1247 Christus,
985 1181 1055 1246 tem,
1076 1179 1143 1234 licet
1164 1195 1212 1234 me
1238 1179 1510 1235 occideristhaeros
1532 1181 1592 1234 estc
1618 1195 1683 1236 cum
1707 1178 1806 1249 libers,

115 1278 243 1349 hierita,
266 1279 312 1333 hic
332 1278 484 1344 suscitatio,
507 1277 554 1332 hio
568 1277 724 1332 aeternitas.
749 1277 799 1330 llic
818 1278 861 1330 est
883 1273 933 1346 qui
983 1277 1049 1333 licet
1062 1294 1119 1332 non
1140 1277 1286 1334 merearis.
1308 1280 1435 1350 ignosco,
1450 1278 1473 1332 si
1495 1281 1523 1334 te
1539 1279 1667 1350 poenitat.
1683 1299 1697 1330 o
1714 1279 1801 1350 Ergo,

114 1373 149 1428 ab
170 1373 253 1429 initio
264 1373 400 1444 figuratus
415 1375 466 1438 cst,
482 1377 511 1427 ot
523 1389 538 1426 a
552 1372 701 1444 prophetis
717 1371 887 1436 honoratus,
906 1371 933 1424 ot
983 1372 1006 1427 si
1020 1374 1062 1428 las
1076 1378 1127 1440 est,
1143 1372 1181 1427 sic
1203 1373 1295 1444 capite
1313 1376 1442 1429 mentem
1469 1373 1586 1441 bonam,
1606 1373 1651 1428 rel
1674 1389 1737 1429 sero
1753 1373 1797 1428 val

115 1469 144 1523 in
161 1467 315 1523 visceribus
333 1471 508 1539 corporatus,
523 1469 551 1521 et
571 1465 600 1521 in
618 1465 743 1522 tordane
767 1464 883 1532 tinctus,
905 1469 933 1519 et
982 1467 1064 1522 tardo
1080 1466 1230 1538 intelligito
1243 1468 1630 1539 testamentumfluorunnEia
1649 1484 1707 1538 vos,
1724 1485 1796 1542 gen·

113 1579 130 1618 a
149 1563 258 1635 populo
285 1568 474 1634 contemptus,
489 1565 518 1616 et
532 1561 561 1616 in
573 1560 654 1632 ligno
673 1575 837 1631 suspensus,
853 1561 883 1614 et
901 1558 931 1612 iu
981 1566 1035 1630 tes,
1051 1561 1187 1618 absolvito
1200 1562 1256 1616 illis
1279 1562 1439 1634 Scripturas
1465 1579 1540 1632 stans,
1554 1567 1582 1618 et
1596 1561 1681 1618 dicito
1698 1565 1796 1621 :bdo-

112 1661 193 1712 terra
212 1658 352 1730 sepultus.
370 1657 419 1711 llic
437 1655 636 1740 estquirupit
654 1657 932 1710 vetussmrmtesta-
981 1663 1043 1712 rate
1073 1655 1229 1711 Dominum
1262 1673 1314 1729 pro
1342 1657 1453 1712 meritis
1479 1657 1565 1712 suis:
1593 1658 1683 1724 Ortum
1705 1675 1791 1714 manu

112 1758 258 1824 mentum,
286 1757 315 1810 et
339 1755 450 1828 scripsit
465 1769 580 1822 noriam,
596 1769 653 1824 quo
676 1757 776 1823 gentes
802 1751 838 1806 ad
864 1767 930 1822 pos·
986 1752 1136 1806 caterideris
1151 1750 1218 1822 (so),
1233 1751 1294 1806 ticet
1309 1767 1466 1821 exaggeres,
1487 1753 1636 1808 orationem
1657 1759 1731 1808 tuam
1755 1769 1809 1810 aon

112 1849 270 1904 sessionem
283 1849 424 1905 bonorum
439 1864 557 1903 suorum
589 1847 789 1918 leotronam:
811 1811 1117 1916 ideoqucsseaandr't;
1145 1861 1242 1900 marries
1270 1849 1340 1900 euim
1373 1851 1427 1901 tua
1449 1847 1536 1916 pleae
1571 1853 1637 1901 sarit
1663 1851 1807 1918 sanguiue.

113 1947 280 2014 nosgcntes
302 1942 429 1998 humeris
449 1941 544 2015 924
564 1941 666 1996 nostris
692 1957 804 1994 crucem
821 1937 937 1992 Domini
987 1941 1139 2002 laceranti,
1166 1941 1264 1994 raaudi
1296 1945 1387 2004 estote,
1412 1946 1438 1995 et
1475 1939 1582 2009 oenite',
1612 1943 1808 2014 colloquamur,

113 2038 207 2094 nostri
224 2039 376 2109 gestamus,
389 2053 502 2092 crucem
532 2052 616 2108 quam
630 2035 774 2091 confessus
793 2035 836 2088 ost
851 2031 937 2088 lsrael
987 2035 1054 2088 dicit
1072 2036 1201 2089 Dominus
1227 2037 1314 2100 Deum
1335 2035 1590 2103 eluitesarrpainem
1613 2051 1646 2092 eoa
1671 2037 1755 2101 uobis,
1785 2042 1811 2093 et

114 2131 274 2200 Dominus;
299 2132 347 2204 qui
359 2149 409 2187 eos
422 2131 531 2204 placide
542 2130 743 2202 alloquebatur
757 2129 802 2183 his
818 2127 912 2182 rochis
929 2143 936 2180 r
989 2129 1147 2182 errumdutit
1160 2128 1242 2183 corda
1266 2135 1356 2184 uestro
1379 2143 1460 2200 saper
1473 2131 1571 2194 tricem,
1586 2133 1692 2187 animus
1705 2136 1810 2188 uestras

117 2227 215 2284 Verrito
234 2227 274 2296 ‚act
293 2226 573 2296 mastaurensium
594 2241 672 2280 caeru
686 2226 826 2290 taboratis,
852 2227 877 2276 ct
892 2237 938 2289 opo
990 2223 1128 2292 sapertun
1145 2225 1210 2292 (iso.
1227 2240 1245 2286 1,
1262 2223 1317 2296 1Ξὶ).

114 2337 162 2377 vos
189 2324 316 2392 reficiam.
342 2325 389 2377 Est
412 2324 483 2376 euim
498 2321 596 2391 jupam
623 2336 709 2374 rrrerrm
729 2319 886 2390 placidum,
913 2321 938 2369 ct
1025 2319 1066 2371 rx.
1084 2318 1295 2386 nemobonus,
1313 2318 1467 2390 Scripturis
1488 2319 1606 2390 credite,
1627 2319 1673 2376 hio
1693 2323 1736 2376 est
1763 2337 1810 2377 sa·

115 2433 187 2472 onus
208 2418 369 2472 lenissimam
396 2417 568 2488 (.ltuttb.,rn,
592 2413 705 2484 28·30);
734 2419 761 2468 et
781 2410 938 2483 respoude-
988 2411 1338 2482 lus:DuSicneaiettttO)
1361 2413 1510 2468 certumst
1534 2415 1622 2470 leode
1641 2417 1811 2473 Hierusalem

114 2515 188 2568 runt
214 2535 219 2566 :
246 2515 307 2571 Non
332 2511 489 2580 audiemus;
506 2509 669 2580 sedgcntos
688 2505 939 2563 nostraeexoudio·
990 2505 1054 2574 (isa.
1071 2509 1159 2576 rr,3‘,';
1179 2506 1316 2576 judicabit
1344 2505 1373 2560 in
1401 2507 1495 2564 modio
1511 2509 1659 2580 gentium,
1679 2515 1707 2565 et
1731 2512 1815 2566 corci-

115 2612 200 2674 runt,
227 2610 256 2662 et
273 2605 456 2662 crediderunt
475 2604 561 2659 verbo
576 2603 702 2670 salutari,
727 2619 785 2673 quo
812 2600 938 2672 patciac-
989 2599 1047 2670 pict
1059 2600 1171 2670 piebem
1187 2600 1306 2655 multam
1324 2599 1438 2674 :925
1450 2619 1464 2656 c
1477 2602 1614 2658 oncidant
1630 2604 1737 2674 gladios
1749 2621 1815 2662 suos

117 2705 156 2756 tae
179 2705 248 2756 sunt
261 2717 345 2755 aures
369 2715 481 2766 eorum,
495 2698 603 2753 etoculi
621 2695 775 2752 illuminati
788 2709 938 2762 cneorum,
991 2694 1019 2748 in
1036 2699 1142 2760 aratro,
1158 2695 1318 2750 etiramoas
1332 2711 1396 2750 suas
1411 2698 1440 2751 in
1460 2697 1578 2752 falcibus
1612 2704 1813 2756 commutent:

117 2801 145 2852 ot
167 2794 290 2850 elocutae
317 2794 424 2866 lingum
449 2792 665 2864 impeditorum,
695 2789 788 2844 claudi
813 2787 940 2860 prosilis·
991 2795 1155 2843 nousumct
1171 2795 1353 2860 geuscontra
1380 2795 1494 2862 garrtom
1509 2792 1650 2863 gladium,
1677 2794 1811 2848 desinent

116 2888 349 2947 mutrotutlera
373 2887 529 2942 lasciviens.
553 2886 681 2942 Christus
708 2884 785 2938 enim
806 2899 870 2937 curn
887 2896 939 2935 suo
991 2883 1070 2937 enirn
1085 2882 1262 2954 belligerare.
1279 2886 1313 2940 Et
1339 2889 1380 2952 tu,
1400 2885 1503 2940 domus
1518 2885 1617 2956 Jacob,
1637 2887 1744 2954 venite,
1758 2902 1807 2944 ea·

117 2999 212 3057 regno
238 2983 338 3038 sedern
359 2981 457 3054 posuit
475 2981 548 3050 iltis3
564 2981 643 3052 plebs
667 2983 763 3034 antem
791 2975 938 3040 derelicta,
990 2995 1054 3032 rrius
1069 2977 1098 3032 in
1114 2977 1221 3034 lrrrriiuo
1230 2978 1339 3034 Domini
1349 2995 1357 3048 ς
1369 2979 1569 3036 romisiteuim
1580 2981 1694 3052 plebem
1702 2999 1784 3038 suam
1800 2999 1806 3040 :

117 3077 209 3148 nuda,
223 3075 468 3145 desertaviduata
480 3091 570 3147 regno
582 3072 688 3130 coelosti
698 3078 783 3144 atquc
793 3068 937 3127 terrestri:
991 3073 1133 3143 completa
1158 3077 1201 3128 est
1226 3072 1306 3145 regio
1333 3079 1381 3128 tua
1408 3075 1556 3147 prestigiis
1582 3074 1690 3144 alieuiS,
1705 3088 1735 3132 et
1754 3077 1808 3132 tttit

117 3190 188 3228 nam
202 3189 219 3228 a
233 3171 341 3227 coelesti
368 3169 471 3242 abjecti
502 3173 580 3235 sunt,
591 3167 736 3224 consecuti
758 3168 812 3238 (57)
841 3163 939 3220 omnia
949 3191 977 3266 C
989 3166 1106 3221 alienati
1120 3171 1196 3223 suut.
1210 3168 1269 3222 Tira
1282 3167 1357 3224 enirn
1378 3168 1439 3240 ipsa
1457 3172 1534 3224 terra
1553 3172 1606 3240 est,
1622 3175 1652 3226 et
1677 3174 1809 3227 extorum

117 3267 386 3337 instrumentaque
399 3265 598 3336 possederunt,
618 3263 754 3334 lychnum
768 3265 874 3332 septem
895 3259 939 3313 lu·
993 3262 1103 3316 laetum
1122 3265 1166 3318 est
1185 3278 1275 3332 genus
1299 3261 1422 3318 Domini.
1448 3264 1547 3320 Venite
1570 3281 1650 3336 orgo,
1666 3266 1770 3322 intrate
1784 3271 1813 3324 et

119 3363 240 3417 minum
254 3365 283 3417 et
298 3359 462 3415 machinam
474 3358 658 3424 testamenti,
674 3373 737 3412 vasa
749 3372 833 3418 arca,
847 3353 940 3420 tubas,
992 3363 1051 3412 osto
1071 3356 1155 3428 quasi
1174 3373 1232 3412 una
1257 3373 1327 3429 gens
1352 3359 1515 3414 :miserare
1538 3361 1697 3416 errantium
1719 3361 1775 3434 (dl)
1804 3377 1812 3417 ι

116 3463 144 3512 ot
165 3471 269 3528 pacem
282 3455 318 3510 de
332 3455 413 3522 coelo,
434 3455 719 3508 cttcrramsanetam
735 3447 940 3505 laetoetmollo
991 3468 1106 3523 reqrmm
1131 3455 1174 3507 est
1196 3451 1380 3508 honorificari
1408 3455 1579 3510 sententiam
1604 3455 1664 3524 Dei,
1688 3456 1812 3528 qualiter

116 3551 330 3623 profluentem
347 3549 401 3603 hac
416 3547 582 3604 haereditate
602 3545 730 3618 privatus
743 3548 786 3600 ost
800 3543 894 3612 lsrael,
912 3547 941 3597 et
992 3545 1138 3617 magnifici
1159 3547 1292 3618 prostrati
1307 3549 1373 3602 sunt
1385 3553 1414 3604 et
1428 3548 1553 3604 humiles
1574 3549 1700 3618 allevati,
1718 3551 1807 3607 tortos

114 3661 197 3701 nunc
216 3643 369 3700 derelictus
395 3643 424 3698 in
441 3643 518 3698 omni
534 3659 584 3696 sua
597 3645 673 3696 terra
700 3641 761 3694 sine
791 3640 938 3707 alimento,
991 3639 1140 3707 debilitati,
1174 3640 1280 3696 infirmi
1309 3643 1478 3712 confirmati,
1496 3643 1597 3700 divites
1620 3645 1656 3700 ad
1684 3661 1810 3718 pauper·

116 3741 181 3800 siue
196 3737 314 3795 luminis
333 3737 451 3793 auxilio.
465 3737 609 3792 Auxilium
635 3733 755 3791 enimet
773 3732 940 3806 praesidium
989 3733 1076 3790 latent
1092 3735 1209 3803 redacti,
1238 3752 1378 3808 pauperes
1405 3739 1456 3807 (62)
1481 3737 1658 3806 hereditati,
1684 3739 1810 3796 dominis

117 3833 304 3903 interemisti,
328 3832 473 3888 etlumen
491 3835 659 3904 persecutus
685 3846 725 3898 cs,
743 3831 772 3883 et
794 3831 939 3900 protecto·
990 3828 1065 3884 servi
1077 3829 1223 3898 dominati,
1243 3836 1400 3901 regnantes
1423 3831 1552 3903 subjecti,
1567 3833 1809 3903 ridentosorbati,

116 3945 181 3986 rem
197 3926 341 4000 repulisti,
357 3931 537 3999 etsponsum
553 3923 688 3995 alilirristi,
704 3929 732 3979 et
756 3939 856 3995 regem
879 3937 938 3977 sus·
990 3923 1084 3980 orbati
1106 3923 1259 3980 illuminati
1279 3941 1287 3995 ;
1310 3924 1465 3996 prudentes
1490 3925 1527 3982 ad
1549 3925 1709 3999 stultitiam,
1732 3928 1810 3984 stulti

116 4021 260 4096 pandisti3
278 4027 427 4096 propterea
448 4021 526 4076 exsul
546 4036 575 4076 es
595 4020 630 4075 do
654 4018 749 4092 patria
772 4022 829 4086 tna,
853 4016 938 4072 obor-
990 4017 1026 4074 ad
1040 4017 1226 4090 prudentiam
1246 4019 1385 4075 conversi.

115 4135 188 4174 rans
220 4117 294 4172 eirca
326 4115 456 4188 gantiam
498 4115 629 4184 ssumina,
666 4129 736 4170 roco
777 4111 939 4185 supplicum
1024 4113 1054 4168 X.
1072 4112 1195 4182 Etenim,
1213 4114 1263 4184 qui
1286 4113 1558 4186 quodamrceordes
1577 4115 1723 4174 etindoeti
1748 4117 1807 4190 spi·

115 4211 401 4285 proee(58ltlexisti,
430 4211 548 4267 diceus:
574 4209 739 4281 «Expulsus
764 4225 827 4263 sum
854 4206 940 4262 miser
988 4206 1146 4275 ritu,nuno
1170 4207 1333 4280 Scripturas
1352 4209 1466 4279 docent,
1488 4214 1518 4266 et
1536 4211 1629 4267 sciunt
1649 4217 1678 4268 ot
1702 4211 1809 4269 intolli-

116 4309 152 4362 de
168 4305 295 4380 propriis
310 4305 426 4361 sedibus
447 4305 528 4373 nieis,
553 4305 656 4376 hospes
675 4308 703 4358 et
727 4303 836 4358 advena
850 4302 939 4357 laetus
989 4305 1062 4373 gunt
1080 4317 1087 4356 ι
1102 4302 1151 4374 qui
1166 4307 1261 4359 autem
1287 4305 1322 4360 ab
1337 4303 1420 4361 initio
1439 4305 1515 4361 docti
1535 4309 1564 4361 ct
1589 4305 1673 4378 poriti
1700 4312 1728 4362 ct
1739 4306 1812 4380 legis

116 4418 182 4458 snm
207 4401 313 4456 alienae
332 4397 526 4471 possessionis,
555 4398 617 4454 sine
637 4397 735 4467 domo,
762 4397 825 4454 sino
845 4398 936 4464 tecto;
989 4395 1171 4468 disciplinam
1197 4398 1329 4468 scientes,
1344 4400 1477 4456 nesciunt
1494 4402 1599 4473 legem,
1626 4402 1811 4460 nesciuntle·

114 4495 259 4552 miserere
274 4495 377 4551 deserti
388 4497 417 4550 ot
428 4493 509 4566 impii
520 4495 549 4550 et
562 4491 680 4566 indigno
690 4493 766 4549 victi.
782 4514 796 4544 o
991 4507 1070 4562 gere,
1080 4507 1132 4546 nec
1146 4492 1314 4565 intelligunt
1333 4495 1472 4568 spiritalia
1488 4512 1494 4551 :
1510 4501 1537 4552 ct
1557 4495 1606 4568 qui
1628 4513 1661 4551 ex
1674 4497 1728 4552 illis
1742 4513 1811 4570 pra-

153 4589 227 4647 vttt.
243 4589 308 4645 lloec
325 4605 410 4662 poena
436 4588 465 4644 in
490 4588 577 4645 lsrael
602 4591 655 4657 ost,
678 4587 740 4645 hoec
765 4585 888 4643 conditio
910 4569 1128 4643 inDdeutibus
1143 4587 1262 4660 cupiens
1273 4586 1371 4661 926
1386 4589 1493 4658 videre,
1510 4589 1754 4664 venit,intalligit,
1765 4609 1809 4648 ro-

834 4752 1011 4818 llariorum
1032 4758 1129 4818 notae.

150 4893 201 4962 sistit
220 4893 388 4948 Dulcitioacs.
403 4893 449 4948 Sto
469 4893 558 4962 Calb,
571 4896 725 4950 marchionis
742 4896 806 4950 edit.
823 4898 936 4948 Danau.
990 4895 1037 4946 tia.
1051 4895 1163 4948 Pruna.

149 4969 259 5032 (hdldd
274 4971 462 5035 possessiouem
482 4969 611 5022 tonorum
633 4984 750 5023 saaraim.
766 4971 938 5034 Exconjeo·
1020 4968 1069 5028 (θῦ)
1097 4969 1134 5019 Dc
1162 4967 1227 5019 Sion
1256 4967 1332 5020 saciet.
1360 4968 1443 5019 Hunc
1472 4967 1567 5028 laetam
1598 4967 1810 5022 emendavimus

116 5045 183 5094 tnra
198 5042 241 5094 sio
255 5053 367 5106 quoquo
381 5039 457 5094 huno
469 5041 564 5094 locum
585 5043 692 5094 restitut
709 5058 758 5108 pro
780 5043 938 5108 passionem.
989 5040 1154 5091 auctoritato
1169 5039 1230 5090 cod.
1248 5039 1339 5102 Calb,
1357 5039 1405 5105 qni
1422 5044 1516 5090 tamen
1536 5038 1620 5090 hahet
1634 5041 1709 5090 exiit.
1722 5040 1814 5102 Altus,

117 5115 236 5166 Pauus.
996 5111 1027 5158 rte
1039 5111 1103 5160 Sion
1121 5111 1202 5162 exibit
1220 5111 1271 5174 ter,
1292 5117 1316 5162 et
1337 5110 1443 5162 uerbum
1461 5111 1567 5162 Domini
1580 5110 1614 5161 dr
1634 5111 1811 5175 Hierusalem,

150 5185 205 5248 (57)
234 5183 378 5236 Consecuti.
410 5185 531 5236 Mutatus
558 5185 605 5236 hio
629 5186 718 5250 locas,
750 5186 853 5238 lectore
883 5197 939 5234 uon
990 5186 1066 5238 Editi
1090 5198 1096 5233 :
1123 5185 1156 5234 ds
1185 5183 1250 5233 Sicu
1277 5185 1325 5234 Dei
1349 5183 1416 5234 caict
1442 5182 1551 5233 oerham
1580 5182 1612 5233 rte
1636 5183 1810 5235 Hierusalem.

115 5255 264 5307 admontis
277 5269 310 5306 ao
323 5257 384 5306 sine
401 5257 459 5308 nlla
478 5259 644 5309 auctoritate
665 5257 693 5309 in
708 5257 831 5309 editione
846 5255 936 5307 Oxou.
991 5259 1107 5311 Manna.

115 5327 168 5380 ubi
182 5327 225 5378 sio
239 5325 376 5376 hahotar:
393 5329 462 5380 Nam
474 5343 492 5379 a
507 5327 603 5380 eoetestr‘
621 5329 718 5392 abjecti
735 5332 807 5392 sant,
821 5327 941 5378 destituti
1023 5330 1071 5394 (ot)
1087 5329 1213 5382 ttiscrare
1228 5330 1386 5380 errantium.
1404 5327 1525 5380 Rursum
1540 5327 1651 5380 videtur
1666 5327 1715 5381 hic
1730 5329 1811 5384 locus

114 5398 196 5448 omar·
220 5397 394 5449 instrumento
421 5399 493 5462 qrrort
519 5401 701 5464 possederunt,
729 5399 821 5465 lycinio
846 5404 941 5463 septem
992 5397 1121 5453 mutilus.
1135 5401 1246 5452 Patren.

116 5468 264 5526 tammam,
277 5474 302 5518 at
316 5469 451 5532 machion,
467 5475 517 5522 eto.
533 5471 649 5524 blanau.
1025 5472 1074 5535 (or)
1094 5473 1233 5536 l’aaperss.
1252 5471 1332 5522 Hanc
1352 5483 1451 5524 rocem
1473 5485 1536 5536 quoa
1556 5470 1652 5523 deerat
1678 5471 1707 5522 ln
1730 5471 1812 5523 editis

151 5541 203 5604 (38)
234 5539 320 5591 Precc.
351 5541 398 5592 Sic
422 5541 479 5592 duo
500 5543 612 5595 codices
637 5557 722 5606 mss.;
744 5557 847 5610 precem
877 5541 942 5594 odit.
994 5543 1100 5596 restitui
1121 5556 1156 5594 ex
1181 5543 1269 5594 tribus
1295 5543 1441 5595 codicibus
1466 5557 1532 5595 mss.
1565 5545 1614 5610 qui
1640 5544 1704 5594 usui
1729 5543 1813 5594 etlam

116 5611 240 5664 blanau.
263 5637 294 5648 -
313 5613 377 5663 Voce
396 5613 545 5680 supplicum
563 5628 664 5678 precem
689 5615 792 5680 fleor'rti.
815 5617 883 5667 llirn
904 5618 946 5667 est
995 5617 1109 5666 fuerant
1122 5615 1155 5664 ad
1177 5618 1273 5666 coetera
1294 5614 1492 5666 emendanda:
1511 5616 1553 5667 sio
1575 5615 1649 5666 onim
1674 5613 1816 5665 habebant

118 5683 245 5750 phrasis,
259 5687 308 5733 eut
323 5687 396 5736 certe
410 5685 490 5737 locus
506 5688 631 5738 mutilus.
654 5687 702 5739 Sic
716 5691 744 5739 ct
760 5687 831 5738 illud
850 5688 946 5738 nescio
996 5687 1064 5741 editi
1080 5700 1086 5736 r
1100 5703 1114 5734 a
1127 5687 1235 5738 Diuites
1260 5685 1294 5736 ad
1316 5691 1507 5752 paupertatem
1531 5685 1645 5748 redacti,
1661 5682 1817 5736 hereditati

118 5752 192 5823 quid
206 5751 260 5806 sibl
274 5754 467 5809 velitzllrrres
482 5765 535 5810 reto
546 5773 605 5811 curt
616 5759 726 5826 viratas.
741 5760 853 5811 Pasini..
904 5781 906 5784 ·
998 5761 1175 5813 dominantes
1202 5759 1284 5822 servi,
1312 5757 1467 5811 dominatui
1497 5758 1617 5824 subjecti
1643 5755 1678 5808 ad
1699 5767 1815 5821 regnum

151 5825 205 5892 (59)
221 5827 286 5880 (tam
299 5841 395 5881 manas
408 5832 631 5884 tuaseatemterr't.
648 5833 688 5884 lta
703 5833 853 5899 legendum
868 5849 874 5884 ε
892 5833 949 5886 hoc
998 5838 1099 5892 vocati.
1116 5855 1131 5888 r>
1143 5837 1248 5891 Pamol.
1259 5835 1327 5904 legit
1343 5835 1501 5890 dominatui.
1520 5835 1635 5888 Menan.

136 5899 200 5954 nttn
211 5897 311 5968 legunt
321 5901 398 5956 txx
410 5903 490 5958 lenia
502 5917 521 5968 r,
533 5905 609 5960 ande
619 5907 730 5974 sumpta
742 5909 809 5960 sunt
822 5919 949 5976 sequan-
