4076 6190
223 290 272 348 aaa
524 255 527 266 ’
895 279 972 343 virs
991 289 1017 342 s.
1039 281 1206 344 ornarant.
1244 327 1248 336 .
1655 261 1663 270 “
1853 289 1902 349 ua
2012 301 2013 304 Ν

222 417 389 475 troversiam
418 415 453 472 de
484 413 629 488 baptismo
652 413 856 470 haereticorum
880 413 1032 480 exarsisse;
1046 413 1252 503 Ahaercticum
1273 411 1473 470 Noratianum.
1491 413 1536 470 th's
1560 416 1654 470 autam
1678 415 1772 471 verbis
1795 417 1905 473 indicat

222 511 298 584 quod
321 511 423 566 saeculo
445 511 529 565 tertio
552 509 665 581 proprie
687 507 831 580 congruit.
847 507 920 571 Quin
946 507 1033 562 etiam
1085 507 1247 578 episcopum
1264 523 1293 562 sc
1309 524 1380 576 esse,
1394 524 1427 562 ac
1441 509 1658 579 perhumaniter
1680 510 1764 580 lapsis
1782 509 1903 581 jamdu-

221 605 394 678 Cyprianum
416 604 521 675 ipsum,
535 603 619 658 tacito
635 603 759 667 nominc,
775 606 807 654 ut
828 601 920 655 adhuc
940 600 1034 654 viven-
1083 599 1151 656 dum
1170 602 1367 672 paenitentiam
1389 602 1537 673 agentibus
1561 604 1768 671 consulentem,
1785 605 1903 660 moleste

220 704 279 753 tom
313 701 342 754 et
367 697 492 753 diversas
516 700 608 768 parles
636 695 802 750 auctoritate
829 711 878 748 sua
905 699 1032 748 tuentem
1084 694 1322 766 ferrequodsuae
1342 695 1454 750 lenitati
1473 696 1664 751 adversarium
1682 696 1786 752 habeat
1805 697 1900 753 haere-

113 775 115 782 Α
141 832 143 838 .
219 797 376 864 oppugnat.
400 790 504 847 Statuit
526 790 601 844 enim
625 787 740 861 (quiid)
765 788 903 859 ejusmodi
925 793 1035 843 contro·
1083 787 1171 844 ticum
1201 789 1398 843 Novatianum.
1427 790 1496 844 llinc
1522 790 1607 844 etiam
1636 789 1719 860 intra,
1749 797 1901 862 postquam

218 885 321 940 versiae
346 886 456 942 nullum
484 883 573 938 alium
603 899 664 938 esse
684 883 808 936 fructum
831 880 885 935 arisi
908 884 940 935 ut
962 897 1034 935 uiuis
1084 881 1119 937 de
1135 882 1169 936 iis
1192 882 1304 938 locutus
1319 881 1452 954 estqui«
1472 883 1651 955 primaacie,
1668 883 1698 938 id
1717 890 1759 940 est
1778 885 1903 939 Deciana

219 979 320 1048 homo,
344 977 517 1050 quicumque
546 976 590 1031 ille
615 981 666 1041 est,
688 991 803 1046 magnae
822 973 982 1045 prudentias
1004 976 1032 1028 et
1083 974 1283 1047 persecutione
1296 975 1447 1043 vulnerati,
1463 983 1572 1048 postea,
1586 977 1614 1032 id
1629 981 1670 1032 est
1685 977 1812 1032 secundo
1825 995 1902 1049 prac-

219 1073 454 1128 constantiaeesse
464 1069 541 1142 apud
553 1069 690 1142 quosdam
706 1064 1031 1140 lereshomines173
1084 1069 1147 1124 lior
1161 1069 1298 1138 vicerant,
1311 1069 1392 1124 addit
1407 1085 1506 1125 earum
1522 1090 1536 1120 a
1550 1070 1901 1142 pares,hocestineodem

219 1165 296 1221 inani
321 1165 412 1238 gloria
431 1163 611 1236 praedicetur,
636 1168 664 1216 et
690 1162 893 1216 hereticorum
916 1167 1032 1232 stupore
1083 1162 1204 1217 crimine
1219 1163 1315 1234 lapsus
1327 1161 1371 1218 sui
1391 1162 1483 1217 adhuc
1499 1179 1589 1235 usque
1607 1165 1778 1219 constitutos
1796 1180 1851 1220 uec
1864 1164 1901 1219 ad

220 1258 366 1331 preditus,
390 1257 494 1330 quibus
517 1257 570 1312 hac
593 1271 680 1312 urium
704 1254 835 1310 solatiam
860 1259 913 1323 est,
928 1254 950 1308 si
975 1269 1031 1308 non
1082 1255 1278 1326 poenitentiam
1293 1254 1484 1311 admittendos
1507 1277 1521 1306 n
1545 1273 1561 1311 a
1583 1255 1745 1312 horatianis
1763 1257 1899 1328 judicari.

219 1353 271 1408 soll
294 1367 409 1424 peccare
435 1351 594 1412 rideantur,
615 1365 725 1404 errores
751 1353 780 1403 et
802 1349 870 1402 vitia
893 1347 1033 1402 universa·
1082 1345 1179 1420 174
1202 1348 1333 1404 Nondum
1357 1365 1425 1420 ergo
1447 1355 1546 1405 auctor
1570 1350 1656 1422 hujus
1681 1351 1775 1421 operis
1796 1367 1899 1422 pacem

218 1463 281 1502 rum
311 1444 493 1500 ecclesiarum
523 1443 679 1498 correxisse
706 1443 780 1514 apud
801 1441 962 1496 simillimos
988 1440 1031 1495 sui
1082 1447 1259 1498 concesserat
1281 1441 1325 1496 his
1352 1442 1400 1513 qui
1427 1441 1478 1497 sub
1500 1443 1583 1499 Decio
1604 1443 1677 1514 lapsi
1696 1443 1818 1499 luerent.
1836 1445 1897 1498 Non

220 1545 249 1595 et
262 1554 409 1610 compares
421 1537 588 1592 celebretur.
605 1537 672 1600 Quis
688 1535 827 1608 Cypriane
839 1541 895 1590 tam
905 1533 1031 1606 indignis
1081 1534 1160 1590 euim
1175 1537 1209 1591 de
1225 1535 1287 1592 aliis
1300 1536 1445 1608 loquitur;
1461 1552 1545 1608 pares
1560 1535 1621 1592 illos
1635 1542 1718 1593 vocat
1734 1553 1833 1594 eorum
1848 1538 1899 1608 qui

219 1633 310 1688 modis
331 1632 504 1688 conviciatus
525 1631 632 1698 luisset,
651 1633 801 1702 postquam
825 1629 965 1683 maculam
989 1644 1032 1683 er·
1080 1628 1176 1700 primo
1190 1629 1218 1684 in
1234 1629 1335 1700 praelio
1349 1629 1427 1696 victi,
1441 1629 1470 1684 in
1487 1630 1612 1686 secundo
1626 1630 1746 1686 victores
1764 1629 1898 1699 lucrant;

217 1728 299 1794 roris,
317 1743 403 1798 quem
424 1742 480 1780 noa
496 1725 557 1779 sine
579 1740 691 1779 summa
717 1723 808 1778 animi
830 1722 1030 1778 moderatione
1082 1722 1124 1778 ait
1138 1739 1186 1778 eos
1201 1729 1266 1794 post
1278 1723 1397 1794 longam
1412 1726 1573 1795 temporum
1587 1723 1691 1780 seriem
1705 1729 1822 1796 agentes
1834 1721 1897 1796 poe-

217 1821 286 1876 inre
303 1821 428 1875 nondum
445 1817 538 1874 decisa
553 1818 729 1886 defenderat,
741 1816 875 1888 irrartyrio
889 1816 1029 1884 abstersit,
1042 1818 1070 1891 Β
1084 1832 1133 1870 nas
1160 1815 1238 1884 dare,
1260 1821 1289 1872 et
1315 1816 1408 1872 adhuc
1432 1833 1520 1888 usque
1549 1817 1718 1874 constitutos
1740 1817 1768 1872 in
1795 1817 1899 1872 eodem

218 1916 336 1986 ejusque
364 1912 509 1980 nominis,
533 1911 701 1982 refrigerato
727 1909 915 1965 contentionis
942 1912 1030 1978 astar,
1081 1908 1203 1964 crimine
1218 1909 1323 1981 lapsus,
1338 1910 1413 1982 quod
1433 1910 1483 1965 alii
1495 1909 1633 1982 martyrio
1655 1911 1850 1983 expiaverunt.
1864 1911 1901 1964 nt

216 2024 330 2064 suntme
343 2006 450 2062 exstitit
461 2006 490 2061 in
506 2004 639 2061 omnibus
653 2003 779 2059 ecclesiis
790 2002 965 2058 celebritas?
1085 2001 1242 2075 Cyprianus
1263 2003 1384 2058 instante
1404 2004 1475 2059 Galli
1491 2010 1520 2060 et
1541 2005 1684 2060 Volusiani
1702 2005 1899 2076 persecutione

252 2101 431 2157 Existimavit
445 2099 583 2155 Pamelius
597 2099 704 2153 librum
725 2099 758 2154 de
779 2097 916 2170 Pudicitia
938 2113 955 2151 a
978 2097 1032 2168 Cy·
1081 2096 1182 2168 lapsos,
1193 2097 1242 2168 qui
1258 2113 1275 2150 a
1290 2097 1382 2168 primo
1393 2098 1486 2168 lapsus
1496 2097 1541 2153 die
1555 2097 1751 2170 paenitentiam
1767 2103 1897 2170 egerant,

215 2195 320 2268 priano
332 2193 361 2248 in
376 2209 483 2249 secessu
501 2192 637 2263 scriptum
651 2207 722 2258 esse,
737 2206 790 2245 nec
807 2207 875 2244 sane
895 2189 1031 2262 indignus
1081 2189 1111 2243 ia
1129 2190 1306 2246 Dominicum
1321 2206 1439 2263 gregem
1451 2191 1615 2262 collegerat,
1626 2208 1659 2247 ac
1672 2190 1711 2246 eis
1725 2191 1897 2264 sanguinem

215 2287 330 2344 videtur
352 2293 446 2342 sancto
471 2287 603 2357 Martyre,
619 2285 691 2340 adeo
712 2283 832 2356 insignis
856 2286 898 2338 est
919 2282 1031 2355 pictatis
1080 2283 1187 2338 Christi
1213 2283 1343 2354 dederat,
1358 2291 1390 2339 ut
1412 2285 1475 2340 illos
1488 2286 1522 2340 ad
1542 2301 1625 2340 suum
1649 2285 1821 2357 proChristo
1834 2285 1899 2340 luu-

216 2383 307 2452 nolis;
318 2387 347 2437 et
360 2381 394 2436 ab
417 2381 549 2452 episcopo
562 2379 680 2434 absente
693 2377 728 2432 ab
744 2378 863 2433 ecclesia
882 2393 932 2431 sua
946 2377 1030 2446 scrip·
1081 2377 1208 2432 dandum
1222 2380 1356 2432 armaret.

214 2483 276 2532 tum
303 2492 362 2531 esse
389 2479 508 2531 constat.
533 2473 585 2530 Sed
612 2473 647 2528 ad
674 2473 739 2544 styli
766 2471 1027 2526 dissimilitudinem
1116 2470 1289 2528 Novatianus
1312 2471 1367 2526 hoc
1390 2471 1419 2525 in
1443 2471 1516 2526 libro
1535 2472 1573 2544 (p.
1590 2472 1633 2543 lt)
1650 2472 1754 2528 dicitur
1776 2473 1898 2528 aliorum

186 2573 191 2578 '
216 2570 325 2626 accedit
337 2569 429 2625 Pontii
445 2568 601 2634 silentium,
616 2567 665 2638 qui
678 2584 712 2622 ca
721 2566 844 2621 maxime
858 2581 1029 2621 commemo·
1081 2565 1195 2633 delicta,
1214 2564 1283 2620 diam
1298 2565 1327 2620 in
1347 2565 1469 2620 Ecclesia
1491 2571 1574 2636 esset,
1588 2571 1621 2622 ut
1642 2566 1758 2638 propria
1778 2565 1899 2623 flevisse.

217 2681 281 2722 rere
297 2663 398 2720 debuit
412 2678 475 2734 quae
489 2660 519 2717 in
532 2677 642 2716 secessu
654 2661 760 2733 scripta
773 2659 896 2716 fueraut.
908 2659 1031 2714 Perenti·
1080 2658 1136 2714 Sed
1150 2661 1260 2714 mirum
1276 2667 1319 2716 est
1332 2658 1413 2714 uude
1427 2658 1499 2714 hanc
1520 2659 1574 2714 sibi
1591 2660 1777 2715 hamanitatis
1795 2665 1823 2716 et
1837 2660 1901 2715 dili-

214 2775 289 2832 quus
321 2762 364 2813 est
388 2758 496 2826 auctor,
522 2755 695 2828 quicumque
720 2753 836 2808 taudem
860 2752 908 2808 ille
931 2753 977 2821 sit,
1001 2755 1031 2806 et
1080 2753 1184 2824 gentiae
1214 2753 1244 2808 iu
1273 2753 1359 2824 lapsis
1381 2753 1515 2809 curandis
1540 2753 1655 2808 laudem
1679 2755 1900 2826 comparaverit.

109 2883 113 2892 ·
214 2850 461 2924 persecutionibus
485 2849 615 2904 nondum
637 2847 740 2904 sedatis
763 2845 914 2901 scribebat.
931 2866 944 2894 a
969 2845 1029 2900 Vir·
1080 2845 1200 2901 Videtur
1217 2862 1381 2918 repugnare
1393 2846 1515 2903 Cornelii
1528 2845 1736 2916 testimonium,
1752 2846 1901 2919 quiNove-

214 2945 335 3018 ginitas,
350 2944 442 3016 inquit
457 2943 535 3016 (pag.
551 2941 589 3014 l),
606 2941 834 3014 persecutionem
858 2957 915 2994 non
936 2943 1030 3012 potest
1079 2938 1190 2995 tianum
1208 2940 1237 2994 ia
1252 2940 1451 3012 persecutione
1464 2940 1543 2996 Ilecii
1554 2940 1690 2996 fratribus
1708 2940 1813 2996 auxilio
1826 2941 1902 2996 iudi-

213 3036 503 3105 timerr,d11millam
522 3036 556 3091 de
572 3035 723 3090 securitate
736 3035 830 3105 potest
839 3049 1001 3104 provocare.
1014 3054 1028 3083 »
1080 3033 1213 3104 gentibus
1228 3051 1393 3090 succurrere
1412 3034 1534 3090 uoluisse
1553 3036 1671 3090 testatur
1695 3033 1771 3106 apud
1793 3035 1897 3090 Euseb.

218 3131 340 3202 Conjicit
353 3135 450 3186 tamen
465 3129 662 3184 'tillemontius
682 3128 743 3183 hec
764 3128 799 3182 de
822 3126 1027 3198 persecutioni·
1081 3126 1138 3196 (lib.
1153 3143 1227 3195 v1,c.
1242 3129 1295 3199 43).
1311 3127 1365 3183 Sed
1380 3129 1452 3184 forte
1467 3128 1529 3183 hac
1543 3127 1729 3184 humanitatis
1747 3127 1898 3184 existima-

214 3225 268 3280 bus
280 3224 484 3280 Wandalorum
503 3223 623 3292 intelligi
644 3237 746 3293 posso3
760 3223 845 3291 atque
859 3231 891 3274 ex
909 3220 1026 3290 praecla-
1038 3205 1065 3278 C
1079 3221 1119 3276 tio
1132 3220 1167 3275 ad
1180 3221 1370 3276 Novatianum
1386 3221 1517 3292 pervenit
1535 3237 1568 3276 ex
1582 3221 1807 3293 praeclarissimis
1820 3221 1898 3278 Cleri

216 3318 255 3373 ris
277 3317 312 3372 de
336 3315 441 3372 Christi
466 3315 558 3387 gratia
580 3314 749 3369 testimoniis
773 3312 932 3384 suspicatur
953 3312 1029 3367 hunc
1081 3314 1199 3369 Romani
1216 3314 1325 3383 litteris,
1342 3315 1418 3370 inter
1436 3315 1618 3387 Cyprianicas
1635 3317 1678 3384 31,
1695 3331 1760 3386 quae
1773 3332 1789 3370 a
1803 3316 1897 3370 Nova-

215 3411 384 3483 scriptorem
399 3411 560 3481 Augustino
573 3407 764 3479 posteriorem
778 3423 846 3461 esse.
861 3407 915 3464 Sed
934 3405 1029 3460 minus
1079 3406 1158 3463 tiano
1174 3407 1286 3480 scriptos
1301 3409 1331 3464 in
1347 3415 1436 3465 tolum
1456 3409 1556 3465 orbem
1570 3407 1663 3464 missae
1683 3411 1809 3478 luerunt,
1826 3415 1898 3466 teste

212 3503 372 3577 probabilis
395 3502 456 3557 haec
476 3502 650 3572 conjectura,
665 3517 732 3556 cum
754 3499 830 3572 apud
852 3499 1027 3572 cyprianum
1080 3500 1232 3573 Cypriane,
1246 3502 1327 3574 epist.
1343 3505 1386 3558 52.

215 3600 312 3671 ipsum
327 3598 418 3654 multo
432 3596 526 3669 plura,
539 3603 626 3667 atque
640 3594 715 3650 haud
736 3594 794 3649 scio
806 3610 843 3648 an
855 3593 1030 3665 expressiora
1114 3595 1230 3650 Librum
1253 3596 1287 3650 de
1305 3595 1481 3652 aleatoribus
1499 3613 1557 3652 uon
1580 3613 1642 3653 esse
1665 3596 1800 3670 Cypriani
1820 3597 1899 3654 inter

215 3697 369 3750 occurrant
382 3689 522 3762 ejusmodi
537 3687 712 3744 testimonia.
1078 3705 1177 3744 onines
1190 3689 1331 3744 convenit.
1348 3689 1449 3762 Liquet
1467 3705 1502 3746 ex
1520 3690 1603 3747 initio
1617 3691 1718 3748 laetum
1736 3706 1796 3746 esse
1811 3691 1898 3748 alicu·

250 3787 370 3841 Constat
383 3789 529 3839 auctorem
545 3781 609 3837 libri
630 3782 669 3837 ad
686 3783 874 3839 Nouatianum
889 3780 1028 3852 aequalem
1075 3783 1123 3854 jhs
1141 3783 1277 3855 episcopi,
1290 3784 1334 3840 vel
1351 3785 1449 3852 etiam,
1469 3791 1500 3841 ut
1515 3784 1700 3840 bellarminus
1716 3784 1898 3856 existimavit,

213 3895 273 3936 esse
286 3878 434 3952 Cypriani,
450 3893 503 3932 nec
517 3876 637 3932 dubiam
651 3892 711 3931 esse
724 3879 819 3947 potest
830 3875 938 3947 quiuiu
955 3873 1029 3946 paci·
1078 3877 1202 3932 Romani
1226 3877 1378 3933 Pontificis.
1404 3879 1563 3950 Antiquam
1587 3895 1659 3951 opus
1682 3895 1744 3934 esse
1772 3879 1898 3934 demeu-

211 3973 273 4029 ticis
299 3977 328 4028 et
352 3971 484 4028 Ecclesiae
511 3969 671 4025 faventibus
696 3969 837 4025 Valeriani
864 3966 1028 4041 primordiis
1078 3973 1149 4026 strat
1168 3971 1318 4043 scripturae
1336 3972 1459 4028 aitandae
1480 3973 1562 4028 ratio.
1581 3972 1677 4029 Serius
1696 3976 1792 4029 hruen
1810 3974 1900 4046 serip-

210 4065 368 4138 ,scripserit
382 4066 473 4120 Unam
498 4065 576 4119 enim
595 4067 708 4119 tantum
727 4063 955 4135 persecutionem
977 4078 1028 4115 nu·
1077 4067 1139 4120 tum
1155 4081 1214 4121 nou
1234 4065 1382 4121 immerito
1400 4065 1556 4137 videretur,
1572 4066 1595 4122 si
1615 4066 1644 4122 in
1665 4066 1734 4139 ipsis
1752 4067 1899 4140 presbyte-

214 4163 307 4217 merat
318 4161 382 4231 post
394 4175 457 4214 earn
474 4157 699 4230 quaesubbecio
714 4157 855 4225 saeviit,et
869 4172 918 4211 eos
934 4153 1026 4226 quiin
1078 4158 1126 4228 ris,
1147 4162 1180 4214 ut
1201 4160 1332 4214 nonnulli
1356 4160 1466 4231 opinati
1488 4163 1564 4230 saint,
1586 4159 1717 4216 vitiosum
1739 4161 1808 4218 uleae
1829 4177 1901 4218 cou-

212 4254 307 4328 prima
322 4253 499 4320 ceciderunt,
515 4252 544 4305 in
565 4251 689 4306 secunda
712 4251 833 4305 victores
855 4250 941 4305 luisse
960 4249 1028 4304 dicit
1077 4252 1260 4308 suetudinem
1283 4253 1465 4324 vituperaret.
1489 4253 1545 4310 Sed
1567 4253 1640 4309 nihil
1662 4256 1738 4309 vetat
1759 4254 1794 4310 de
1818 4254 1899 4310 laicis

214 4349 290 4420 (pag.
311 4347 364 4418 ll).
382 4347 496 4401 Videtur
509 4345 597 4399 ctiam
610 4335 761 4406 ,Africanus
773 4345 870 4413 luisse,
887 4349 949 4399 tum
961 4343 1027 4414 quia
1077 4346 1197 4418 intelligi
1220 4347 1282 4402 haec
1303 4347 1389 4402 verba
1409 4364 1416 4402 :
1438 4368 1452 4397 «
1470 4347 1569 4404 Manus
1588 4365 1652 4420 quae
1673 4348 1708 4404 ad
1726 4347 1899 4404 sacrificium

211 4442 250 4497 sic
264 4441 336 4496 ladit
350 4440 379 4496 in
393 4438 559 4494 Felicissimi
578 4439 706 4506 nomine,
721 4438 770 4510 qui
784 4437 827 4492 via
842 4444 927 4493 notus
947 4441 1027 4492 extra
1077 4441 1256 4496 hominicum
1282 4440 1417 4510 admissa,
1442 4448 1471 4496 et
1496 4442 1579 4514 quod'
1599 4442 1635 4498 ad
1661 4443 1781 4498 aluum
1806 4442 1899 4498 totius

212 4535 336 4592 alricum
357 4535 431 4589 luit:
450 4553 462 4582 a
485 4531 557 4598 Quid
577 4533 612 4588 ad
625 4533 678 4588 ista
700 4531 894 4604 respondeant
914 4547 1027 4604 perver-
1076 4534 1200 4590 hominis
1221 4535 1356 4606 pertinet,
1380 4535 1547 4608 dignatione
1570 4535 1695 4608 suscipit,
1715 4553 1780 4608 que
1801 4535 1899 4593 diviua

210 4630 314 4685 sissimi
329 4627 374 4684 isti
389 4627 548 4695 Noratiani,
567 4627 611 4681 vel
634 4643 709 4681 nunc
730 4625 920 4680 infelicissimi
941 4625 1024 4698 pauci
1076 4634 1253 4684 sacramenta
1274 4636 1462 4686 consummat.
1485 4651 1499 4680 a
1515 4631 1610 4702 Neque
1628 4631 1899 4704 etiamcontrover-

212 4725 252 4797 (p.
269 4721 321 4796 llll
336 4744 349 4773 »
364 4726 424 4777 tum
440 4721 517 4794 quia,
529 4721 619 4776 solam
632 4719 782 4776 Ecclesiam
794 4719 901 4775 coelesti
915 4719 1026 4774 latione
1076 4722 1150 4778 siem
1168 4723 1253 4778 ullam
1273 4739 1389 4778 movere
1408 4723 1526 4795 possint,
1540 4723 1613 4780 liber
1630 4724 1663 4780 de
1677 4725 1814 4781 Montibus
1827 4726 1899 4782 Sina

210 4817 357 4890 baptizare
369 4816 571 4889 pronuntians,
589 4815 792 4870 hereticorum
812 4814 953 4886 baptisma
968 4830 1025 4868 non
1076 4823 1101 4873 et
1122 4817 1199 4880 Sion,
1222 4815 1286 4871 dura
1307 4817 1448 4874 Oreitioucs
1470 4818 1612 4890 Cypriano
1636 4817 1750 4888 ducta,
1771 4817 1844 4874 liber
1863 4819 1898 4874 de

213 4911 333 4968 obscure
352 4911 444 4981 rejicit
463 4909 541 4982 (pag.
558 4909 613 4979 lo).
640 4908 707 4965 Sola
731 4907 797 4980 styli
827 4907 1026 4963 dissimilitudo
1076 4911 1217 4966 duodecim
1241 4911 1430 4968 cardinalibus
1456 4910 1558 4968 Christi
1582 4913 1716 4984 operibus·
1741 4912 1899 4970 Celeberri-

210 5004 426 5061 'lillemontium
450 5002 588 5058 deterruit
611 5003 766 5075 quominus
790 5002 845 5058 hoc
873 5017 944 5074 opus
970 5005 1025 5074 Cy·
1076 5021 1156 5061 mum
1171 5011 1214 5060 est
1228 5006 1282 5061 hoc
1295 5009 1472 5077 postremum
1489 5023 1569 5078 opus,
1583 5006 1661 5078 quad
1676 5007 1827 5077 Pamelius,
1844 5014 1897 5064 aut

211 5099 313 5171 priano
335 5097 484 5153 tribueret.
512 5096 566 5152 Sed
587 5102 694 5166 tamen,
719 5101 823 5169 preter
843 5097 917 5152 hane
939 5097 1024 5152 ratio·
1077 5099 1220 5171 Cypriani,
1247 5105 1296 5155 ant
1327 5099 1444 5172 aequalis
1471 5099 1614 5171 scriptoris
1641 5117 1703 5157 esse
1735 5100 1896 5158 contendit.

212 5209 292 5261 uem,
308 5192 364 5247 alia
378 5190 496 5246 videtur
510 5189 607 5246 atlerri
622 5207 703 5262 posse
719 5205 726 5243 ε
743 5207 809 5246 nam
823 5191 945 5246 declarat
963 5209 1027 5248 auc·
1077 5192 1131 5249 Sed
1149 5192 1320 5264 jamdudum
1344 5209 1378 5248 ex
1401 5192 1543 5249 codicibus
1563 5209 1632 5249 mss.
1653 5193 1834 5266 adjudicatus
1854 5199 1901 5250 ast

212 5293 257 5342 tor
280 5286 364 5357 hujus
383 5285 446 5340 libri
470 5284 499 5339 in
525 5285 585 5356 ipso
606 5283 733 5352 exordio,
760 5305 774 5337 a
799 5285 936 5357 cogitanti
964 5285 1025 5358 (sibi
1076 5286 1200 5344 arnoldo
1224 5289 1388 5344 Borraevallis
1410 5287 1506 5344 abbati
1528 5288 1557 5342 in
1578 5287 1693 5344 diaecesi
1714 5289 1898 5346 carnutensi.

214 5383 252 5454 et]
268 5379 485 5436 intolerabiliter
507 5379 604 5434 animo
625 5379 758 5434 estuanti
780 5379 914 5452 quidnam
939 5395 1026 5452 agere
1076 5383 1241 5453 Sequuntur
1260 5383 1392 5454 quedam
1410 5382 1546 5452 carmina,
1562 5398 1626 5455 quae
1643 5382 1673 5436 iu
1689 5383 1806 5438 vetustis
1820 5383 1899 5439 cadi·

212 5475 349 5548 (deberet)
366 5473 402 5529 de
418 5473 587 5528 miserandis
601 5471 736 5528 tratribus
749 5475 957 5546 quivalnerati,
967 5493 1024 5530 non
1076 5475 1155 5531 cibus
1168 5492 1244 5530 nunc
1260 5477 1413 5548 Cypriano,
1428 5493 1504 5532 nuuc
1517 5477 1691 5532 Tertulliano
1705 5477 1811 5548 altlcta,
1827 5479 1900 5532 utri-

212 5569 330 5642 propria
344 5551 490 5624 voluntate
503 5567 558 5638 sed¹
567 5567 671 5622 diaboli
688 5567 830 5624 saevientis
855 5569 1024 5641 irruptione,
1076 5585 1132 5642 que
1147 5568 1183 5623 ab
1196 5571 1329 5626 omnihus
1342 5571 1445 5626 criticis
1457 5571 1670 5642 abiudioantur.

215 5663 306 5718 adhuc
317 5679 418 5735 usquc,
428 5661 484 5717 hoc
494 5668 546 5729 est,
558 5662 737 5735 perlongam
748 5663 1027 5735 temporumserlem
1076 5673 1184 5730 xxxvl,
1198 5705 1233 5715 -
1246 5677 1284 5730 De
1298 5677 1491 5744 singularitate
1509 5675 1676 5740 caereorum,
1691 5675 1806 5747 epistola
1825 5674 1900 5732 celsi

213 5759 334 5830 agentes
350 5773 448 5829 picenus
469 5754 580 5823 darent,
596 5773 630 5812 cx
646 5757 791 5812 adversos
813 5766 943 5816 exortum
966 5773 1026 5819 essa
1250 5757 1287 5812 ad
1303 5757 1443 5825 Vindium,
1458 5762 1483 5812 et
1496 5755 1634 5811 nonnullis
1647 5757 1719 5812 aliia.

210 5851 298 5909 aliurn
313 5851 423 5910 hostem
438 5849 1025 5925 etipsiuspaternepletatisudrersanum
1112 5853 1172 5912 Non
1189 5855 1291 5912 leviter
1311 5861 1443 5913 errarunt
1457 5855 1506 5928 qui
1525 5855 1628 5911 librum
1649 5853 1900 5928 desingularitate
