4090 6188
269 197 334 269 tou
608 155 620 284 ζ
712 207 755 262 on
774 190 883 296 olims
903 188 1173 264 inornarent.
1195 197 1237 262 er
1255 197 1300 262 oa
1318 192 1405 264 teon.
1426 203 1540 265 venir.
1842 209 1898 274 tora

262 341 373 393 trorum
398 331 529 402 oraculis,
553 330 604 403 qui
628 329 723 387 divino
748 331 855 403 Spiritu
880 331 980 400 afflati,
1008 330 1071 386 illas
1082 333 1209 417 Aantaa
1224 330 1383 404 divulgato,
1399 331 1750 404 demonstraveritiilqni
1769 335 1815 392 boe
1833 339 1904 410 pluri·

260 445 320 485 non
345 429 440 483 solnm
462 424 662 497 praedixerant,
682 425 732 480 sed
750 425 811 481 lore
834 425 921 481 etiam
943 427 976 479 ut
998 426 1072 481 [leus
1125 425 1176 493 mi,
1192 427 1223 480 ul
1235 425 1310 480 inira
1324 426 1462 495 dicemus,
1474 426 1502 482 in
1517 425 1590 482 libro
1602 427 1636 482 de
1647 427 1773 483 idolorum
1786 431 1904 500 venitote,

260 520 454 592 omnipotens,
473 520 502 574 et
525 518 704 591 aequissimus
731 519 871 575 scelerum
899 519 1011 587 vindex,
1039 518 1075 573 de
1126 518 1161 574 ab
1173 517 1236 590 ipso
1248 519 1353 575 lactum
1367 522 1481 591 putant.

261 613 401 685 improbis
424 619 452 670 et
456 619 463 684 ,¹
476 613 572 686 impiis
584 613 640 668 illis
654 611 935 669 hominibnsdebitas
948 611 1076 684 aliquan·
1160 611 1235 677 Quid
1253 611 1352 680 etism,
1367 612 1444 685 quod
1465 613 1513 668 ille
1536 611 1567 669 in
1591 613 1645 669 isto
1663 612 1699 668 ad
1722 615 1905 672 Demetrianum

259 707 296 763 do
309 723 410 779 peenas
423 711 561 763 sumeret.
1124 706 1196 762 libro
1217 707 1363 779 precipua
1380 706 1547 765 Christianae
1566 705 1715 778 religionis
1737 708 1769 764 de
1791 710 1862 765 unico
1884 716 1907 766 et

293 803 331 856 st
357 801 523 857 Lactantius
548 800 630 855 sicuti
655 815 706 856 sno
732 800 794 855 loco
820 797 1075 855 animadvertimus
1124 815 1192 856 vero
1215 800 1284 868 ileo,
1307 817 1338 856 no
1355 801 1465 856 Christo
1483 799 1604 856 Domino
1627 800 1788 856 documenta
1811 801 1905 874 quibos-

260 893 416 967 (Dissertet.
444 897 475 949 in
501 896 639 958 indunt„
663 909 725 965 cap.
752 895 779 961 3,
805 893 858 948 art.
881 895 918 962 25
947 892 1074 947 Laetant.
1125 892 1191 948 dam
1214 892 1318 966 probat
1330 893 1489 965 asseritque
1502 893 1750 964 petitisaratione
1769 895 1821 950 sola
1840 912 1907 968 argu·
1987 963 1988 966 Ἴ

257 986 308 1044 lib.
324 989 416 1044 vilio.
439 989 543 1058 Iastia,
558 1003 619 1058 cap.
637 989 661 1057 l,
674 1003 705 1058 p.
720 988 772 1041 tte
791 992 821 1041 et
840 1001 902 1057 cap.
917 989 943 1054 5,
957 1001 985 1057 p.
1000 983 1074 1054 471),
1124 986 1238 1056 mentis,
1252 986 1355 1058 quibus
1366 1003 1427 1043 non
1441 987 1556 1059 penitus
1567 986 1701 1042 obcaecati
1720 987 1828 1059 gentiles
1841 993 1905 1060 pote·

257 1097 317 1138 non
330 1082 418 1137 modo
432 1081 531 1150 libere,
547 1081 596 1135 sed
611 1079 677 1136 satis
692 1093 791 1150 aspere
802 1079 975 1151 Cypriorum
991 1095 1076 1151 prop·
1124 1083 1190 1135 rant
1218 1079 1352 1136 facillime
1383 1080 1536 1137 convinci?
1562 1081 1632 1136 Nam
1657 1083 1806 1152 utrumque
1835 1082 1902 1152 plane

257 1179 339 1232 terea
364 1175 525 1246 redarguit,
552 1173 627 1246 quod
648 1173 872 1240 Demetrianum,
892 1173 936 1227 his
962 1174 1074 1228 tantum
1124 1173 1249 1229 ostendit
1260 1173 1436 1230 confessione
1451 1174 1567 1246 publiea
1580 1173 1752 1243 daemonum,
1763 1175 1906 1246 quostris

258 1268 372 1324 refellat
387 1273 415 1324 et
436 1271 585 1340 oppugnet
608 1265 780 1321 testimoniis
797 1281 883 1322 sacrae
910 1265 1073 1337 Scriptnrae,
1124 1267 1192 1322 tiani
1212 1267 1272 1324 solo
1296 1267 1487 1340 magistriani
1506 1268 1611 1327 Christi
1634 1268 1750 1324 nomine
1776 1268 1905 1339 adjuratos,

257 1377 342 1434 quam
359 1361 472 1433 gentilis
487 1360 535 1415 ille
548 1359 638 1414 homo
654 1381 668 1410 «
682 1375 796 1427 vanarn,
815 1360 920 1428 flotam,
931 1373 1074 1414 commen·
1123 1375 1157 1416 ex
1177 1360 1298 1416 obsessis
1317 1361 1510 1432 ipsorummet
1535 1360 1689 1434 gentilium
1705 1361 1856 1434 corporibus
1870 1362 1907 1432 eji-

256 1452 407 1525 titiamque
421 1453 549 1525 putabat.
564 1451 788 1517 »Quamobrem
804 1451 883 1509 baud
904 1451 1075 1508 dubitanter
1123 1453 1239 1510 ciebant
1252 1455 1345 1524 (ibid,
1360 1471 1426 1527 pag.
1442 1453 1518 1527 192).
1536 1454 1612 1509 Nihil
1627 1458 1778 1524 autemut
1795 1454 1854 1510 alibi
1867 1471 1908 1510 nec

256 1546 358 1601 asserit
383 1545 465 1602 illum
494 1545 523 1601 in
547 1562 590 1609 oo,
615 1545 688 1602 sicut
711 1545 848 1619 loquitur,
875 1547 997 1602 modone
1021 1561 1074 1602 neo
1124 1547 1214 1603 semel
1236 1547 1368 1616 vidimus,
1382 1548 1476 1621 potuit
1490 1547 1544 1604 bac
1567 1547 1735 1619 probatione
1748 1546 1852 1616 cordus,
1862 1547 1905 1602 cla·

255 1639 349 1710 plane,
377 1655 429 1697 neo
460 1639 514 1695 rite
539 1641 704 1711 susceptum
732 1639 886 1711 explevisse
911 1637 1073 1694 defensoris
1123 1641 1239 1713 eiusque
1252 1641 1376 1714 proferri
1390 1641 1513 1714 (Dicam.
1526 1643 1557 1696 iu
1570 1643 1687 1709 iliani„
1703 1655 1765 1712 esp.
1777 1643 1803 1709 i,
1816 1643 1862 1695 art.
1880 1642 1907 1708 ³5

257 1731 424 1787 Christianae
457 1732 608 1804 religionis
648 1748 763 1794 munus,
792 1733 852 1788 Non
878 1731 961 1788 aliter
984 1731 1151 1830 igiturBet
1163 1737 1193 1790 in
1207 1736 1344 1799 bucinat,
1355 1751 1416 1806 cap.
1432 1737 1459 1805 9,
1478 1733 1799 1804 art.2;ets'ni'ertull.,
1812 1737 1908 1805 eapltl,

252 1825 336 1880 illum
349 1825 477 1880 excusari
496 1841 578 1898 posse
599 1825 743 1898 opinatur,
763 1825 818 1881 nisi
843 1827 912 1898 qnia
933 1846 947 1876 a
972 1830 1072 1898 raptus
1123 1833 1176 1884 art.
1194 1829 1231 1898 7).

255 1917 358 1974 eximia
371 1918 530 1974 eruditione
542 1919 704 1974 divinarum
718 1919 901 1988 Litterarum,
911 1920 944 1974 ut
957 1917 990 1974 iis
1000 1919 1066 1974 solis
1156 1921 1283 1994 lienique
1298 1921 1527 1992 Demetrianum,
1542 1921 1592 1992 qui
1603 1921 1782 1990 :christianos
1803 1919 1909 1992 publiea-

255 2014 404 2068 oonleutus
420 2016 503 2083 esset,
518 2013 621 2085 quibus
636 2013 707 2068 tides
720 2017 840 2068 constat.
1120 2031 1186 2071 rum
1199 2015 1392 2072 calamitatum
1405 2030 1518 2070 oaumm
1530 2030 1592 2070 esse
1607 2015 1761 2086 garriebat,
1770 2013 1831 2068 hine
1840 2013 1909 2068 etiam

290 2107 396 2161 Verum
417 2106 528 2161 tametsi
551 2107 749 2162 ltcmetrianus
767 2104 897 2161 nefandis
919 2103 1070 2176 gentilium
1120 2108 1240 2176 refellit;
1256 2109 1322 2181 quia
1334 2109 1380 2164 bae
1393 2107 1423 2163 in
1438 2107 1641 2164 sceleratorum
1654 2107 1804 2163 hominum
1816 2121 1908 2178 penam
1987 2105 1988 2132 ¹

252 2200 502 2272 superstitionibus
535 2199 749 2256 addictissimus
784 2198 891 2268 inerit,
927 2215 1071 2270 sacraeque
1120 2201 1301 2274 infliguntur.
1327 2201 1411 2275 Atqui
1434 2202 1488 2257 hoo
1514 2201 1562 2256 ille
1586 2201 1616 2256 in
1638 2201 1712 2258 libro
1735 2199 1910 2257 manifestissi-

254 2293 409 2365 Scripturae
448 2299 553 2348 nostrae
590 2293 722 2364 rejecerit
762 2291 979 2361 anctoritatem,
1011 2307 1070 2347 uon
1120 2311 1199 2351 mum
1215 2296 1332 2351 cuilibet
1342 2295 1409 2352 iecit
1423 2299 1483 2350 tam
1497 2297 1644 2367 corruptos
1659 2295 1746 2350 inisse
1769 2293 1909 2366 gentilium,

252 2391 475 2442 temeratameu
496 2385 653 2458 Cyprianus
675 2385 1069 2456 nosterveraejustestimo-
1120 2404 1208 2462 quarn
1242 2395 1344 2459 castos,
1370 2393 1538 2461 sanctosque
1571 2389 1795 2445 Christianorum
1824 2402 1909 2442 mores.

252 2480 302 2535 nia
323 2479 359 2534 ad
388 2479 595 2552 propulsandas
620 2479 731 2550 iniquos
758 2477 834 2533 illins
859 2478 1070 2534 criminationes
1119 2483 1206 2539 Recte
1232 2483 1320 2555 igitur
1341 2481 1409 2538 inde
1439 2482 1583 2539 concludit
1610 2499 1668 2538 non
1689 2482 1724 2538 ab
1749 2483 1792 2538 his
1815 2479 1910 2554 quiden

253 2571 378 2628 adhibet·
395 2573 532 2638 Quaedam
553 2572 631 2628 essim
650 2571 736 2643 huius
758 2571 822 2628 libri
844 2571 938 2639 ἱῦὶὶἱθ,
954 2587 987 2626 ex
1006 2572 1071 2625 Pro·
1118 2577 1294 2646 Christianis,
1309 2578 1358 2633 sed
1371 2577 1406 2631 ab
1420 2576 1550 2648 ipsismet
1561 2575 1718 2648 gentilibus
1733 2576 1782 2631 bas
1796 2575 1823 2630 in
1837 2589 1908 2628 mrrn·

251 2663 417 2720 verbiorum
436 2670 464 2721 et
487 2665 617 2721 Matthaei
645 2665 727 2720 libris
747 2665 816 2720 citat
836 2669 989 2737 praecepta,
1004 2665 1068 2736 qui·
1120 2668 1188 2724 dum
1204 2669 1341 2726 concitari
1361 2669 1548 2737 calamitates,
1564 2669 1668 2742 quibus
1692 2671 1766 2724 Deus
1784 2665 1910 2738 improbos

252 2758 306 2813 bus
328 2759 430 2814 insano
453 2757 564 2814 bomini
587 2763 615 2814 et
637 2759 742 2814 insulse
764 2758 878 2814 latranti
898 2756 1069 2829 responderi
1118 2761 1250 2818 homines
1265 2779 1315 2835 pro
1331 2763 1434 2818 merito
1449 2763 1578 2835 castigat,
1590 2762 1735 2818 bonorum
1749 2777 1812 2817 vero
1824 2759 1912 2832 probat

251 2852 476 2923 prohibetur.At
488 2851 683 2924 quid,quoeso,
693 2851 813 2924 impedit
825 2851 979 2923 quominus
992 2851 1065 2918 hec,
1117 2857 1263 2913 virtutem.
1287 2860 1322 2913 rit
1342 2857 1399 2912 tria
1423 2856 1485 2913 haec
1512 2856 1605 2929 capita
1630 2872 1686 2912 nec
1713 2857 1795 2928 plura
1819 2855 1846 2909 in
1869 2853 1911 2906 hoc

251 2962 316 3020 quae
339 2955 424 3004 reete
443 2949 549 3005 rationi
569 2950 654 3020 plane
678 2952 869 3004 consentanea
889 2952 965 3016 sunt,
982 2951 1013 3003 et
1031 2948 1067 3004 ab
1117 2949 1190 3006 libro
1221 2951 1333 3022 agenda
1365 2950 1418 3005 sibi
1447 2955 1646 3023 proposuerat.
1673 2952 1807 3021 Suscepto
1838 2947 1911 3018 igitur

252 3042 384 3098 omnibns
398 3059 474 3098 sanae
494 3043 600 3098 mentis
617 3042 783 3098 bominibus
798 3042 955 3114 observata,
969 3047 1068 3098 contra
1117 3043 1287 3100 Christianae
1299 3043 1445 3116 religionis
1468 3044 1503 3100 ab
1527 3041 1646 3115 objectis
1670 3060 1689 3098 a
1708 3041 1878 3098 Demetriaco
1890 3041 1911 3092 et

251 3136 504 3209 quemlibetetiam
518 3135 779 3209 pertinacissimum
793 3137 930 3208 gentilem
944 3135 1065 3208 proferri
1077 3119 1104 3194 C
1116 3137 1177 3192 aliis
1196 3137 1351 3208 gentilibus
1373 3137 1524 3192 calumniis
1540 3136 1722 3192 vindicandae
1741 3133 1832 3192 oliloio
1849 3135 1910 3187 recle

250 3228 384 3302 possinl‘l
398 3229 460 3284 Alia
472 3229 556 3285 etiam
571 3230 656 3301 longe
677 3230 761 3301 plura
775 3229 874 3284 rotulit
888 3229 1064 3299 testimonia,
1115 3230 1229 3286 functus
1243 3232 1294 3286 est.
1309 3232 1348 3286 tle
1363 3230 1416 3285 hac
1429 3247 1514 3302 porro
1531 3230 1683 3300 Laclantii,
1702 3247 1759 3302 qna
1775 3245 1830 3284 nou
1842 3224 1910 3282 modo

250 3323 355 3395 quibus
373 3321 493 3394 publicae
514 3323 583 3392 illae,
597 3323 632 3378 de
654 3322 760 3395 quibus
781 3323 887 3378 ethnici
909 3339 1065 3396 conquere-
1114 3324 1297 3396 cyprianum,
1319 3340 1419 3378 verum
1442 3324 1530 3379 etiam
1552 3323 1772 3388 Tertullianum,
1794 3327 1821 3378 el
1836 3321 1909 3376 itinn·

249 3417 366 3486 bantur,
388 3415 525 3483 clades,a
550 3417 634 3472 sacris
657 3415 763 3471 uostris
785 3415 909 3485 Vatibus,
923 3417 1063 3488 quemad·
1114 3418 1187 3472 tium
1211 3417 1333 3473 Felicem
1347 3417 1459 3473 vexavit
1474 3433 1605 3486 censura,
1624 3416 1738 3489 plenius
1746 3417 1782 3490 ¹iu
1794 3412 1908 3488 superio·

249 3508 369 3566 modum
396 3508 531 3580 diximus,
552 3509 750 3581 praenuntiatae
770 3509 895 3578 luerent.
920 3512 975 3567 Sed
999 3525 1064 3566 cum
1114 3510 1193 3566 ribus
1216 3510 1466 3566 dissertationibus
1494 3511 1597 3567 nostris
1621 3510 1829 3584 disputavimus
1852 3507 1910 3578 (ilis-

249 3601 399 3676 perspicne
427 3602 607 3659 demonstret
634 3604 718 3659 hasce
749 3603 949 3676 praedictiones
979 3621 1064 3659 sirum
1114 3609 1209 3661 sertui.
1224 3607 1253 3660 in
1267 3605 1395 3676 lestolt,
1412 3621 1476 3677 cap.
1490 3607 1518 3675 2,
1536 3601 1641 3674 art.'4;
1660 3607 1692 3660 et
1702 3607 1734 3660 in
1747 3605 1852 3667 bliaut,
1861 3614 1909 3670 rap.

249 3697 362 3753 sortitas
378 3713 441 3752 esse
464 3696 606 3764 eileotum,
623 3714 720 3755 uonna
741 3713 774 3753 er
790 3698 824 3753 iis
842 3715 900 3754 non
912 3697 1063 3754 inllrrnum
1114 3701 1141 3767 2,
1157 3701 1265 3768 arti).

250 3793 377 3864 proiecto
391 3791 473 3849 duxit
485 3794 584 3848 eontra
599 3792 727 3850 ethnicos
738 3792 966 3866 argumentum?
1150 3793 1294 3848 Caeterum
1314 3791 1477 3848 Lactantius
1492 3791 1604 3848 meritis
1623 3791 1760 3848 laudibus
1775 3807 1830 3847 nou
1849 3787 1911 3844 inn-

285 3886 328 3943 Ad
352 3887 414 3942 baec
432 3903 509 3957 vero,
533 3887 733 3943 Demetrianns
749 3887 852 3959 saepius
874 3886 1062 3960 cyprianum,
1115 3885 1192 3941 davit
1214 3885 1401 3958 Cypriorum,
1414 3886 1496 3958 qu'us
1515 3885 1666 3958 ingenium
1685 3891 1715 3942 et
1741 3881 1909 3958 eloquentiam

250 3980 334 4037 sicuti
346 3981 407 4052 ipse
421 3980 537 4049 latetur,
552 3981 657 4053 etjam
670 3981 1062 4050 annotavimus,eonvenerat,
1113 3978 1192 4035 bisce
1205 3979 1298 4036 verbis
1312 3979 1448 4050 predicat
1463 3997 1470 4035 ε
1490 4001 1504 4030 «
1520 3980 1598 4036 Unus
1613 3981 1777 4053 praecipuos
1792 3984 1820 4034 et
1834 3977 1911 4032 clarus

251 4081 397 4132 utcumeo
408 4075 503 4130 desua
512 4073 565 4130 bae
576 4075 736 4132 Christiana
745 4074 885 4147 religione
894 4075 1062 4146 disputaret.
1113 4073 1223 4130 exstitit
1242 4074 1412 4146 Cyprianus,
1428 4072 1568 4146 quoniam
1584 4076 1613 4129 el
1633 4089 1774 4148 magnam
1796 4069 1845 4128 sibi
1862 4068 1910 4141 glo

251 4169 387 4235 Quamvis
410 4171 506 4224 autem
524 4169 604 4224 illum
620 4171 718 4240 utpote
739 4169 949 4242 ineptissimum
970 4185 1063 4241 nuga·
1113 4168 1185 4222 riam
1213 4183 1247 4222 ex
1270 4168 1339 4222 artis
1361 4167 1494 4223 oratorias
1517 4167 1695 4240 professione
1716 4167 1869 4241 quesierat,
1888 4163 1911 4217 et

248 4269 351 4336 torem,
367 4261 586 4320 acChristianos
602 4263 730 4318 omnium
748 4262 926 4334 publicarum
948 4261 1063 4320 calami·
1112 4259 1267 4318 admodum
1293 4262 1384 4317 mulla
1409 4259 1574 4334 conseripsit
1596 4261 1626 4316 in
1650 4279 1702 4318 sno
1727 4277 1842 4334 genere;
1864 4259 1911 4312 erat

249 4365 342 4416 tatum
363 4361 492 4415 auctores
515 4373 575 4413 esse
589 4359 650 4413 tam
672 4357 865 4429 pertinaciter,
880 4373 966 4429 quam
991 4357 1063 4412 falso
1114 4356 1191 4411 enim
1204 4355 1322 4427 ingenio
1337 4355 1425 4426 facili,
1446 4355 1571 4428 copioso,
1586 4355 1676 4427 suavi,
1694 4362 1724 4413 et
1737 4372 1801 4429 que
1820 4367 1910 4410 sermo·

249 4452 443 4510 clamitantem
458 4451 591 4525 prudenti
609 4451 723 4506 silentio
736 4451 885 4522 spreverit,
900 4467 958 4506 non
975 4449 1064 4506 tacuit
1113 4449 1157 4505 nis
1171 4449 1299 4505 maxima
1317 4454 1360 4506 est
1378 4447 1477 4518 virtus,
1500 4454 1614 4522 aperto;
1636 4455 1669 4505 nt
1695 4447 1853 4506 discernere
1869 4459 1909 4499 ne·

250 4545 345 4621 985
360 4551 457 4603 tamen
472 4563 594 4620 semper.
611 4546 683 4601 Nam
698 4566 712 4596 ι(
726 4545 797 4614 haec,
813 4545 919 4617 inquit,
932 4544 1062 4600 couside-
1112 4558 1201 4615 queas
1222 4549 1357 4600 utrumne
1373 4541 1501 4599 ornatior
1521 4543 1551 4598 iu
1566 4543 1739 4616 eloquendo,
1758 4560 1793 4600 an
1820 4538 1911 4597 facilior

249 4659 318 4698 rans
331 4657 406 4713 saepe
417 4641 540 4696 conticui
556 4639 699 4713 (Cyprian.
713 4640 751 4695 od
774 4643 888 4695 Demetr.
905 4655 934 4710 p.
949 4637 1023 4710 485).
1046 4658 1060 4689 a
1112 4635 1141 4692 in
1155 4635 1335 4709 explicando,
1347 4653 1383 4693 an
1397 4637 1540 4710 potentior
1561 4631 1657 4711 986
1675 4637 1709 4693 in
1731 4630 1909 4710 persuadendo

249 4735 338 4792 Audis
352 4735 469 4808 quidem
485 4751 552 4790 enm
572 4733 717 4789 dicentem
739 4748 819 4804 saepe,
836 4731 884 4788 sed
906 4748 964 4788 non
984 4747 1061 4788 sem·
1111 4729 1199 4786 inerit
1213 4731 1362 4803 (bactani,
1375 4730 1426 4788 tib.
1440 4747 1458 4786 v
1470 4733 1551 4787 inst..
1568 4745 1632 4804 cap.
1647 4733 1675 4800 1,
1691 4747 1759 4804 pag.
1773 4729 1867 4802 bill.»

249 4847 301 4905 per
314 4831 441 4887 conticui.
456 4829 483 4885 Si
496 4844 565 4902 ergo
578 4828 620 4884 illi
634 4827 786 4900 aliquando
799 4824 1063 4898 respondit,nonne
1148 4825 1273 4880 Plurima
1294 4825 1349 4880 alia
1373 4824 1437 4897 ejus
1458 4824 1614 4896 preconia,
1629 4841 1695 4897 quae
1708 4823 1803 4881 omnis
1826 4818 1908 4880 antu,

248 4932 312 4982 tum
328 4925 524 4981 demonstrare
547 4923 641 4996 potuit
660 4924 766 4996 quanta
787 4922 823 4977 sit
842 4920 950 4976 Veteris
971 4919 1064 4975 nostri
1112 4934 1166 4974 neo
1190 4917 1286 4974 dubiae
1311 4917 1388 4986 tidei,
1415 4919 1568 4991 scriptores
1591 4919 1783 4975 sacratissimo
1808 4909 1909 4986 maruli

249 5019 423 5076 Testamenti
448 5019 612 5088 auctoritas,
628 5016 705 5090 quod
726 5015 870 5085 alndaeis,
883 5014 1000 5070 tametsi
1022 5013 1063 5070 in-
1112 5012 1284 5080 tribuerunt,
1307 5012 1354 5069 bic
1377 5013 1557 5070 accumulare
1576 5013 1746 5070 facillimum
1769 5014 1849 5070 esset
1867 5003 1910 5064 Sed

249 5113 417 5170 tensissimis
435 5111 538 5169 nostris
561 5111 699 5180 hostibus,
715 5108 927 5168 accuratissime
947 5125 1063 5180 semper
1113 5106 1180 5178 quia
1194 5106 1340 5179 plerisque
1359 5107 1492 5162 omuibus
1512 5124 1632 5180 operum
1655 5107 1734 5163 itlius
1755 5101 1910 5165 editionibus

251 5209 422 5266 custoditum
436 5203 621 5280 accepimus?
1112 5198 1259 5274 premissa
1283 5203 1361 5274 sunl,
1386 5204 1482 5258 actum
1504 5202 1649 5274 agendum
1672 5218 1735 5259 esse
1759 5217 1817 5258 non
1839 5193 1908 5252 duxi·

287 5301 342 5358 Sed
360 5317 420 5368 eur,
444 5299 568 5372 inquies,
581 5297 653 5354 illud
674 5299 702 5353 iu
717 5297 831 5369 publico
851 5313 907 5354 non
932 5295 1063 5369 probavit
1113 5311 1187 5351 mus.

252 5397 368 5472 scripto,
385 5394 463 5468 qnod
478 5411 538 5450 non
555 5393 649 5450 solum
674 5391 904 5461 Demetrianum,
921 5391 973 5447 sed
991 5391 1063 5447 alios
1419 5381 1565 5428 *ΜΨ
1585 5384 1616 5425 ¹¹·

253 5493 340 5550 etiam
357 5489 478 5563 gentiles
491 5509 505 5539 a
515 5487 552 5544 ad
564 5487 712 5556 bonum,r
729 5489 763 5542 ut
774 5485 834 5558 ipse
849 5485 899 5554 ait,
914 5486 1063 5543 «veritate
1362 5475 1401 5532 De
1415 5475 1481 5531 libri
1493 5475 1574 5548 injus
1584 5480 1673 5534 alate·

250 5589 385 5662 cogente,
398 5606 412 5638 »
439 5583 580 5640 adducere
600 5579 734 5638 volebat?
757 5581 860 5637 Verum
880 5579 960 5652 quid,
981 5585 1061 5650 tuno,
1147 5587 1299 5644 Neminem
1317 5588 1446 5660 prolecto
1469 5605 1530 5645 esse
1554 5591 1697 5661 putamus,
1711 5587 1760 5660 qui
1781 5585 1834 5656 bis,
1851 5593 1907 5655 qne

250 5683 366 5742 obsecro
379 5687 418 5746 te,
433 5680 488 5735 hac
501 5675 673 5751 probatione
695 5691 767 5749 opus
789 5679 860 5746 erat,
876 5673 900 5730 si
917 5673 945 5730 id
959 5674 989 5730 in
1003 5674 1062 5747 pri·
1112 5683 1197 5754 paulo
1212 5685 1297 5739 antea
1310 5681 1346 5738 de
1360 5681 1505 5739 horrenda
1516 5683 1605 5757 pestis
1622 5683 1651 5740 in
1665 5681 1760 5738 Africa
1771 5677 1906 5738 vexatione

251 5780 326 5842 lutis
349 5791 414 5834 clim
435 5772 620 5832 Demetriallo
637 5769 794 5850 colloquiis,
810 5769 905 5827 elblio
924 5768 956 5825 in
977 5767 1061 5840 libro,
1111 5775 1271 5862 retulimus,
1286 5775 1401 5850 audilis,
1415 5777 1490 5835 ultro
1508 5793 1568 5836 non
1587 5777 1708 5836 fgtggtur
1719 5777 1795 5834 hune
1813 5773 1904 5832 librum
