4012 6192
251 323 302 386 ers
446 405 448 410 Α
704 317 731 380 s.
751 315 909 381 creantu
928 319 1066 380 oannuu
1084 311 1218 380 aaasn.
1234 351 1268 362 -
1285 311 1469 380 caumont.
1846 327 1888 383 ue

241 453 382 521 sordidos,
396 451 472 522 ipsos
487 465 601 521 quoque
613 447 832 520 patresfamilias
845 451 957 520 togatos
969 447 1056 504 modo
1067 453 1248 540 ¹gpraterea
1271 448 1324 504 iste
1349 445 1522 514 luctamina,
1547 446 1590 502 vir
1611 444 1683 500 iufra
1708 445 1789 504 airum
1807 449 1887 520 jaceas

236 546 374 618 stupidos,
397 543 486 600 modo
508 544 654 609 obscenos,
672 541 701 596 in
725 542 859 597 omnibns
879 541 1006 607 stolidos,
1024 542 1054 596 in
1105 541 1281 612 amplexibus
1292 541 1446 598 inhonestis
1458 545 1487 596 et
1499 539 1618 596 nexibus
1630 539 1799 611 implicatur!
1813 545 1839 598 ln
1850 549 1886 602 tali

235 639 366 694 omnihus
378 626 596 692 inverecundos.
611 637 645 690 Et
664 652 728 690 cum
744 635 814 690 nulli
837 635 985 690 hominum
1005 637 1054 690 aut
1103 634 1260 690 certamine
1279 634 1382 690 viderit
1401 635 1443 689 rel
1469 633 1573 701 vincat,
1599 633 1694 705 pudor
1712 637 1797 689 tamen
1816 637 1888 694 victus

237 732 336 804 generi
348 737 397 786 aut
407 729 577 802 professioni
595 729 629 784 ab
645 729 839 799 improborum
855 729 977 784 istorum
993 745 1051 784 ser·
1103 729 1154 782 est.
1171 729 1240 783 Ecce
1255 727 1306 783 tihi
1321 727 1394 783 alter
1406 727 1499 783 nudus
1516 727 1589 794 salit,
1606 725 1680 781 alter
1698 726 1786 783 orhcm
1802 745 1888 786 arcun

235 839 319 880 mone
337 830 477 896 parcetur,
492 823 526 878 ab
543 821 677 878 omnibus
696 825 791 876 umen
808 822 843 876 ad
859 822 1052 894 spectaculum
1102 821 1242 876 contentis
1254 819 1285 875 in
1302 835 1399 876 aerem
1419 821 1525 875 viribus
1545 819 1644 891 jactat.
1660 820 1722 874 llaec
1743 820 1821 892 gloria
1840 839 1885 880 nen

236 918 412 974 convenitur.
426 919 586 974 Commune
602 914 728 970 dedecus
750 913 878 982 delectat,
893 915 987 969 ridere
1009 911 1053 968 rel
1102 919 1154 980 est,
1178 913 1228 968 scd
1255 913 1411 971 dementia.
1434 913 1561 985 lienique
1582 928 1699 968 mmove
1719 917 1885 986 spectatorem,

236 1011 437 1083 recognoscere
460 1009 516 1064 otia
539 1008 581 1063 rel
601 1007 720 1062 discere.
738 1007 922 1063 concurritur
941 1005 996 1062 illic
1015 1006 1052 1061 ad
1101 1005 1259 1062 reddideris
1275 1006 1441 1062 reatuum.
1458 1005 1605 1078 fugiende
1628 1011 1695 1062 sunt
1713 1005 1791 1062 istaa
1809 1009 1887 1065 Chris-

235 1103 375 1176 pudorem
396 1101 541 1174 publicum
562 1100 717 1172 lupanaris,
739 1100 774 1154 ad
795 1098 976 1156 obscenitatis
995 1115 1053 1156 mx·
1103 1097 1184 1154 lienis
1209 1099 1348 1169 fidelibus,
1372 1101 1404 1154 ut
1429 1100 1490 1172 jam
1517 1099 1684 1171 frequenter
1706 1099 1825 1171 diximus,
1840 1108 1887 1158 tam

236 1196 400 1268 guterium,
423 1211 460 1250 ne
484 1193 554 1265 quid
578 1195 688 1250 secreto
715 1192 810 1247 minus
839 1197 942 1264 agatur
964 1208 1051 1264 quam
1101 1207 1186 1260 rana,
1208 1194 1269 1247 tam
1295 1192 1461 1263 perniciosa,
1486 1196 1543 1248 mm
1559 1192 1698 1264 sacrilega
1718 1195 1889 1265 spectacular

237 1289 313 1361 quod
326 1289 355 1344 in
369 1287 480 1359 publico
494 1286 625 1354 discitum
640 1291 669 1340 et
689 1285 765 1341 iuter
785 1285 859 1357 ipsas
876 1286 954 1358 leges
973 1285 1053 1342 doce-
1101 1286 1203 1357 quibas
1216 1291 1245 1341 et
1257 1285 1331 1341 oculi
1345 1286 1434 1342 nostri
1453 1291 1481 1342 et
1498 1303 1584 1342 aures
1600 1290 1697 1342 esseut
1713 1287 1887 1345 crrstedieuda.

235 1384 285 1436 tur
300 1379 440 1453 quidquid
459 1378 572 1450 legibus
592 1377 781 1433 interdicitur.
803 1376 876 1442 Quid
899 1379 975 1435 inter
992 1377 1051 1434 haec
1101 1378 1163 1433 Cito
1176 1378 1205 1433 in
1219 1378 1272 1433 hoc
1284 1379 1472 1434 assuescimus
1487 1377 1566 1450 quod
1584 1377 1729 1448 audimus,
1744 1379 1812 1452 quod
1828 1381 1888 1436 ride-

237 1473 412 1529 Christianus
423 1470 514 1527 fidelis
526 1471 592 1526 facit
605 1470 650 1525 cui
662 1469 731 1550 uitia
750 1487 808 1526 non
823 1471 890 1526 licet
904 1487 956 1528 nec
974 1471 1050 1544 cegi-
1101 1485 1175 1526 mus.
1189 1471 1271 1540 Nem,
1285 1487 1350 1526 ctrm
1364 1487 1446 1526 mens
1465 1471 1590 1527 hominis
1607 1472 1642 1526 ad
1665 1471 1734 1528 vitia
1751 1472 1808 1544 ipsa
1818 1469 1887 1528 dura·

235 1564 319 1621 tarct
345 1563 414 1636 qnid
427 1562 597 1631 ‘oblectatur
619 1562 777 1618 simulacris
799 1563 939 1634 libidinis,
965 1567 998 1620 ut
1020 1564 1051 1620 in
1100 1566 1157 1634 tur,
1177 1564 1244 1635 quid
1263 1564 1355 1634 faciet,
1375 1566 1398 1620 si
1418 1564 1554 1621 habuerit
1569 1562 1705 1637 e‘xempla
1721 1569 1822 1622 nature
1837 1583 1888 1622 cor·

164 1686 167 1692 ·
234 1657 303 1728 ipsis
318 1655 449 1729 deposita
462 1654 634 1712 verecundia
646 1655 781 1712 audacior
797 1657 846 1712 ssat
859 1656 896 1712 ad
910 1654 1050 1713 cumina?
1100 1657 1177 1728 poris
1187 1656 1294 1714 lubmca
1304 1673 1368 1730 quae
1381 1660 1481 1729 sponte
1495 1657 1621 1713 corruit?
1630 1657 1701 1730 quid
1713 1657 1800 1723 faciet,
1809 1657 1889 1732 786

235 1749 321 1806 Discit
333 1755 363 1805 et
376 1751 469 1806 facere
488 1749 557 1804 dum
578 1750 738 1806 consuescit
758 1749 864 1806 videre.
881 1750 938 1805 lllre
955 1753 1051 1806 umen
1101 1749 1123 1804 si
1141 1749 1228 1806 fuerit
1242 1750 1387 1823 impulsat
1399 1751 1563 1810 hrocandos
1583 1757 1626 1806 eet
1643 1749 1733 1824 igitur
1750 1752 1851 1808 animus
1862 1753 1890 1807 uh

235 1859 305 1915 quas
325 1842 475 1898 infelicitas
496 1859 546 1897 sua
567 1842 603 1897 ad
623 1842 787 1898 servitutem
809 1842 930 1899 inseruit
942 1849 970 1898 et
984 1831 1171 1916 pro-Biatia.

235 1935 344 2004 strauit,
369 1935 502 1992 libidines
529 1935 658 2008 publicas
685 1935 841 2005 occultant,
870 1941 898 1992 et
925 1937 1049 1992 dedecus
1137 1937 1178 1991 lll.
1193 1936 1465 1994 liabetdhristianes
1479 1938 1638 2010 spectacula
1649 1937 1777 2008 meliore,
1790 1939 1812 1994 si
1826 1938 1892 2006 relit3

236 2045 319 2086 suum
345 2029 382 2084 de
406 2029 524 2084 latebris
541 2029 739 2084 consolantur.
762 2029 939 2085 Erubescunt
959 2028 1051 2085 rideri
1100 2029 1186 2086 hahet
1199 2045 1278 2086 raras
1293 2035 1321 2086 et
1334 2031 1498 2102 profuturas
1511 2032 1683 2104 voluptates,
1699 2031 1722 2088 ei
1736 2049 1766 2088 sa
1778 2047 1894 2104 recogno

236 2125 405 2193 etiamque
426 2123 566 2194 pedorem
589 2121 787 2178 vendiderunt.
805 2127 839 2178 st
859 2123 933 2178 istud
955 2123 1050 2195 publi·
1100 2123 1182 2179 verit.
1204 2124 1251 2188 Et,
1274 2125 1306 2180 ut
1327 2122 1460 2180 omittam
1482 2123 1530 2180 illa
1549 2141 1613 2198 qua
1634 2125 1763 2182 nondum
1783 2129 1893 2181 contem·

236 2231 302 2272 eum
319 2214 414 2290 785
430 2219 590 2270 monstrum
606 2214 739 2271 omuibus
752 2215 910 2271 ridentibus
931 2217 1050 2288 geritur,
1101 2217 1174 2288 plari
1195 2220 1323 2289 pessunt,
1338 2217 1426 2272 habet
1446 2217 1531 2274 istam
1544 2218 1647 2274 mundi
1663 2219 1896 2291 pulchritudinem,

237 2313 265 2366 et
288 2308 503 2380 prostitutarum
529 2309 667 2363 transitur
693 2307 861 2366 obscenitas.
894 2309 1050 2374 Quaesitum
1101 2325 1189 2382 quern
1206 2309 1301 2366 videtu
1321 2312 1407 2383 atque
1424 2310 1555 2381 miretur,
1583 2311 1648 2367 solis
1668 2319 1763 2368 ortum
1785 2311 1895 2384 aspiciat,

236 2405 279 2458 est
317 2401 462 2473 quomodo
501 2401 672 2456 adulterium
709 2401 796 2456 oculis
837 2402 1048 2458 admitteretur.
1102 2419 1201 2459 rursus
1233 2419 1364 2460 occasum
1396 2405 1505 2461 mutuis
1535 2403 1643 2462 vicibus
1675 2406 1735 2462 dies
1764 2411 1897 2476 noctesque

236 2494 305 2549 lluic
333 2493 467 2549 dedecori
495 2493 668 2566 condignum
695 2494 815 2550 dedecus
841 2495 1049 2566 superducitur.
1102 2502 1294 2566 revocantem,
1310 2498 1427 2570 globum
1441 2497 1518 2554 lune
1532 2501 1699 2571 temporum
1713 2500 1897 2556 cursusincrc-

236 2588 325 2643 Homo
356 2587 462 2642 fractus
493 2586 626 2642 omnibus
658 2587 813 2656 memhris,
847 2591 877 2642 et
906 2588 949 2643 vir
980 2589 1053 2644 ultra
1102 2586 1208 2642 mentis
1231 2586 1289 2642 suis
1315 2586 1559 2660 decrementisque
1581 2587 1755 2662 signantem,
1777 2592 1899 2642 astrorum

237 2679 411 2736 muliebrem
449 2680 601 2735 mollitiem
641 2679 810 2751 dissolutus,
850 2681 895 2737 cui
934 2698 979 2738 ers
1018 2682 1054 2737 sit
1103 2679 1270 2736 micantium
1283 2679 1385 2736 choros
1403 2685 1431 2736 et
1444 2680 1558 2736 assidue
1578 2681 1613 2736 de
1630 2697 1745 2738 summa
1760 2681 1899 2738 mobilitate

238 2773 323 2829 verba
343 2772 475 2828 manibus
494 2772 641 2844 expedire,
659 2776 689 2828 et
707 2777 826 2846 propter
844 2791 936 2838 arnum
959 2775 1053 2831 nescio
1101 2771 1255 2845 fulgentes,
1271 2773 1340 2830 anni
1354 2773 1439 2830 totius
1453 2790 1505 2845 per
1523 2774 1598 2831 vices
1616 2791 1733 2830 summa
1753 2775 1786 2831 de
1801 2788 1898 2829 summo

238 2881 326 2939 quem
340 2881 394 2922 uec
411 2867 504 2922 virum
519 2882 573 2922 nec
585 2867 735 2935 feminam,
748 2874 943 2925 commovetur
956 2869 1053 2924 civitae
1103 2867 1233 2922 membre
1258 2866 1356 2934 divisa,
1383 2872 1412 2922 et
1439 2867 1498 2924 dies
1522 2867 1600 2940 ipsos
1624 2883 1691 2924 oum
1715 2867 1840 2924 noctibus
1857 2881 1900 2937 par

238 2964 309 3029 tota,
333 2963 363 3015 ut
381 2959 559 3048 desaltentur
577 2959 714 3016 fabulosae
734 2961 937 3033 antiquitatum
956 2962 1054 3017 libidi·
1103 2959 1241 3015 horarum
1265 2960 1356 3030 spatia
1379 2959 1519 3032 digestos,
1545 2966 1629 3017 terrae
1653 2961 1759 3017 molem
1786 2959 1899 3016 libratam

238 3069 300 3109 nee.
320 3055 361 3110 lta
378 3056 492 3108 amatur
513 3052 651 3125 quidquid
673 3069 730 3108 non
750 3053 825 3122 licat,
840 3057 873 3109 ut
886 3071 951 3127 quae
966 3055 1054 3110 etiam
1104 3068 1169 3108 cum
1183 3053 1339 3124 montibus,
1355 3058 1383 3108 et
1401 3053 1513 3125 proflua
1529 3052 1647 3108 flumina
1667 3070 1733 3110 cum
1747 3053 1811 3120 ¹suis
1829 3049 1900 3108 fonti·

240 3151 308 3203 etas
329 3146 525 3216 absconderat,
540 3145 592 3202 suh
614 3147 759 3202 oculorum
780 3148 949 3204 memoriam
968 3147 1053 3204 redu·
1102 3146 1166 3216 hus,
1182 3149 1295 3202 extensa
1306 3146 1398 3202 maria
1412 3163 1478 3202 cum
1494 3146 1551 3201 suis
1565 3145 1699 3204 fluctibus
1713 3151 1798 3220 atque
1815 3142 1899 3200 littori·

240 3245 350 3296 centur.
1065 3194 1166 3308 Cbus,
1193 3239 1308 3296 interim
1331 3244 1508 3296 constantem
1532 3239 1640 3310 pariter
1666 3255 1779 3296 somma
1802 3236 1900 3308 conmi-

276 3333 333 3389 vtl.
347 3333 408 3389 Nou
422 3337 467 3388 ast
479 3331 591 3388 libidini
610 3333 678 3390 setis
695 3333 777 3389 malis
797 3333 855 3390 suis
871 3335 913 3390 nti
929 3350 1053 3406 presan·
1103 3333 1215 3389 ratione
1244 3332 1419 3404 nexibusque
1450 3330 1609 3388 concordiae
1640 3336 1793 3390 extensum
1818 3344 1900 3388 aerem

240 3427 327 3496 tibus,
340 3426 396 3483 nisi
413 3442 496 3482 suum
515 3424 550 3481 de
569 3426 727 3498 spectaculo
742 3426 828 3482 faciat
846 3427 876 3482 in
896 3429 1054 3500 quostiam
1104 3425 1233 3482 medium
1257 3425 1396 3482 tenuitate
1425 3442 1477 3482 sua
1501 3427 1603 3482 cuncta
1622 3431 1815 3499 vegetantem,
1840 3437 1902 3480 nuuc

241 3521 371 3593 superior
385 3522 453 3576 ratas
466 3522 618 3575 erraverat.
632 3520 694 3575 Non
715 3519 790 3588 licet,
806 3520 935 3594 inquam,
956 3522 1055 3577 adesse
1103 3519 1210 3575 imbres
1227 3518 1380 3574 contractis
1393 3518 1517 3575 nubibus
1532 3517 1768 3598 profundentem,
1784 3533 1854 3574 nunc
1866 3530 1900 3570 ee·

241 3613 410 3674 Christianis
427 3611 574 3680 fidelibus,
597 3629 655 3668 non
679 3612 745 3669 ficet
768 3614 900 3686 omuino,
923 3631 976 3670 nec
1000 3615 1055 3670 illis
1104 3613 1254 3669 renitatem
1274 3612 1379 3669 refecta
1398 3612 1515 3668 raritate
1528 3617 1722 3684 revocantem,
1736 3619 1765 3669 et
1784 3613 1812 3668 in
1825 3607 1902 3667 omni·

243 3725 314 3781 quos
338 3708 375 3764 ad
401 3705 589 3762 delinimenta
620 3705 733 3762 aurium
759 3705 796 3762 ad
824 3723 923 3763 omnes
948 3708 1056 3780 ubique
1104 3705 1159 3762 hus
1181 3704 1241 3762 istis
1261 3704 1369 3761 incolas
1391 3706 1531 3778 proprios,
1551 3705 1582 3762 in
1600 3721 1667 3763 aere
1685 3721 1763 3770 aves,
1786 3706 1814 3761 iu
1835 3700 1903 3774 aquis

242 3801 349 3858 Graecia
371 3800 523 3856 instructos
544 3799 603 3854 suis
625 3799 706 3855 ranis
727 3799 834 3856 artibus
857 3801 954 3858 mittit.
973 3803 1054 3858 Clan-
1105 3799 1206 3871 pisces,
1226 3799 1257 3854 in
1276 3801 1353 3855 terra
1375 3798 1534 3855 hominem.
1552 3800 1629 3868 llaec,
1645 3800 1778 3872 inquam,
1801 3803 1828 3854 et
1850 3795 1904 3860 elia,

243 3911 327 3970 goras
352 3892 427 3948 tnbae
449 3892 567 3948 bellicos
594 3893 667 3949 altar
689 3892 819 3949 imitatur
843 3909 958 3964 raucos,
983 3895 1057 3950 alter
1106 3908 1194 3967 opere
1217 3891 1311 3949 divina
1335 3893 1393 3949 sint
1417 3892 1566 3950 chistianis
1592 3892 1727 3949 fidelihus
1752 3887 1903 3965 spectacula.

242 3987 379 4061 lugubres
398 4003 480 4042 sonos
500 3985 601 4058 spiritu
620 3985 718 4042 tibiam
738 3985 858 4044 inflante
881 3987 1055 4058 moderatur,
1106 3985 1186 4052 uoce
1204 3988 1351 4042 theatrum
1369 3985 1503 4042 humanis
1517 3985 1649 4042 menibus
1669 3991 1840 4044 exetmctnm
1856 3981 1906 4037 istis

244 4082 333 4151 alter,
358 4095 424 4136 cum
451 4078 543 4135 choris
570 4083 598 4136 et
623 4095 689 4134 cum
713 4080 836 4137 hominis
862 4097 965 4138 maora
990 4096 1057 4138 vooe
1107 4077 1241 4152 operibus
1259 4081 1371 4151 poterat
1388 4077 1694 4152 comparariillaguis
1713 4075 1905 4149 lieetlapidum

243 4172 418 4234 contendens
431 4171 533 4244 spiritu
553 4188 616 4242 suo,
633 4189 719 4244 qoem
735 4173 771 4229 de
788 4173 941 4231 visceribus
952 4175 1010 4231 sais
1026 4174 1058 4230 iu
1106 4172 1228 4248 molibus
1245 4175 1417 4241 exstruatur,
1434 4171 1528 4229 cristae
1547 4177 1614 4230 suut
1632 4173 1777 4230 montium
1796 4170 1904 4233 altiores,

245 4265 392 4339 superiora
405 4265 532 4336 corporis
550 4265 643 4321 nitens
661 4265 808 4338 hauserat,
826 4266 962 4324 tibiarum
979 4267 1057 4324 fora·
1106 4267 1135 4322 et
1146 4281 1216 4321 auro
1229 4265 1296 4322 licet
1308 4269 1379 4322 tecta
1393 4265 1536 4336 laquearia
1550 4265 1764 4338 resplendeant,
1779 4269 1904 4319 astrorum

245 4357 371 4416 minibus
393 4357 572 4424 modulatum
600 4373 676 4414 nunc
699 4359 800 4425 effuso,
826 4362 854 4415 et
878 4377 955 4418 nunc
980 4361 1058 4418 intus
1106 4359 1220 4431 fulgore
1233 4359 1391 4416 vincentur.
1406 4359 1557 4431 Nunquam
1566 4359 1696 4416 humana
1710 4375 1796 4432 opera
1810 4352 1907 4413 mirabi-

249 4451 359 4509 occluso
389 4455 474 4523 atque
503 4450 533 4506 in
564 4464 660 4507 aerem
688 4469 741 4525 pro
772 4453 855 4510 certis
885 4455 1059 4512 foraminum
1107 4459 1154 4510 tor
1166 4452 1293 4526 quisquis
1301 4469 1331 4508 se
1341 4453 1539 4524 recognoverit
1551 4452 1643 4510 filium
1655 4453 1719 4512 ltei.
1734 4452 1830 4525 ltejicit
1841 4465 1867 4505 se
1877 4447 1906 4502 de

247 4545 389 4604 meatibus
412 4545 531 4614 emisso,
554 4561 631 4602 nunc
655 4545 684 4602 in
708 4547 827 4604 articulo
853 4564 955 4605 sonum
980 4545 1235 4640 frea-Deulmine
1262 4545 1462 4617 generositatis
1491 4561 1550 4602 suae
1577 4547 1628 4618 qui
1653 4547 1793 4604 admirari
1814 4537 1906 4616 aliquid

249 4657 331 4715 gens,
351 4639 431 4711 loqui
453 4639 550 4712 digitis
570 4638 707 4709 elaborat,
728 4641 858 4713 ingratos
880 4640 988 4697 aruflci
1010 4641 1059 4714 qui
1108 4645 1212 4714 preter
1227 4638 1495 4711 bominumpotest.

246 4733 378 4806 linguam
404 4732 491 4791 dedit.
517 4733 590 4800 Quid
615 4733 717 4806 loquar
743 4734 865 4791 comicas
893 4737 923 4790 et
948 4735 1059 4791 inutiles
1144 4735 1175 4789 ll.
1203 4731 1365 4805 scripturis,
1390 4732 1520 4806 inquam,
1546 4733 1632 4790 sacris
1655 4733 1803 4791 incumbat
1825 4725 1907 4789 chus·

249 4826 351 4884 curae?
366 4825 434 4899 quid
453 4827 516 4883 illas
534 4841 655 4899 magnas
679 4827 793 4901 tragice
819 4828 893 4883 vocis
914 4827 1060 4884 insanies?
1109 4827 1204 4884 tianae
1223 4826 1331 4896 tidelis3
1348 4831 1377 4882 et
1395 4826 1435 4882 ihi
1455 4826 1582 4883 inveniet
1600 4827 1747 4901 condigna
1764 4825 1830 4883 fidei
1843 4835 1909 4895 epac·

248 4921 318 4996 quid
331 4937 433 4976 nervos
446 4937 512 4976 cum
526 4921 649 4977 clamore
663 4920 849 4978 commissos?
867 4923 931 4978 flac
948 4921 1061 4978 ebernei
1110 4921 1211 4978 iacula.
1227 4919 1339 4976 Videbit
1353 4919 1550 4978 instituentem
1564 4923 1656 4980 Deum
1670 4922 1813 4979 mundum
1824 4931 1905 4980 suum,

248 5031 307 5071 non
328 5017 424 5070 esseut
449 5014 605 5070 simulacris
630 5015 735 5084 dicem,
758 5015 889 5072 adeunda
910 5017 1010 5072 tamen
1033 5019 1061 5072 et
1110 5019 1218 5072 etcum
1238 5013 1347 5069 caeteris
1365 5012 1534 5070 animalibus
1554 5015 1679 5072 hominis
1697 5015 1779 5072 illam
1797 5011 1906 5070 admira-

250 5108 401 5179 spectanda
411 5123 467 5162 nen
479 5111 572 5164 essent
580 5107 745 5164 Christianis
754 5109 885 5165 fidelihus
891 5110 1059 5182 3quoniam‚
1110 5108 1198 5164 bilem
1218 5107 1357 5164 fabricam
1372 5107 1578 5182 melioremque
1594 5107 1759 5166 facientem.
1780 5099 1909 5180 Spectabit

250 5199 305 5254 etei
322 5215 380 5256 non
400 5199 541 5256 haberant
559 5200 679 5270 cumen,
693 5201 798 5258 habent
814 5202 844 5258 in
859 5218 889 5260 se
905 5203 1061 5260 maximam
1110 5201 1252 5258 mundum
1274 5201 1303 5256 in
1326 5200 1433 5258 deliciis
1452 5201 1520 5272 suis,
1535 5201 1613 5274 jueta
1631 5202 1793 5276 naufragia,
1810 5199 1909 5273 piorum

189 5307 191 5312 ⁸
251 5294 280 5348 et
294 5307 396 5364 parum
410 5296 619 5367 congruentem
631 5291 760 5350 fidelihus
773 5295 940 5353 vanitatem.
1111 5294 1248 5368 premia,
1279 5293 1493 5368 impiorumque
1520 5296 1678 5369 supplicia,
1706 5295 1794 5353 maria
1818 5287 1908 5366 populu

285 5387 354 5442 Vlll.
381 5387 452 5441 Nam
473 5387 522 5442 illa
545 5385 634 5442 alters
655 5385 832 5460 reliquorum
851 5389 996 5446 dementia
1020 5393 1063 5446 est
1113 5389 1222 5459 siccata,
1237 5387 1315 5445 etde
1332 5395 1412 5460 petra
1433 5403 1531 5446 rursus
1549 5391 1653 5464 populo
1675 5389 1766 5447 marie
1782 5387 1908 5461 porrecta·

251 5478 400 5538 manifesta
421 5479 518 5535 otiosis
539 5478 702 5536 hominihus
723 5481 897 5553 negotiatio;
923 5488 952 5539 et
970 5484 1063 5556 prima
1113 5482 1256 5554 Spectabit
1281 5481 1316 5538 de
1340 5481 1410 5539 coelo
1441 5481 1644 5541 descendentes
1670 5500 1786 5551 messes,
1807 5495 1861 5538 nou
1879 5487 1909 5530 ει

251 5573 368 5632 victoria
380 5575 423 5630 est
435 5578 466 5629 ut
484 5573 557 5628 ultra
574 5573 690 5632 modum
711 5575 873 5632 humanum
890 5581 989 5632 venter
1001 5593 1063 5634 esu·
1113 5583 1208 5634 aratro
1233 5577 1394 5650 impressas,
1416 5576 1537 5634 flumina
1561 5579 1695 5635 transitus
1718 5579 1804 5634 siccos
1824 5572 1907 5628 rura·

250 5669 308 5727 rire
324 5667 452 5741 potuisse
474 5681 561 5738 super
578 5666 660 5723 titulo
683 5671 826 5725 coronate
847 5668 993 5726 edacitatis
1012 5670 1063 5726 tla-
1113 5671 1187 5728 natis
1214 5685 1356 5744 aquarum
1380 5671 1544 5744 agminibus
1569 5671 1738 5729 exhibentia
1764 5665 1865 5726 Videbit
1883 5660 1906 5716 iu

253 5762 362 5836 gitiosoe
383 5760 535 5829 nundinam
556 5759 658 5816 ictibus
678 5762 829 5818 vulnerum
856 5762 955 5819 infelix
979 5762 1063 5820 facies
1115 5764 1389 5838 quibusdamddem
1410 5781 1477 5822 caru
1491 5764 1558 5840 igue
1577 5765 1744 5838 lucustam,
1763 5763 1834 5820 feras
1850 5755 1906 5814 reli·
1954 5833 1955 5836 Ἴ

253 5860 423 5948 immanet
439 5853 579 5912 infelicior
598 5857 696 5912 neuter
713 5853 973 5930 augustinumin
990 5855 1065 5916 foeda
1115 5857 1200 5934 mone
1221 5862 1367 5936 superatas
1387 5864 1416 5920 et
1437 5859 1468 5919 in
1493 5858 1743 5922 mansuetudinem
1765 5863 1903 5924 eoum.
1954 5921 1955 5939 χ
