4076 6190
238 270 285 326 ur
920 271 995 328 vua
1014 272 1042 326 S.
1063 269 1228 328 Cl'i‘fllstlll.
1465 317 1467 325 .
1868 271 1922 328 118

237 392 321 448 lineri
336 391 490 466 quominus
506 391 609 448 invisat
630 399 782 468 martyres,
798 393 874 467 quod
895 401 1050 450 matuatus
1062 393 1252 484 AcoaJnncta
1266 393 1330 462 fnit,
1346 393 1436 449 multo
1449 391 1541 466 aptior
1556 393 1668 450 videtur
1684 391 1770 450 fuisse
1788 395 1826 451 ad
1845 397 1922 452 elea·

236 488 375 560 dignitate
389 487 558 559 conspicuus
577 488 673 544 aeratos
688 489 836 562 gentilium
852 489 978 562 effugere
994 506 1051 544 non
1102 487 1154 543 dos
1181 487 1333 560 populares
1361 490 1464 555 ructus,
1490 502 1556 542 cram
1584 488 1751 544 calamitatis
1777 505 1862 545 causa
1888 490 1922 547 in

235 581 331 652 possit.
358 581 414 636 Nec
435 597 552 637 necesse
575 587 617 638 est
639 598 705 638 auur
731 581 854 640 abfuisse
880 582 1050 655 Carthagine
1101 579 1277 637 Christianos
1293 580 1470 652 rejiceretur.

238 680 267 729 nt
285 675 324 730 sic
344 674 481 730 scriberet
500 692 507 729 ε
523 692 574 730 sua
592 675 667 732 enirn
688 677 768 732 illurn
791 677 924 748 dignitas,
940 677 1052 733 etiarnsi
1101 698 1202 754 yypyq¹
1218 727 1253 738 ..
1267 699 1339 752 Μέγα
1354 697 1474 753 cymas
1494 699 1523 756 g,
1544 698 1678 768 cymam·
1694 701 1724 754 p,
1741 702 1823 770 9231ss
1841 703 1921 758 cara.

236 768 372 823 adfuisset
403 768 592 842 Carthagine,
622 770 751 826 detinere
779 771 872 842 potuit
898 771 1051 842 quominus
1137 779 1242 834 initote.
1256 807 1290 818 -·
1303 778 1469 847 Religionem
1483 779 1606 847 &tendit
1619 780 1749 836 aduersus
1768 781 1921 836 Deruetrio-

237 867 348 918 sanctas
368 866 507 934 martyres
523 863 666 918 inviseret.
684 865 753 919 Nam
773 865 822 936 qui
842 865 1006 936 previdebat
1021 869 1052 920 ut
1136 873 1212 912 oum·
1227 889 1261 896 -
1276 860 1366 913 Tullus
1385 859 1500 914 ecclesi&
1519 859 1742 928 Corllluuo'uouso's
1760 861 1869 932 pretim
1890 863 1922 916 in

238 959 378 1028 martyres
394 976 407 1004 o
423 973 482 1012 nou
501 958 680 1028 glomeratim
697 975 747 1013 nec
769 975 821 1030 per
838 957 1052 1014 multitudinem
1137 937 1301 992 redimendis
1314 939 1429 1008 captiuis
1443 938 1606 994 llbfffllllffs·

237 1050 321 1104 simul
332 1050 463 1118 junctam
479 1050 678 1120 inviserentur,
695 1052 743 1108 sed
759 1053 961 1124 etpresbyteri
981 1068 1050 1123 quo·
1137 1049 1179 1104 hd
1195 1049 1425 1120 persecutionem
1443 1050 1596 1106 accedebat
1610 1051 1669 1106 lues
1682 1052 1825 1110 horrenda
1843 1071 1921 1126 quea,

237 1159 293 1214 que
308 1143 357 1215 qui
376 1145 432 1200 illic
450 1144 524 1216 apud
541 1146 743 1200 confessores»
762 1145 926 1212 offerebant,
946 1145 1053 1217 singoli
1101 1143 1152 1196 suh
1167 1141 1234 1214 ipsis
1249 1143 1347 1211 Deciis,
1365 1148 1397 1198 nt
1409 1143 1561 1200 verisimile
1573 1149 1625 1214 est,
1640 1145 1760 1218 incepta,
1776 1147 1920 1220 majorem

237 1251 302 1292 cnm
322 1237 442 1309 singulis
459 1239 583 1294 diaconis
605 1239 781 1294 alternarent
799 1239 892 1310 (epist.
909 1241 945 1309 5),
962 1240 1052 1294 marito
1101 1235 1131 1290 in
1152 1237 1268 1290 modum
1285 1236 1336 1292 sub
1355 1237 1434 1294 Gallo
1448 1241 1477 1292 et
1489 1239 1641 1294 Volusiano
1659 1245 1783 1312 grassata
1801 1247 1851 1297 est.
1871 1243 1923 1297 Hic

238 1331 333 1386 minus
358 1331 417 1403 ipsc
442 1332 645 1402 commisisset,
669 1339 698 1387 ut
722 1333 751 1389 in
775 1333 871 1390 oculos
901 1333 1051 1404 gentilium
1101 1330 1232 1402 Cypriani
1247 1331 1368 1386 charitas
1381 1331 1411 1386 in
1425 1331 1493 1403 ipsis
1506 1331 1688 1388 ethnicorum
1702 1334 1790 1389 ocrrlis
1805 1335 1922 1404 enituit,

238 1424 388 1481 incurrens
408 1441 482 1481 nova
503 1425 633 1482 incendia
652 1431 856 1482 commoveret.
873 1427 947 1492 Quin
965 1428 1052 1486 etiarn
1103 1428 1132 1479 et
1153 1424 1188 1478 ad
1212 1441 1354 1480 summam
1377 1424 1543 1496 reipublicae
1566 1425 1716 1482 utilitatem
1737 1428 1922 1484 redundavit.

238 1517 299 1574 haec
312 1519 486 1575 cousuetudo
503 1521 568 1574 ante
583 1519 758 1591 Cyprianum
774 1521 804 1575 in
819 1520 911 1576 Africa
929 1520 1051 1592 vigebat,
1102 1519 1172 1573 Nam
1186 1534 1250 1572 cum
1265 1517 1371 1574 ethnici
1385 1533 1487 1573 omnes
1501 1519 1654 1576 horrerent
1664 1527 1692 1576 et
1705 1521 1837 1592 fugerent
1852 1539 1922 1577 con-

238 1615 269 1666 nt
295 1613 445 1684 episcopus
472 1613 647 1668 confessores
673 1630 732 1670 nau
754 1615 898 1670 inviseret.
925 1616 1053 1670 Testatur
1103 1611 1176 1684 lagia
1194 1628 1225 1665 ac
1239 1629 1306 1666 suos
1319 1611 1408 1682 impie
1427 1617 1613 1684 exponerent,
1627 1629 1669 1681 ac,
1684 1614 1846 1685 jacentibus
1860 1621 1921 1672 tota

237 1705 315 1762 eninr
335 1706 492 1778 Cyprianus
513 1707 542 1762 in
567 1723 633 1780 epp.
658 1711 690 1762 ro
714 1711 743 1762 et
765 1712 808 1774 al,
836 1708 864 1764 id
888 1725 1002 1780 semper
1023 1710 1052 1764 in
1103 1703 1215 1760 civitate
1230 1704 1425 1772 cadaveribus,
1440 1721 1525 1762 nemo
1538 1706 1615 1763 aliud
1628 1707 1786 1781 quidquam
1802 1711 1922 1781 respice·

237 1799 416 1870 praeteritum
430 1800 481 1855 crib
495 1801 722 1856 antecessoribus
740 1801 797 1859 sois
814 1801 919 1858 factem
936 1817 1006 1870 esse,
1024 1778 1091 1858 utll
1105 1798 1213 1854 retrusi
1228 1799 1308 1854 lucra
1323 1799 1459 1867 crudelia,
1474 1805 1533 1855 tum
1549 1816 1616 1856 vero
1628 1801 1730 1856 Christi
1744 1803 1773 1856 et
1786 1802 1834 1858 Dei
1848 1804 1924 1859 Pon·

238 1891 395 1964 presbyteri
423 1897 452 1948 et
481 1894 591 1950 diaconi
618 1895 780 1966 plenissima
807 1897 880 1950 circa
908 1896 1054 1968 Evangelii
1105 1891 1174 1946 lifol
1193 1892 1307 1964 ploboul
1328 1909 1383 1947 uuo
1398 1892 1427 1948 iu
1447 1893 1508 1948 looo
1523 1901 1725 1968 congregatum
1742 1895 1834 1952 vivido
1850 1897 1924 1953 hor·

237 1985 331 2058 legem
355 1993 492 2058 martyres
513 1991 541 2042 et
562 1988 738 2044 confessores
758 1989 942 2058 instruerent,
958 1996 986 2046 et
999 1991 1054 2045 dia·
1104 1991 1165 2040 tatu
1179 1986 1296 2040 adduxit
1309 1992 1341 2042 ut
1356 1986 1471 2058 pietatis
1481 1988 1574 2043 officia
1589 2005 1646 2044 uon
1659 1989 1750 2046 selum
1766 1991 1795 2046 in
1811 1992 1924 2047 domes-

238 2081 301 2136 eoni
315 2080 351 2136 ad
366 2095 511 2136 carcerem
528 2088 721 2138 commeantes
735 2089 891 2155 niartyrurn
911 2083 1054 2140 desideria
1104 2078 1174 2134 ticos
1192 2080 1269 2150 fidei,
1284 2079 1333 2136 sed
1351 2081 1379 2136 in
1396 2081 1472 2153 ipsas
1488 2081 1573 2137 etiam
1591 2083 1720 2138 ethnicas
1738 2085 1922 2156 conferrent;

237 2174 360 2230 consiliis
380 2176 438 2230 suis
461 2178 489 2230 et
507 2175 718 2248 scripturarum
739 2178 890 2250 preceptis
911 2178 1054 2250 guberna·
1105 2188 1137 2227 ac
1150 2172 1285 2229 charitato
1298 2173 1492 2230 inflammatus
1509 2191 1544 2230 aa
1558 2174 1629 2232 dixit
1643 2193 1717 2248 quae,
1732 2177 1783 2231 sio
1799 2179 1924 2250 gentiles

237 2272 311 2323 rent.
327 2268 401 2324 Nihil
416 2285 484 2340 ergo
500 2273 577 2325 rotat
591 2270 746 2342 quominus
761 2269 937 2343 Cyprianum
951 2271 981 2328 in
995 2272 1055 2344 ipsa
1106 2265 1574 2339 audirepotuissent,aitP011tius,
1588 2269 1705 2325 forsitan
1716 2271 1810 2326 statim
1824 2272 1924 2328 erede·

238 2363 309 2418 urbe
331 2363 494 2420 necessariis
514 2363 598 2420 rehns
616 2367 645 2419 et
659 2369 870 2420 antecessarum
890 2366 1055 2439 exemptae
1105 2363 1178 2414 rent.
1197 2382 1210 2410 u
1229 2361 1379 2430 Distributa
1392 2369 1458 2419 sunt
1476 2377 1545 2435 ergo
1561 2363 1696 2420 continuo
1717 2381 1768 2436 pro
1785 2366 1924 2438 qualitate

239 2457 435 2514 carrfesserum
462 2461 617 2530 conspectu
644 2459 799 2514 distentum
826 2459 888 2515 hoec
913 2461 1055 2532 scripsisse
1108 2452 1260 2509 homiuum
1276 2441 1360 2527 utque
1377 2455 1510 2512 ordinum
1526 2457 1695 2512 ministeriu.
1709 2459 1787 2514 llulti
1804 2459 1852 2530 qui
1868 2476 1922 2513 au-

239 2551 444 2606 existimumus,
466 2552 564 2624 Neque
583 2551 668 2607 urium
692 2551 788 2608 dicere
802 2553 922 2609 verebor
941 2571 997 2608 110„
1015 2555 1055 2610 εἰς
1108 2548 1200 2617 gustis
1220 2549 1396 2620 paupertatis
1413 2549 1550 2604 beneflcia
1567 2557 1696 2623 sumptus
1715 2568 1846 2608 exercere
1861 2569 1924 2608 nou

240 2642 338 2718 146
362 2645 524 2700 locuturum
547 2645 633 2700 fuisse
655 2645 678 2700 si
707 2645 844 2701 abfuisset
869 2647 1053 2718 Carthagine.
1105 2641 1434 2716 poterant,plus147
1452 2643 1613 2716 surrrptihus
1632 2645 1822 2714 exlrihehant;
1842 2662 1924 2701 com·

238 2739 388 2802 Quomodo
401 2738 478 2792 enim
492 2739 638 2794 absentem
654 2742 683 2794 et
696 2739 724 2793 in
736 2739 832 2796 abdito
845 2741 906 2796 loco
921 2741 1055 2796 latentem
1105 2739 1256 2808 pensantes
1272 2735 1385 2808 proprio
1404 2737 1501 2792 labore
1523 2739 1683 2792 mercedem
1703 2738 1808 2794 divitiis
1827 2740 1925 2794 cmiii-

239 2832 297 2890 scla
313 2831 439 2903 dignitas
455 2849 472 2886 a
486 2833 635 2904 octuplexu
652 2836 811 2905 martyrum
831 2841 951 2902 arceret,
968 2851 1055 2908 quern
1105 2831 1158 2884 bns
1182 2829 1355 2885 chariorem.
1377 2829 1474 2886 Flebat
1497 2831 1591 2903 itaque
1612 2831 1833 2890 exuberantium
1856 2850 1926 2906 ope-

239 2925 267 2980 in
282 2926 343 2998 ipsa
357 2925 427 2981 urbe
444 2929 610 2982 necessariae
631 2927 824 2984 cautionesab
838 2929 893 2984 hoo
911 2928 1056 3000 gaudiosi
1104 2939 1169 2980 rum
1190 2924 1322 2996 largitate
1338 2923 1414 2995 quod
1430 2924 1539 2980 honum
1562 2929 1604 2980 est
1621 2925 1655 2981 ad
1675 2943 1783 2998 omnes,
1804 2943 1862 2982 non
1884 2927 1926 2984 ad

240 3025 452 3076 autecessorum
468 3021 600 3091 exempla
615 3022 822 3077 removissent?
839 3021 907 3078 lliuc
923 3023 952 3077 in
972 3023 1053 3094 epist.
1105 3017 1179 3072 solos
1192 3016 1361 3072 domesticos
1373 3016 1451 3072 fidei.

240 3117 272 3182 a,
298 3123 389 3186 quam'
408 3113 445 3168 ad
471 3117 609 3185 martyres
633 3120 662 3170 et
686 3116 865 3171 confessurus
888 3116 917 3170 in
944 3134 1053 3172 secessu
1141 3113 1219 3166 luter
1229 3110 1280 3165 has
1290 3110 1535 3182 persecutioniset
1546 3113 1825 3182 pestivcatauiitates,
1837 3114 1928 3186 scrip·

240 3207 376 3278 scriptam
399 3222 459 3262 esse
479 3213 597 3276 constal,
617 3225 674 3262 nori
698 3209 737 3264 ait
758 3225 898 3264 secessum
920 3227 1004 3265 sunm
1026 3211 1056 3266 in
1106 3205 1142 3259 sil
1160 3203 1316 3275 Cyntlouus
1335 3204 1439 3259 librom
1458 3205 1588 3261 occasus
1604 3207 1818 3274 Demetriunum,
1834 3223 1926 3279 quom

240 3301 296 3356 hoc
315 3301 367 3354 sibi
389 3300 541 3355 molestum
563 3318 633 3368 osso,
649 3302 724 3373 quod
740 3318 790 3358 eos
806 3320 864 3359 nan
882 3306 969 3374 possit
981 3305 1055 3360 invi·
1108 3297 1223 3352 l'ouliuo
1239 3296 1282 3351 llis
1297 3296 1387 3352 vorbis
1407 3295 1539 3368 designat
1559 3316 1566 3351 τ
1583 3321 1597 3349 o
1617 3301 1669 3354 Per
1687 3315 1774 3372 quem
1790 3301 1925 3372 gentiles,

242 3409 315 3448 scre.
338 3393 485 3466 Significat
505 3394 584 3449 urbis
606 3395 778 3450 desiderium
803 3397 832 3450 in
854 3397 935 3468 epist.
959 3401 1007 3467 37,
1029 3403 1058 3454 ut
1107 3391 1280 3462 repercussis
1292 3390 1321 3444 in
1336 3407 1365 3446 se
1380 3390 1413 3445 iis
1428 3407 1492 3462 quae
1513 3392 1596 3446 nobis
1615 3391 1763 3464 ingerunt,
1777 3394 1928 3449 vinceren-

242 3503 427 3560 ueqnaquam
448 3493 479 3542 ut
497 3487 525 3542 in
549 3493 706 3560 martyrum
728 3490 920 3562 complexibus
940 3491 1056 3560 litarent,
1108 3486 1173 3540 tart
1184 3505 1197 3534 o
1208 3485 1371 3540 ventitabat
1384 3485 1419 3539 ad
1435 3485 1610 3557 Cyprianum
1627 3486 1831 3558 Demetrianus,
1845 3504 1927 3543 eum·

243 3581 292 3636 sed
316 3580 409 3652 patius
425 3603 438 3632 o
454 3586 483 3636 ut
503 3586 651 3654 promptus
671 3586 699 3636 et
717 3583 808 3638 libens
827 3585 945 3640 solemni
964 3585 1058 3640 minis·
1108 3595 1164 3650 quo
1187 3579 1360 3650 Cyprianus,
1382 3599 1395 3628 o
1415 3579 1606 3636 oblatrantem
1628 3579 1764 3636 adversus
1783 3582 1872 3636 Duum
1896 3589 1929 3638 ut

242 3674 315 3730 teria
331 3680 433 3730 crincta
446 3675 519 3730 circa
533 3676 701 3732 fortissimos
719 3677 820 3733 fratres
838 3678 995 3736 dilectionis
1006 3679 1057 3734 ob·
1107 3672 1199 3728 verbio
1218 3671 1311 3744 impiis
1327 3671 1550 3744 Obstrepffllll'm·
1565 3695 1578 3724 ¹²
1595 3674 1713 3730 minime
1727 3674 1927 3748 &mumiu-

244 3769 343 3840 sequia
356 3769 507 3840 ,compleat
524 3791 538 3818 »
601 3813 603 3818 .
1109 3765 1221 3821 dicabat
1240 3782 1364 3838 quocum
1384 3765 1616 3838 corigrederctur,
1635 3789 1648 3818 «
1664 3785 1729 3824 cum
1751 3786 1803 3824 nec
1822 3771 1926 3826 docere

280 3865 482 3934 Neccongruit
496 3879 564 3935 erga
578 3865 638 3919 hnc
654 3865 1057 3938 epistolettaciitempnribus,
1108 3858 1260 3914 indocilem
1282 3875 1364 3932 posse
1388 3861 1439 3915 sibi
1460 3860 1613 3926 videretur,
1638 3877 1690 3916 neo
1712 3862 1832 3936 impium
1855 3863 1926 3934 reli·

244 3972 339 4028 neque
357 3957 443 4012 etiarn
466 3957 603 4012 Valeriani
619 3959 817 4030 persecutioni,
833 3961 912 4031 cnjus
932 3959 1059 4032 primum
1110 3952 1196 4025 gioue
1221 3953 1426 4025 comprimere,
1454 3971 1506 4009 nec
1532 3955 1675 4011 furentem
1700 3956 1817 4012 lenitate
1843 3957 1925 4012 cohi-

245 4051 387 4124 impeturn
400 4051 537 4108 sustinuit
550 4053 789 4123 Cyprianus;ucc
802 4053 828 4108 ei
842 4054 1018 4126 Regalianus
1032 4061 1060 4110 et
1109 4046 1188 4102 bere.
1215 4067 1229 4096 u
1259 4047 1326 4114 Sed,
1356 4064 1420 4102 ⁰⁰⁰¹
1450 4048 1528 4102 idem
1558 4049 1754 4104 Demetrianus
1783 4049 1928 4106 diclllasel

245 4145 444 4214 felicissimus,
463 4145 512 4201 sed
532 4145 590 4218 ipsa
609 4146 671 4201 aliis
686 4147 829 4215 omnibus,
846 4155 872 4202 ul
891 4147 964 4202 iufra
982 4147 1060 4202 vide·
1111 4161 1124 4190 u
1149 4140 1227 4212 quod
1254 4140 1326 4195 bello
1353 4140 1479 4196 crebrius
1503 4146 1632 4214 511188ῦῖ,
1654 4144 1730 4215 (111οᾶ
1753 4143 1823 4212 ¹⁰0⁵,
1849 4145 1928 4216 quod

245 4239 350 4306 hirnus,
366 4239 458 4295 facem
475 4241 511 4294 ad
526 4239 719 4296 confitendum
741 4241 842 4296 Christi
864 4258 969 4296 nomen
990 4257 1061 4313 prar-
1110 4235 1200 4290 lusslos
1218 4234 1345 4302 saelloul,
1362 4235 1497 4308 quodque
1517 4235 1624 4292 imbres
1647 4242 1676 4292 et
1694 4237 1804 4309 pluvius
1824 4253 1928 4293 serena

245 4333 318 4387 tulit.
334 4333 418 4388 llnlto
433 4333 613 4388 commodius
627 4335 765 4389 referetur
778 4334 861 4406 epist.
871 4338 901 4390 21
918 4335 953 4390 ad
967 4351 1061 4406 perse·
1109 4331 1197 4402 longa
1210 4331 1395 4402 suspendant,
1408 4352 1422 4382 u
1438 4331 1605 4388 Christianis
1619 4333 1765 4405 imputari,
1780 4337 1872 4388 tacere
1886 4334 1929 4390 ul-

245 4427 389 4482 cutionem
403 4427 474 4482 Galli
490 4433 518 4482 et
537 4427 690 4496 Volusiani,
710 4428 738 4482 in
756 4445 813 4499 qua
832 4428 988 4500 Cyprianus
1008 4445 1061 4484 nec
1112 4433 1155 4484 tra
1174 4430 1267 4484 noluit
1286 4429 1442 4502 Cyprianus
1449 4448 1458 4500 ;
1476 4447 1519 4498 ac,
1540 4447 1575 4485 ne
1597 4430 1742 4486 sitentium
1761 4431 1929 4488 diffidentiae

246 4521 417 4593 Carthagine
432 4523 566 4594 expulsus
584 4528 635 4589 est,
658 4538 709 4577 nec
729 4529 831 4594 sponte
849 4523 948 4588 cessit;
963 4527 992 4578 at
1011 4519 1101 4592 nri-D
1113 4540 1171 4579 uon
1189 4523 1368 4580 verecundie
1386 4524 1570 4594 tribueretur,
1592 4524 1658 4580 hiric
1681 4525 1792 4581 homiui
1811 4543 1930 4598 respou-

245 4615 323 4669 uirue
343 4615 460 4669 dubium
475 4619 517 4669 est
532 4616 600 4686 quin
617 4632 667 4686 pro
682 4631 712 4670 sa
726 4616 760 4669 ad
775 4632 858 4670 aures
874 4616 950 4670 etad
965 4617 1063 4672 oculos
1113 4618 1240 4672 dandum
1259 4634 1320 4672 esse
1341 4618 1432 4686 duxit,
1450 4639 1464 4668 o
1479 4618 1585 4690 pariter
1606 4625 1634 4674 et
1652 4620 1759 4675 caeteris
1777 4637 1848 4692 quos
1866 4621 1929 4692 ipse

245 4709 439 4763 aurifossoruru
453 4707 571 4762 vicarias
583 4709 691 4763 litteras
710 4708 828 4777 miserit,
845 4723 911 4763 cum
926 4725 974 4763 ees
988 4708 1061 4764 invi·
1113 4710 1233 4766 forsitan
1248 4715 1445 4780 concitaverat,
1462 4717 1491 4766 et
1505 4712 1654 4768 adversum
1675 4713 1848 4768 Christianos
1863 4714 1931 4770 odia

244 4797 304 4857 sere
331 4803 457 4873 exposita
476 4803 604 4858 omniurn
625 4803 713 4858 accitis
730 4801 855 4874 dignitas
872 4818 928 4858 nou
943 4803 1061 4858 sineret.
1114 4804 1271 4859 maledictis
1282 4804 1396 4860 vocibus
1407 4803 1766 4862 seminandocomitessihi
1781 4807 1931 4878 pluresra·

244 4897 336 4951 hleuse
355 4897 466 4952 Octobri
487 4899 555 4952 auru
571 4901 633 4964 25⁸2,
649 4914 705 4970 quo
724 4897 897 4968 Regalianus
913 4903 940 4951 et
953 4897 1064 4954 felicis·
1112 4898 1182 4954 dicis
1195 4901 1281 4971 atque
1298 4897 1446 4968 originis»
1463 4915 1522 4952 suae
1542 4919 1555 4948 u
1574 4899 1760 4970 pullulatione
1780 4922 1794 4950 u
1811 4901 1929 4958 fecerat.

245 4989 333 5043 siruus
347 4992 422 5061 passi
438 4991 572 5046 dicuutur
584 4991 612 5045 iu
628 4992 734 5046 tabulis
748 4991 954 5060 ecclesiasticis,
972 5007 1063 5062 persc-
1114 4993 1292 5048 Demonstrat
1309 4993 1397 5064 igitur
1415 4992 1587 5048 calamitates
1606 5010 1661 5048 non
1682 4993 1746 5050 inde
1766 4993 1834 5050 oriri
1849 4997 1930 5066 qued

245 5082 320 5138 cutio
340 5081 486 5150 saevieuot;
506 5085 585 5155 cujus
609 5085 650 5140 rei
676 5086 754 5140 testis
777 5088 820 5140 est
841 5085 999 5148 Cornelius,
1014 5086 1064 5157 qoi
1114 5089 1200 5142 Deum
1215 5087 1367 5142 Christiani
1382 5087 1485 5156 celant,
1502 5087 1550 5142 scd
1565 5087 1644 5158 qnod
1657 5103 1724 5143 eam
1738 5089 1857 5162 gentiles
1870 5105 1932 5145 noa

246 5193 345 5232 mense
364 5177 518 5248 septembri
538 5177 623 5249 hujus
638 5179 706 5233 anni
725 5185 833 5250 martyr
852 5179 931 5234 obiit.
952 5182 1064 5236 l‘enrso·
1114 5181 1217 5250 colant,
1232 5182 1349 5254 ejusque
1362 5183 1483 5237 cultores
1499 5181 1578 5236 omrai
1596 5181 1735 5237 cruciatus
1753 5197 1858 5254 genere
1873 5187 1934 5238 tor-

243 5270 308 5326 nius
321 5287 354 5324 ex
368 5271 464 5342 populi
477 5271 638 5326 ferocientis
653 5272 772 5342 impetn,
786 5288 873 5344 quem
888 5273 1064 5346 Rogatianus
1114 5279 1221 5347 queant
1235 5293 1242 5330 ι
1258 5276 1386 5347 quamvis
1398 5282 1493 5331 autem
1507 5275 1553 5331 hae
1566 5275 1741 5332 calamitates
1754 5275 1829 5348 ipsos
1842 5277 1933 5334 etiam

244 5363 386 5436 excepisse
404 5363 516 5432 dicitur,
536 5365 618 5437 epist.
639 5368 668 5421 8t
688 5365 723 5421 ad
743 5367 971 5438 persecutionem
986 5368 1064 5423 Decii
1114 5368 1290 5426 Christianos
1312 5370 1471 5443 attingant,
1494 5385 1542 5426 eas
1567 5374 1663 5424 umen
1686 5368 1752 5424 salis
1775 5369 1933 5440 gentilibus

244 5459 388 5530 pertinere
402 5457 556 5528 concludit,
570 5459 635 5532 quia
654 5475 730 5531 sape
751 5459 781 5516 in
799 5459 852 5514 hac
867 5462 1064 5534 perseeutione
1115 5478 1228 5531 nocere,
1242 5479 1300 5518 nun
1314 5463 1482 5519 Christianis
1494 5479 1566 5537 quos
1578 5462 1615 5518 ad
1628 5465 1736 5520 aterna
1750 5461 1856 5534 gaudia
1868 5481 1934 5536 per-

243 5551 391 5625 popularis
406 5553 551 5608 temeritas
565 5553 593 5608 in
605 5554 777 5626 Cyprianum
794 5554 898 5626 erupit.
910 5555 948 5610 ht
959 5555 987 5610 in
1002 5573 1064 5627 per·
1115 5555 1232 5612 ducunt.
1248 5557 1407 5612 Lactantius
1423 5557 1454 5628 (l.
1471 5573 1498 5626 v,
1514 5576 1538 5612 c.
1553 5555 1580 5626 1)
1598 5555 1693 5612 minus
1706 5555 1856 5612 commode
1870 5557 1932 5612 fac·

245 5647 388 5704 secretione
404 5647 474 5704 Galli
492 5647 624 5703 eamdem
641 5647 740 5722 populi
756 5648 951 5704 temeritatem
968 5665 1065 5722 exper·
1115 5654 1177 5706 tum
1191 5668 1207 5705 a
1223 5651 1364 5724 Cypriane
1382 5651 1560 5722 existimavit,
1582 5656 1613 5706 ut
1633 5651 1667 5707 ud
1687 5649 1880 5724 frangendum
1901 5658 1934 5709 et

243 5744 289 5796 tus
302 5745 344 5797 ast
353 5743 519 5814 Cyprianus,
530 5747 560 5796 nt
574 5743 635 5815 ipse
650 5749 747 5798 narrat
760 5742 790 5798 in
805 5743 890 5815 epist.
905 5747 947 5799 55.
961 5743 1065 5800 lteinde
1114 5745 1341 5802 convincendum
1354 5745 1565 5802 Demetrianum
1575 5745 1727 5817 Scriptura
1737 5743 1932 5820 potiusquam

244 5853 312 5892 voro
323 5823 466 5893 horrenda
477 5835 523 5892 illa
535 5838 621 5910 pestis
632 5855 696 5912 qvia
707 5855 770 5893 cum
782 5835 852 5894 Calli
865 5838 1065 5912 persecutione
1117 5842 1264 5914 poctarum
1281 5845 1308 5896 el
1322 5839 1561 5918 philosophorum
1575 5838 1739 5898 testimonia
1751 5839 1858 5930 citaret
1873 5838 1931 5896 Sed
