4080 6200
272 263 319 320 asi
473 335 485 346 ,
740 257 767 314 6.
788 255 946 315 cimilia
964 257 1101 316 aranon
1121 258 1207 318 rias
1225 257 1246 316 i.
1266 290 1301 302 -
1320 225 1498 320 uri'sioin.
1826 263 1832 268 ·
1882 268 1925 326 aa

270 389 395 445 sitierint
419 391 449 443 et
473 385 616 441 Christum
638 383 822 456 quaesierint,
852 385 928 458 apud
953 401 1004 440 uos
1029 401 1090 442 esse
1101 395 1131 472 Α
1177 389 1220 443 lll.
1248 377 1304 444 Nec
1330 387 1507 458 argumentis
1534 385 1666 458 plurimis
1691 403 1758 460 opus
1782 394 1829 459 est,
1853 394 1927 452 irater

270 485 427 555 potaturos,
443 480 470 534 id
490 483 533 536 est
554 479 688 552 baptismi
711 480 834 550 gratiam
857 484 1060 535 consecuturos
1080 497 1088 534 t
1140 481 1316 551 charissime,
1342 487 1374 538 ut
1394 481 1551 554 probemus
1570 482 1850 556 appellationesque
1869 489 1926 562 bap-

270 579 301 634 81
323 577 458 638 sitierint,
483 573 594 646 inquit,
619 573 798 643 perdeserta
824 569 941 629 adducet
967 574 1028 629 illos
1055 573 1089 642 ⁵²,
1140 575 1227 630 tisma
1243 575 1930 653 significatumsemperesseetsieuosintelligere

271 681 372 739 apuam
392 669 426 724 de
447 673 527 739 petru
545 667 676 738 producet
698 668 766 731 illis,
786 667 905 736 findetur
925 666 980 737 (11)
998 671 1089 737 petra,

271 764 510 832 611661666661
531 761 730 832 111611161616
747 777 806 818 mea
826 761 899 831 (166..
923 776 1014 829 xiviii,
1034 761 1090 831 11).

272 856 352 920 Quod
374 855 404 910 in
428 853 580 926 Evangelio
601 853 783 925 adimpletur,
811 854 925 925 quando
951 853 1090 922 Christus,

274 949 324 1022 qui
347 953 390 1004 est
412 953 503 1021 petra,
528 947 648 1002 llnditur
673 947 732 1002 ictu
759 949 867 1002 lanceae
888 947 917 1002 in
939 947 1089 1018 passione:

273 1043 323 1114 qni
336 1041 534 1098 etadmouens
549 1040 619 1112 quid
634 1057 687 1113 per
702 1041 875 1113 prophetam
890 1040 926 1094 sit
936 1043 1001 1096 ante
1017 1056 1090 1113 prie-

275 1136 383 1191 dictum
406 1137 510 1190 clamat
529 1137 558 1189 et
579 1133 646 1189 dicit
661 1135 786 1204 :Siquis
804 1137 874 1196 sitit,
892 1136 984 1190 ueniat
1004 1139 1030 1190 et
1051 1134 1092 1188 bi·

272 1230 329 1285 bot.
343 1231 396 1296 Qui
417 1229 503 1284 credit
525 1229 555 1283 in
574 1243 625 1290 me,
647 1229 717 1282 61661
736 1229 880 1298 Scriptura
901 1229 968 1284 dicit
987 1227 1021 1296 ⁵⁸,
1039 1229 1091 1296 du·

273 1326 351 1380 mina
368 1323 506 1378 daventre
524 1321 582 1390 ejus
598 1322 684 1390 (16661
695 1337 772 1390 aquae
783 1324 852 1376 ciue
866 1322 966 1393 (taam,
983 1336 1029 1390 vii,
1044 1324 1092 1376 31·

274 1417 331 1487 39).
353 1417 456 1486 Atque,
473 1417 504 1468 ut
516 1413 608 1486 magis
628 1417 723 1485 posset
743 1430 802 1470 esse
823 1414 1008 1470 manifestum
1026 1413 1093 1486 quia

274 1526 331 1564 non
356 1509 392 1564 de
412 1508 510 1576 calice,
526 1507 574 1563 sed
599 1507 633 1562 de
651 1507 793 1579 baptismo
814 1507 870 1564 illic
891 1507 1018 1581 loquitar
1042 1509 1094 1564 Do-

274 1603 379 1669 minus,
404 1600 516 1656 addidit
538 1599 635 1674 380
657 1599 803 1674 Scriptura
823 1601 921 1658 dicens
941 1618 948 1657 z
966 1605 1020 1658 1166
1041 1617 1091 1658 66·

1141 667 1245 724 debere
1259 669 1292 736 ⁵³,
1309 669 1425 741 quando
1448 668 1586 724 Dominus
1598 667 1750 725 adveniens
1768 670 1889 742 baptismi
1907 681 1932 732 et

1141 761 1235 817 calicis
1253 761 1477 818 manifestaverit
1500 762 1663 832 veritatem,
1684 763 1732 834 qui
1747 779 1845 836 aquam
1864 767 1931 824 illam

1141 851 1269 922 ildelem,
1286 867 1393 924 aquam
1408 851 1473 907 vitm
1489 857 1615 920 aterna,
1631 853 1795 925 preceperit
1808 855 1931 912 credenti·

1141 944 1194 1000 bus
1206 945 1234 1000 iii
1247 944 1389 1017 baptismo
1409 945 1482 1014 dari,
1497 945 1617 1002 calicem
1629 961 1696 1001 vcro
1717 944 1837 1002 docuerit
1852 965 1932 1004 exem·

1140 1037 1190 1110 plo
1205 1037 1363 1109 magisterii
1380 1038 1424 1094 sui
1444 1038 1546 1094 vinici
1564 1055 1646 1112 aqam
1668 1039 1857 1112 conjunctione
1874 1044 1931 1098 616-

1142 1129 1211 1186 ceri.
1233 1130 1357 1188 Calicem
1377 1131 1485 1188 etenim
1506 1133 1559 1188 sub
1574 1131 1619 1188 die
1642 1133 1779 1204 passionis
1799 1135 1930 1206 accipiens,

1141 1224 1287 1281 benedixit
1302 1227 1332 1280 et
1352 1224 1433 1280 dedit
1452 1224 1595 1298 discipulis
1613 1226 1669 1282 suis
1690 1226 1783 1282 dicens
1796 1243 1803 1281 z
1816 1227 1888 1284 neue
1904 1245 1931 1284 ee

1143 1317 1191 1374 hoc
1202 1334 1301 1375 omnes.
1317 1319 1368 1373 liic
1387 1323 1427 1374 est
1444 1321 1515 1374 enim
1528 1319 1583 1391 (16)
1598 1321 1712 1390 sanquis
1726 1322 1789 1375 noui
1802 1325 1934 1377 testamenti

1143 1411 1209 1483 (11),
1223 1415 1272 1482 qut
1285 1428 1336 1483 pro
1354 1413 1447 1467 multis
1460 1412 1615 1482 effundetur
1627 1416 1655 1468 ia
1667 1415 1842 1469 secesionem
1851 1429 1932 1484 pecca-

1143 1509 1240 1562 torum.
1257 1508 1319 1562 Dico
1334 1506 1417 1570 66116,
1433 1521 1486 1562 noo
1501 1506 1701 1562 bibamamodo
1717 1521 1751 1563 ee
1763 1509 1815 1562 isto
1827 1513 1935 1563 meatum

1142 1601 1207 1655 uitis
1218 1615 1300 1670 usque
1313 1601 1343 1655 in
1356 1600 1426 1655 diem
1442 1601 1521 1656 illum
1535 1615 1588 1671 quo
1606 1600 1741 1656 66116666
1759 1601 1936 1658 6116666666

276 1702 328 1751 tem
348 1696 420 1750 dimit
443 1695 476 1752 de
496 1695 604 1766 Spiritu
630 1709 709 1765 quun
731 1697 872 1766 accepturi
894 1699 972 1750 eant
994 1697 1044 1766 qui
1063 1697 1094 1750 tn
1142 1692 1339 1765 uinum(t8)ia
1351 1709 1433 1765 repar
1442 1695 1535 1750 Patris
1547 1695 1600 1750 mei
1612 1693 1735 1766 (116111,
1749 1710 1819 1766 xxvi,
1835 1695 1874 1764 is,
1888 1695 1935 1762 11).

274 1805 333 1844 eum
347 1788 501 1844 credebant.
516 1788 570 1841 Per
589 1786 734 1858 baptismii
752 1787 830 1843 enim
846 1787 966 1859 Spiritus
981 1776 1202 1852 sanctiis'BQua
1230 1786 1260 1841 iii
1288 1789 1369 1858 parte
1396 1787 1558 1844 invenimus
1582 1787 1701 1844 calicem
1727 1787 1842 1842 mixtum
1864 1787 1937 1844 luisse

275 1881 422 1952 accipitur,
441 1885 469 1936 et
487 1879 525 1935 sic
549 1897 566 1936 a
585 1880 735 1952 baptizatis
756 1884 785 1936 et
805 1881 942 1952 Spiritum
964 1886 1094 1937 sanctum
1143 1895 1229 1952 quem
1241 1879 1376 1936 Dominus
1388 1881 1500 1953 obtulit,
1514 1879 1606 1955 381
1628 1885 1656 1937 et
1668 1882 1768 1938 vinum
1780 1881 1861 1937 fuisse
1873 1881 1938 1953 quod

275 1975 434 2031 consecutis
446 1974 481 2029 ad
492 1973 649 2029 bibendum
660 1975 777 2030 calicem
791 1975 903 2030 Domini
918 1975 1092 2047 pervenitur.
1144 1974 1312 2046 sanguinein
1331 1991 1415 2030 suain
1439 1974 1519 2031 dixit.
1545 1975 1624 2031 Unde
1644 1978 1766 2047 apparet
1787 1974 1938 2046 sanguinem

276 2069 426 2125 Neminem
450 2072 547 2122 autem
569 2070 683 2122 moveat
704 2067 792 2140 quod,
813 2084 878 2123 cum
899 2067 934 2124 de
956 2068 1095 2141 baptismo
1144 2067 1248 2124 Christi
1269 2083 1328 2122 666
1349 2067 1448 2123 offerri
1468 2068 1533 2140 (19),
1550 2069 1573 2122 61
1588 2067 1658 2124 desit
1676 2067 1775 2124 vinum
1796 2069 1848 2140 (10)
1861 2069 1939 2136 calici,

276 2163 412 2233 loquatur
434 2159 580 2232 Scriptura
602 2159 716 2231 divina,
739 2160 816 2216 sitire
840 2177 890 2216 iios
911 2161 980 2216 dicit
1000 2166 1029 2216 et
1049 2163 1093 2218 bi·

275 2255 354 2318 bere,
382 2253 497 2326 quando
526 2259 554 2309 et
580 2253 719 2309 Dominus
745 2254 774 2309 iii
802 2255 954 2327 Evangelio
983 2255 1059 2311 dicat
1086 2274 1092 2310 :

275 2350 353 2408 Beati
374 2351 520 2404 esurientes
541 2347 597 2418 (15)
620 2353 645 2402 61
668 2349 790 2403 sitientes
807 2349 948 2417 iustitiam
971 2350 1094 2420 (Matth,

1144 2159 1372 2217 necsacriiicium
1381 2161 1940 2234 1166161666ῑῦ1681116666611116611666

1144 2254 1298 2324 celebrari,
1325 2256 1379 2310 nisi
1403 2255 1505 2311 oblatio
1527 2258 1556 2312 61
1577 2255 1746 2312 sacrificium
1765 2261 1886 2312 6661666
1902 2271 1940 2310 re·

1145 2348 1291 2420 sponderit
1314 2348 1447 2421 passioni.
1474 2350 1624 2415 Quomodo
1648 2355 1745 2407 autem
1768 2350 1803 2405 de
1830 2353 1942 2405 creatura

279 2457 304 2510 v,
321 2443 365 2514 11);
388 2442 456 2514 quia
479 2440 555 2514 quod
578 2439 659 2496 arida
683 2446 712 2496 et
733 2441 839 2496 sitienti
863 2441 1018 2514 cupiditate
1034 2459 1093 2498 sus·
1145 2442 1209 2496 ritis
1227 2457 1333 2499 novam
1345 2443 1444 2499 viuum
1457 2459 1524 2499 cuin
1538 2443 1648 2502 Christo
1661 2443 1692 2500 in
1706 2461 1797 2516 regno
1813 2443 1894 2501 Patris
1905 2443 1942 2497 bi-

278 2536 392 2608 cipitur,
414 2535 528 2607 plenius
542 2538 570 2590 et
591 2534 708 2590 uberius
733 2535 873 2591 hauritur.
896 2535 974 2591 Sicut
995 2536 1095 2592 etalio
1145 2535 1257 2606 bemus,
1273 2537 1296 2592 si
1310 2537 1340 2591 iii
1362 2537 1498 2592 sacrificio
1519 2537 1566 2594 Dei
1588 2537 1677 2594 Patris
1696 2541 1725 2594 et
1738 2538 1839 2594 Christi
1859 2537 1943 2592 riuum

276 2629 337 2684 loco
358 2628 395 2684 ad
409 2628 619 2684 samaritanam
642 2627 795 2684 mulierem
814 2628 951 2684 Dominus
969 2629 1096 2703 loquitur
1145 2645 1202 2686 666
1223 2629 1378 2700 offerimus,
1402 2647 1455 2686 nec
1478 2630 1596 2687 calicem
1610 2631 1723 2688 Domini
1740 2631 1943 2688 [1661616616-

277 2722 376 2778 dicens
399 2723 422 2757 ⁵⁵
447 2738 454 2775 :
478 2723 569 2779 Omnis
591 2724 640 2792 qui
664 2721 760 2776 biberit
781 2737 814 2777 eac
842 2737 915 2792 aqua
936 2725 999 2790 isto,
1022 2725 1096 2779 sitiet
1146 2722 1254 2779 ditione
1267 2723 1442 2780 miscemus?

277 2818 397 2872 iterum:
412 2818 564 2886 quioutem
580 2815 675 2870 biberit
690 2831 969 2886 cauquopuameao
987 2816 1094 2880 dedero,
1116 2805 1119 2812 ’
1181 2817 1211 2872 ll.
1237 2817 1336 2874 Beatus
1360 2834 1476 2891 quoque
1496 2819 1640 2891 apostolus
1666 2820 1782 2890 Paulus,
1802 2837 1817 2875 a
1839 2818 1943 2876 Domino

277 2911 426 2965 6611611161
448 2911 478 2963 ia
501 2907 752 2981 616666611666,
775 2925 811 2976 iv,
837 2911 879 2978 13,
905 2909 959 2979 ii).
983 2909 1045 2974 Quo
1069 2915 1097 2965 et
1146 2910 1292 2966 616616661
1306 2910 1407 2967 missus
1421 2917 1449 2969 et
1463 2912 1635 2985 predicator
1649 2913 1776 2970 veritatis
1790 2911 1944 2984 evangelice

277 3003 373 3075 ipsum
386 3001 667 3074 baptismaselutaris
681 3017 764 3074 aquae
780 3001 1005 3074 significaturll,
1019 3002 1096 3074 quod
1145 3003 1323 3075 constitutus,
1345 3005 1407 3061 haec
1429 3005 1529 3061 eadem
1553 3006 1582 3063 in
1602 3006 1728 3080 Epistola
1748 3023 1800 3063 sua
1813 3005 1889 3078 ponit
1908 3003 1944 3060 di·

279 3097 369 3152 66661
390 3096 498 3152 66111661
518 3095 653 3165 sumitur,
667 3112 720 3150 nec
739 3111 836 3152 rursus
857 3096 984 3152 iteratur.
1007 3097 1093 3152 Caete-
1146 3112 1211 3152 cens
1224 3097 1247 3132 ⁵⁹
1264 3115 1271 3152 :
1287 3099 1415 3154 Dominus
1432 3102 1510 3156 iesus
1526 3101 1555 3155 iri
1573 3117 1627 3172 pua
1649 3107 1725 3158 nocte
1744 3101 1897 3158 tradebatur
1911 3115 1946 3154 ac·

279 3205 344 3245 rum
360 3190 430 3246 calix
454 3147 1215 3262 [16616116116616616661666661611116661066611
1246 3207 1355 3263 panem,
1385 3199 1411 3248 et
1442 3196 1547 3264 pratias
1578 3196 1672 3263 eptt⁸⁰
1687 3194 1743 3266 (11)
1771 3201 1796 3252 61
1826 3197 1904 3263 {repit
1926 3197 1947 3248 et

279 3283 398 3339 bibitur.
1146 3285 1219 3340 dicit
1234 3304 1243 3340 .·
1258 3287 1313 3342 1166
1337 3290 1378 3343 est
1403 3303 1499 3358 corpus
1522 3303 1610 3344 meum
1636 3289 1710 3360 quod
1731 3305 1783 3360 pra
1806 3289 1945 3345 66116166-

977 3454 1083 3521 Variae
1103 3454 1274 3520 lectiones.

312 3598 333 3636 ³⁸
356 3600 414 3651 lllis
438 3610 540 3664 equam
563 3597 628 3648 itud.
650 3599 674 3658 1,
698 3598 721 3648 1.
746 3597 823 3648 dior.
850 3599 906 3648 liin.
934 3600 988 3650 Nc.
1016 3603 1037 3651 1.
1073 3603 1093 3635 ⁵³
1115 3600 1228 3666 bibetis,
1251 3601 1329 3667 plebs
1353 3603 1415 3654 Bod.
1440 3604 1462 3654 l.
1503 3604 1524 3637 ⁵⁴
1550 3604 1581 3656 Si
1605 3607 1636 3656 ut
1659 3604 1795 3669 scriptum
1821 3607 1862 3655 661
1888 3603 1946 3654 lam.

280 3675 300 3708 ⁵⁵
323 3672 458 3736 Loquitur
480 3674 507 3722 et
525 3669 592 3720 dicit
613 3669 682 3719 tam.
725 3668 745 3704 ⁸⁸
766 3668 961 3734 Significatum
984 3670 1047 3721 bad.
1070 3672 1095 3723 3.
1138 3671 1158 3705 ⁵⁷
1179 3672 1321 3724 Debemus
1341 3674 1396 3724 Nc.
1421 3674 1446 3724 1.
1488 3673 1768 3726 111166616661166.
1793 3674 1817 3735 3,
1838 3675 1860 3724 i.
1881 3671 1947 3722 litor.

280 3745 334 3795 ivd.
349 3745 373 3805 l,
389 3745 413 3794 1.
435 3743 493 3794 iia.
525 3741 547 3777 ⁵⁸
570 3741 651 3792 Ponit
672 3743 699 3792 et
719 3740 788 3792 dicit
809 3741 880 3791 Lam.
902 3741 963 3793 Ded.
988 3745 1011 3805 1,
1036 3741 1060 3793 1.
1094 3743 1116 3776 11
1137 3742 1247 3796 Gratias
1271 3747 1327 3810 egit
1347 3749 1376 3796 61
1398 3745 1468 3794 Lam.
1490 3744 1566 3796 libor.
1589 3746 1645 3797 NG.
1668 3747 1692 3808 1,
1714 3745 1739 3796 1.
1766 3747 1857 3809 agens
1879 3743 1948 3808 tregit

281 3819 310 3868 οἱ
326 3816 406 3867 eam.
936 3874 1047 3958 Stepb.
1071 3875 1193 3941 Baluzii
1214 3882 1316 3942 notai.

281 4049 446 4112 scripturam
460 4049 586 4098 veterum
608 4043 762 4097 editionum
779 4048 807 4097 et
821 4049 948 4098 veterum
963 4045 1098 4098 librorum
1148 4047 1294 4099 codicibus
1308 4047 1440 4113 antiquis.
1928 4109 1932 4120 ¹

280 4123 448 4181 nostrorum,
470 4118 574 4183 quibus
597 4118 777 4168 consentiunt
796 4117 879 4168 etiain
909 4118 1014 4182 aliquot
1042 4119 1099 4169 Aii-
1180 4119 1228 4183 (18)
1242 4120 1455 4170 Nouumoinum.
1471 4117 1532 4170 Vox
1548 4118 1639 4170 uinum
1661 4116 1741 4168 deest
1762 4117 1792 4167 iii
1813 4111 1948 4178 Evangelio

282 4191 393 4258 gticani.
408 4190 438 4239 lii
452 4189 608 4241 Veronensi
622 4191 757 4253 scriptum
775 4192 834 4240 erat
846 4189 1019 4254 predicatur.
1147 4190 1281 4255 Matthaei,
1297 4191 1370 4254 apud
1380 4191 1585 4256 Hieronymum
1604 4190 1633 4239 16
1650 4189 1733 4240 111616
1744 4186 1901 4255 questionis
1913 4195 1949 4233 se·

314 4263 362 4325 (11)
391 4259 527 4312 Findetur.
554 4259 689 4322 Quemvis
723 4262 809 4311 sciam
836 4273 934 4311 omnes
962 4259 1099 4313 editiones
1148 4263 1248 4314 cundae
1263 4263 1300 4314 od
1314 4263 1460 4326 deditioni,
1474 4263 1503 4313 iii
1526 4261 1658 4314 undecim
1673 4259 1822 4313 codicibus
1833 4256 1948 4318 antiquis,

281 4338 308 4382 et
321 4345 419 4383 omnes
440 4329 497 4381 iere
521 4333 627 4380 veteres
648 4330 734 4380 libros
758 4329 861 4381 babere
875 4330 1000 4393 findetur,
1016 4331 1098 4383 facile
1148 4339 1176 4386 et
1188 4336 1216 4384 iii
1238 4335 1410 4387 editionibus
1427 4335 1544 4386 Menutii
1565 4337 1593 4384 et
1613 4332 1740 4384 llereltil.
1762 4333 1864 4383 Deasse
1878 4327 1949 4379 etiem

282 4403 466 4468 Drffiiullsffiffl
487 4401 635 4452 Ῑθθῑῑθῦθω
656 4400 803 4462 Fu¹0ss⁸l⁸i
830 4402 859 4450 ¹1¹
883 4415 938 4465 (1¹¹0
964 4404 1098 4466 scriplum
1147 4411 1256 4458 constat
1272 4409 1301 4458 iii
1318 4421 1420 4459 novem
1439 4407 1611 4472 anglicanis.
1635 4405 1731 4456 Lectio
1757 4403 1875 4468 vulgate,
1897 4408 1950 4462 que

282 4479 324 4526 est
338 4474 484 4533 scindetur,
507 4474 572 4537 quia
597 4473 626 4523 in
648 4474 737 4537 capite
759 4485 848 4526 xcviii
869 4473 957 4536 lsaiae,
973 4473 1097 4539 adquod
1148 4479 1232 4531 habet
1250 4494 1256 4528 τ
1273 4479 1338 4530 Cum
1366 4479 1433 4530 illud
1456 4476 1693 4540 bibam2cohiscuin
1719 4489 1818 4526 nmium
1837 4475 1864 4524 iii
1881 4480 1950 4533 repca

281 4546 393 4611 respicit
405 4545 551 4606 biclocus‚
566 4544 687 4610 legitur:
704 4547 807 4610 Aeriam
822 4545 853 4596 de
874 4549 951 4610 petra
972 4517 1137 4608 mareuil)
1149 4550 1308 4613 Patrismei,
1331 4551 1420 4614 magis
1443 4551 1549 4615 placuit
1570 4548 1701 4610 Pamelio,
1726 4547 1777 4613 qui
1797 4546 1907 4597 testatus
1917 4541 1951 4590 est

282 4620 329 4676 eis,
340 4625 363 4668 et
373 4616 450 4669 scidit
463 4621 576 4681 petram,
591 4622 615 4668 et
632 4617 769 4681 {iecerunt
780 4629 864 4682 apiae¹
884 4619 920 4668 At
941 4630 1006 4667 cum
1021 4617 1098 4669 vida·
1149 4635 1179 4673 se
1197 4634 1258 4672 666
1273 4622 1413 4673 invenisse
1425 4622 1454 4672 iii
1467 4621 1564 4673 codice
1578 4619 1778 4683 affligemensi.
1798 4615 1878 4681 Apud
1893 4613 1951 4689 Var-

282 4705 341 4743 rein
361 4691 391 4739 in
408 4687 479 4739 libro
502 4701 615 4754 quoque
634 4691 722 4753 primo
744 4689 972 4750 Testimoniorum,
984 4702 1043 4754 cap.
1062 4690 1098 4753 11,
1149 4705 1255 4754 ronam,
1272 4692 1343 4744 libro
1356 4705 1375 4744 v
1389 4695 1421 4744 de
1435 4694 1539 4758 ti'apua
1562 4691 1659 4742 Latina
1685 4705 1693 4738 :
1716 4689 1819 4741 Nouum
1836 4689 1951 4735 661666-

281 4765 417 4828 scriptuin
429 4771 489 4810 6666
500 4760 624 4823 findetur,
636 4774 694 4811 non
708 4774 771 4812 suin
790 4773 875 4810 ausus
889 4764 1006 4811 mutare.
1148 4777 1211 4814 uum
1227 4763 1294 4817 1116.

313 4833 360 4898 (15)
383 4832 457 4882 Beati
475 4831 626 4883 esurientes.
655 4833 695 4884 116
716 4844 813 4883 66666
837 4832 973 4884 editiones
997 4836 1026 4882 61
1050 4843 1100 4882 sex
1179 4835 1228 4899 (19)
1254 4835 1358 4901 offerri.
1387 4833 1484 4887 Codex
1508 4829 1735 4886 Monesterieosls
1763 4828 1840 4880 addit
1869 4829 1912 4876 aut
1933 4825 1951 4870 et

280 4905 344 4955 libri
357 4906 475 4964 veteres,
488 4903 640 4967 intorques
650 4905 765 4954 nomino
776 4903 1000 4966 Seguierianum.
1014 4901 1100 4954 Recte
1149 4906 1289 4958 celebrari.

281 4975 414 5039 proiecto.
441 4973 509 5024 Nam
534 4975 562 5023 iii
586 4975 657 5025 libro
683 4987 712 5025 iii
739 4974 965 5037 Testimoniorum,
989 4985 1049 5037 cap.
1075 4975 1099 5036 t,
1191 4978 1229 5052 16)
1255 4979 1285 5030 si·
1305 4979 1486 5030 (1661161666.
1517 4975 1614 5028 Codex
1637 4973 1785 5035 Forensis,
1807 4971 1860 5022 nisi
1876 4967 1952 5016 einum

282 5047 403 5109 legitur:
422 5045 496 5095 Beati
505 5045 551 5109 qui
562 5046 682 5096 66661661
695 5045 848 5109 iustitiam
870 5045 920 5096 ubl
937 5045 1023 5097 editio
1042 5047 1101 5096 Aii-
1149 5054 1181 5094 ca
1194 5042 1226 5092 ici
1242 5042 1393 5092 misceatur.
1740 5106 1746 5118 ι
1849 5103 1854 5114 1
1870 5101 1874 5114 Ι

283 5119 391 5182 glicerio
403 5121 498 5168 monet
512 5119 646 5180 scriptum
656 5130 717 5168 esse
736 5118 764 5167 iii
786 5121 850 5168 octo
867 5116 1013 5169 codicibus
1028 5119 1099 5168 anti·
1181 5113 1229 5176 (11)
1244 5112 1354 5164 Gratias
1370 5109 1798 5177 6611116666116611666666
1813 5103 1952 5156 editionum

284 5190 348 5253 quis
375 5204 380 5236 :
403 5188 478 5238 Beati
500 5189 640 5239 esurientes
667 5192 691 5237 et
723 5187 847 5239 sitientes.
884 5187 1100 5240 admonendum
1150 5197 1213 5250 quse
1229 5185 1417 5236 Pamelianam
1439 5185 1658 5234 antecesserunt.
1677 5177 1952 5250 Pameliusautamex

286 5263 380 5309 16666
405 5259 563 5311 existimavi
586 5258 684 5310 decem
712 5260 827 5324 antiqua
853 5260 1022 5325 exemplaria
1039 5259 1101 5311 istic
1150 5257 1236 5307 unico
1247 5257 1346 5308 codice
1361 5253 1580 5308 camberonensi
1594 5251 1711 5302 mutavit
1722 5252 1751 5333 et
1764 5247 1848 5299 edidit
1861 5246 1953 5328 pretias

284 5323 423 5398 praeieris,
438 5331 512 5381 Danti
530 5330 646 5381 sitientes
658 5335 680 5380 et
692 5332 844 5381 esurientes.
1151 5341 1231 5394 aperte
1243 5329 1334 5392 [repit.
1351 5327 1414 5391 Quo
1428 5327 1510 5379 eiiam
1526 5322 1609 5375 modo
1626 5335 1677 5373 666
1697 5325 1832 5385 seriptum
1845 5315 1954 5366 vidimus

316 5402 364 5464 (16)
381 5403 473 5452 Hiemi
488 5401 1007 5454 661611666611661166661661666
1025 5405 1101 5453 vete·
1151 5403 1181 5452 lii
1195 5399 1322 5463 Eligiano
1345 5403 1373 5451 et
1387 5400 1415 5448 16
1434 5396 1566 5449 11666661
1589 5395 1678 5446 666611
1696 5391 1832 5456 Dionysii.
1850 5391 1953 5468 ittciiiii¹

284 5487 347 5526 mm
375 5473 584 5537 exemplarium.
610 5473 675 5524 'iria
698 5476 792 5524 tamen
811 5476 906 5526 vetera
928 5479 956 5524 et
979 5475 1101 5538 antiquie
1151 5483 1249 5524 omues
1271 5471 1328 5521 iere
1347 5469 1410 5519 libii
1434 5469 1521 5518 nostri
1538 5471 1647 5519 veteres
1665 5467 1693 5516 et
1712 5464 1797 5514 61166
1820 5458 1954 5538 anglicam

284 5545 421 5598 editiones
436 5545 588 5609 preferant
606 5545 661 5596 Hoc
683 5550 720 5596 cst
742 5545 821 5596 enim.
839 5545 902 5609 Quo
916 5545 1000 5596 etiam
1018 5545 1102 5595 niodo
1150 5541 1299 5606 pretereat
1316 5541 1466 5592 lectionem
1479 5551 1564 5604 quein
1586 5537 1725 5588 Pamellua
1747 5525 1954 5610 6616611666ῑί-

284 5617 415 5669 Nicotaus
429 5615 518 5668 Faber
535 5615 564 5665 in
581 5615 705 5680 margine
723 5617 890 5682 exemplaris
907 5617 951 5668 sul
972 5616 1102 5667 editionis
1151 5613 1290 5664 movimus
1302 5611 1378 5663 illam
1391 5623 1452 5663 esse
1471 5607 1668 5671 revocandam,
1688 5603 1953 5686 Sedsivehoe,s1vt

283 5688 451 5742 Pameliense
466 5687 609 5738 adnotavit
630 5699 661 5738 66
674 5687 776 5752 legisse
791 5688 820 5738 iii
844 5688 1031 5740 vetustissima
1046 5685 1103 5738 edi·
1152 5684 1207 5735 6116
1220 5681 1569 5750 661616866666666661
1583 5681 1658 5733 1666
1667 5695 1673 5730 :
1683 5679 1810 5744 adeoque
1822 5667 1955 5726 retinenda

284 5762 359 5814 tione
373 5757 672 5824 quamlpaebabebet.
1152 5757 1302 5807 eratvetus
1318 5754 1412 5807 lectio.

317 5831 446 5902 (11111661
474 5831 630 5884 tutamenti.
653 5829 714 5882 Vox
733 5831 794 5882 noui
816 5830 893 5884 deest
922 5831 952 5882 lii
969 5830 1101 5883 tredecim
