4076 6190
233 269 267 322 vt
910 265 983 322 VlTA
1003 266 1030 322 S.
1052 265 1219 322 CYPRIANI.
1876 267 1910 318 to

233 389 323 446 ruisse
336 387 409 444 vitiis
422 403 486 460 quae
500 403 565 444 cum
578 385 796 444 simulacrorum
810 387 887 443 cultu
902 390 930 443 et
942 387 1044 444 Christi
1054 403 1084 477 Α
1094 387 1225 445 Eudueia.
1254 389 1394 444 Preterea
1415 389 1481 442 ante
1505 385 1558 442 hoc
1580 401 1651 457 opus
1670 384 1773 459 scripta
1795 386 1911 442 lucrant

233 481 416 554 ignoratione
439 480 592 552 conjuncta
615 496 675 536 esse
700 481 802 537 solent.
824 501 838 530 (ι
861 482 958 538 blutati
979 486 1045 537 sunt
1097 487 1161 538 acta
1182 481 1299 538 iustine
1323 486 1351 537 et
1374 479 1520 552 Cypriani,
1544 483 1575 534 ut
1599 477 1736 535 discimus
1758 496 1793 534 ex
1814 479 1910 537 libello

233 576 397 647 piscatores,
418 595 431 622 n
454 573 548 646 inquil
572 575 692 646 August.
712 589 798 630 serm.
817 577 864 632 etl
889 575 963 645 (nov.
978 575 1045 646 ed),
1096 575 1132 631 de
1145 575 1295 647 utriusque
1305 575 1448 646 passione.
1463 577 1492 628 2⁰
1502 573 1642 632 Credibile
1654 589 1711 628 non
1722 578 1762 629 est
1771 573 1910 644 ejusmodi

236 689 250 718 a
263 667 363 722 mutati
376 670 442 722 sunt
458 672 556 738 postea
571 667 657 723 etiam
677 668 794 739 plurimi
815 674 966 736 senatores,
981 685 1044 724 mu·
1097 666 1910 739 monumentaadresCyprianiCarthaginensisornandas

233 765 308 816 tatus
331 765 374 814 est
395 760 560 833 Cyprianus,
584 760 665 832 cujus
691 761 776 816 hodie
800 763 967 817 memoriam
989 763 1045 818 fre·
1096 762 1271 829 lictaiuisse,
1286 761 1432 834 inquibus
1451 760 1523 816 nihil
1543 764 1607 816 erat
1625 760 1742 816 omnino
1763 760 1842 831 quod
1855 764 1909 832 Cy·

234 858 406 925 quentamus
410 895 462 909 .....
492 856 552 925 lpse
583 853 690 924 scribit,
717 855 778 926 ipse
811 858 935 911 testatur
967 856 1047 926 cujus
1096 855 1198 928 priano
1221 854 1439 927 Carthaginensi
1458 854 1550 926 aptari
1570 859 1686 925 posset;
1709 867 1768 908 non
1784 857 1909 926 tempus,

233 947 296 1003 vitas
309 947 395 1002 luerit
408 946 569 1018 aliquando,
582 963 667 1019 quam
690 948 819 1018 nefarius,
834 965 922 1020 quam
939 949 1045 1021 impias,
1096 965 1155 1006 non
1174 950 1253 1005 locus
1275 947 1405 1019 martyrii
1425 950 1456 1002 et
1476 947 1664 1018 episcopatus,
1683 963 1741 1002 non
1761 961 1805 1002 res
1823 950 1910 1018 gesta

233 1057 319 1113 quem
338 1040 535 1112 improbandas
559 1055 591 1094 ac
617 1039 800 1097 detestandae.
824 1062 838 1092 n
859 1043 1047 1114 Nequaquam
1097 1049 1125 1099 et
1136 1042 1393 1114 peregrinationes.
1409 1043 1439 1096 3ο
1460 1040 1490 1097 si
1509 1040 1604 1096 nullus
1624 1040 1775 1096 exstitisset
1793 1039 1909 1111 Cypria-

234 1133 370 1190 tamenin
386 1133 558 1206 Cyprianum
573 1137 703 1190 nostrum
716 1135 1047 1208 conveniuntquaeapud
1097 1153 1150 1191 nus
1173 1136 1220 1191 ille
1243 1135 1441 1203 Antiochcnus,
1457 1133 1506 1206 qui
1527 1150 1593 1188 cum
1611 1131 1720 1188 lustina
1741 1149 1840 1204 passus
1860 1133 1909 1186 Ni-

233 1227 402 1299 Gregorium
414 1227 624 1284 Nazianzenum
637 1227 673 1282 de
686 1227 828 1300 cypriano
844 1229 964 1301 magicis
977 1229 1045 1284 arti·
1097 1228 1234 1286 comedia
1257 1227 1370 1297 dicitur,
1392 1226 1537 1300 quomodo
1559 1227 1595 1281 de
1620 1226 1769 1298 utriusque
1792 1225 1910 1282 nomine

232 1322 286 1378 bus
301 1327 366 1378 ante
380 1321 595 1376 conversionem
610 1320 706 1377 dedito
722 1321 843 1393 legimus
857 1321 886 1377 in
900 1327 972 1378 orat.
991 1325 1023 1377 l8
1037 1339 1044 1377 ε
1097 1323 1156 1378 dies
1170 1322 1259 1378 festus
1272 1323 1375 1377 saeculo
1395 1324 1498 1393 quarto
1517 1321 1546 1375 iu
1560 1321 1619 1374 loca
1632 1319 1806 1375 Nicomediae
1820 1319 1911 1374 vicina

232 1415 415 1487 perspicuum
438 1417 481 1468 est
504 1413 564 1469 baec
583 1414 617 1469 ad
642 1415 814 1486 Cyprianum
836 1414 1047 1470 Antiochenam
1097 1414 1204 1484 induci,
1233 1415 1380 1487 quomodo
1412 1414 1559 1486 utriusque
1590 1415 1669 1468 lama
1701 1413 1830 1468 omnium
1863 1428 1910 1467 ore

159 1503 171 1528 ’
232 1509 385 1579 respicere,
400 1521 487 1578 quem
503 1507 654 1578 Gregorius
668 1523 734 1563 cum
748 1507 964 1580 Carthaginensi
979 1525 1046 1564 con·
1096 1507 1236 1564 celebrari
1257 1508 1372 1580 potuit‘l
1393 1506 1465 1562 illud
1488 1510 1585 1562 autern
1605 1521 1640 1562 ex
1662 1506 1794 1561 oratione
1821 1507 1853 1561 le
1878 1504 1908 1561 S.

231 1600 335 1668 fundit,
353 1615 440 1654 unam
464 1616 498 1654 ex
518 1600 627 1655 duabus
644 1616 797 1672 personam
821 1601 974 1674 ellingens.
991 1602 1047 1658 Sed
1097 1601 1228 1674 Gregorii
1240 1603 1317 1670 aaz,
1332 1617 1396 1674 quae
1409 1600 1503 1656 habita
1525 1605 1566 1656 est
1587 1597 1838 1671 Constantinopoli,
1851 1615 1910 1654 non

231 1695 341 1762 tarnen,
358 1694 424 1766 quia
436 1693 563 1748 eruditus
575 1692 739 1749 oxoniensis
750 1694 846 1750 editor
861 1711 950 1750 uuum
964 1695 1047 1750 exsti·
1097 1695 1214 1752 obscure
1238 1694 1416 1767 perspicitur,
1439 1693 1611 1766 Cyprianum
1638 1692 1730 1761 illum,
1750 1692 1829 1763 cujus
1850 1693 1910 1748 dies

232 1787 298 1842 tisse
319 1787 490 1857 Cyprianum
510 1787 666 1856 contendit,
681 1790 710 1841 et
729 1803 792 1859 quae
812 1787 848 1843 de
869 1788 1046 1846 Antiocheno
1056 1771 1085 1844 Β
1096 1789 1185 1845 festus
1196 1789 1344 1861 agebatur,
1356 1804 1411 1844 non
1422 1787 1690 1859 Carthaginensem,
1702 1785 1750 1842 sed
1763 1786 1910 1842 Antioche-

230 1879 401 1934 ierunturin
414 1879 672 1948 lalrulisnumeral,
683 1881 752 1936 etad
764 1881 1046 1954 resCarthaginensis
1096 1899 1166 1938 num
1179 1897 1247 1938 csse.
1262 1883 1330 1936 Nam
1347 1881 1471 1953 magicas
1486 1886 1561 1936 artes
1584 1884 1612 1936 et
1639 1881 1864 1948 conversionem,
1880 1882 1911 1934 ut

231 1971 375 2028 ornandas
395 1973 549 2043 composita
569 1973 654 2028 luisse
676 1975 856 2045 pronuntiat,
870 1992 927 2031 non
945 1976 1045 2033 inutile
1095 1976 1254 2048 praecipuos
1266 1973 1340 2030 iliius
1355 1973 1420 2030 vitm
1439 1977 1468 2030 et
1488 1974 1649 2030 notissimos
1668 1979 1787 2030 eventus
1805 1971 1908 2044 praedi·

232 2065 344 2122 ridetur
356 2081 417 2121 rem
429 2067 589 2137 explorare.
1096 2072 1140 2126 cat
1153 2069 1315 2142 Gregorius,
1330 2068 1371 2123 ita
1390 2071 1421 2124 ut
1441 2067 1551 2124 dubitet
1572 2084 1608 2122 an
1631 2067 1781 2140 quisquam
1803 2083 1838 2124 ex
1858 2081 1907 2120 au-

267 2160 337 2214 illud
361 2163 390 2214 l⁰
414 2160 514 2232 negari
533 2177 591 2216 non
610 2163 713 2232 potest,
733 2177 778 2216 res
799 2164 892 2236 gestas
913 2162 1045 2236 Cypriani
1095 2163 1236 2220 dientibus
1263 2178 1309 2218 res
1334 2161 1409 2216 illius
1435 2166 1530 2232 gestas
1550 2161 1665 2232 ignoret
1680 2161 1719 2233 (p.
1739 2162 1812 2228 277).
1835 2158 1908 2223 Quin

230 2251 402 2308 Antiocheni
443 2254 640 2314 vetustissimis
679 2256 874 2311 monumentis
917 2257 1045 2328 proditas
1095 2257 1202 2325 etiam,
1229 2243 1306 2328 quod
1331 2255 1370 2312 ait
1396 2255 1571 2327 Cyprianum
1599 2259 1663 2326 post
1695 2253 1908 2308 conversionem

231 2347 330 2402 luisse.
348 2347 427 2401 illum
442 2347 568 2402 Eudocia
584 2348 753 2419 imperatrix
772 2349 887 2404 eximiis
905 2350 1043 2419 versibus,
1094 2351 1200 2406 lactum
1229 2363 1288 2404 csse
1310 2349 1459 2416 adituum,
1484 2348 1512 2404 id
1539 2365 1569 2403 se
1595 2364 1626 2404 ex
1652 2346 1747 2418 aliquo
1769 2346 1908 2402 audivisse

231 2435 302 2494 teste'
326 2439 426 2495 Pbotio
453 2438 530 2508 (Cod.
553 2441 625 2508 let),
648 2441 812 2497 celebravit.
834 2441 911 2513 Opus
931 2443 960 2498 in
987 2447 1044 2498 tres
1094 2447 1214 2499 testatur
1228 2445 1267 2513 (p,
1281 2442 1354 2514 281).
1371 2441 1519 2498 Probabile
1532 2447 1646 2498 nonest
1660 2441 1834 2512 Cyprianum
1846 2440 1909 2494 Car-

231 2532 318 2590 libros
332 2531 452 2588 divisum
465 2536 546 2600 erat;
565 2550 687 2606 quorum
705 2535 814 2607 primus
832 2536 950 2592 tustinae
972 2555 1040 2594 con·
1094 2542 1295 2613 thaginensem
1310 2540 1383 2596 adeo
1398 2545 1496 2595 notum
1512 2540 1556 2594 his
1573 2538 1602 2594 in
1621 2537 1787 2609 regionibus
1808 2537 1906 2606 luisse,

231 2625 391 2680 versionem
406 2631 435 2681 et
453 2626 590 2681 invictam
606 2643 623 2682 a
642 2627 821 2683 damonibus
835 2629 1042 2700 virginitatem,
1093 2637 1250 2708 praesertim
1266 2651 1298 2690 ex
1311 2633 1396 2689 rebus
1409 2634 1444 2688 ad
1462 2649 1528 2687 eum
1545 2631 1664 2688 minime
1684 2631 1906 2703 pertinentibus,

231 2733 263 2772 ac
276 2717 363 2788 ipsius
378 2717 465 2774 etiarn
479 2720 612 2790 Cypriani
624 2725 689 2792 post
700 2721 770 2775 artis
783 2722 903 2794 magicas
916 2723 1044 2778 facinora
1093 2734 1125 2783 ut
1136 2728 1306 2799 Gregorium
1324 2727 1425 2782 incolae
1443 2725 1595 2781 edocerent
1604 2743 1613 2795 3
1629 2725 1679 2780 sed
1698 2725 1758 2779 bec
1780 2724 1860 2778 lama
1880 2729 1909 2778 et

232 2810 392 2866 mirabilem
411 2812 632 2880 conversionem,
645 2813 829 2884 baptismum,
847 2815 957 2871 ostiarii
977 2831 1041 2870 mu·
1094 2821 1154 2877 dies
1167 2821 1256 2876 festus
1270 2820 1305 2875 ad
1318 2820 1404 2877 alium
1421 2819 1525 2874 debent
1537 2818 1647 2874 referri.

233 2918 297 2970 nus,
315 2903 451 2960 miracula
469 2921 501 2960 ac
515 2905 634 2960 tandem
651 2906 849 2978 episcopatum
870 2909 1041 2964 continebat.
1128 2915 1230 2985 Oby'icit
1251 2913 1343 2969 Fellus
1364 2912 1394 2968 S.
1415 2912 1584 2984 Gregorium
1605 2915 1664 2966 tam
1687 2911 1840 2967 oscitanter
1862 2926 1906 2965 er-

232 2998 263 3052 in
285 2997 342 3053 alio
360 2997 421 3069 ipse
446 2998 603 3070 Cyprianus
626 3005 778 3056 eventuum
800 3019 915 3057 suorum
939 3003 1042 3058 seriem
1092 3023 1156 3064 rare
1170 3023 1229 3063 non
1245 3007 1382 3079 potuisse,
1398 3011 1430 3062 ut
1443 3005 1607 3078 episcopum
1618 3005 1829 3060 Antiochenam
1841 3019 1907 3059 cum

232 3091 358 3162 texebat,
381 3096 411 3147 et
425 3092 552 3164 magicas
572 3097 647 3148 artes
669 3095 772 3165 quibus
794 3102 823 3150 et
845 3111 906 3152 sese
929 3096 990 3168 ipse
1014 3100 1043 3152 et
1093 3099 1311 3174 Carthaginensi
1334 3099 1539 3169 confunderet5
1567 3114 1663 3170 neque
1690 3099 1766 3154 enim
1793 3097 1815 3152 si
1841 3113 1907 3152 vera

231 3184 301 3239 alios
322 3185 352 3239 in
373 3185 465 3239 varias
487 3186 592 3240 formas
611 3191 782 3255 mutaverat,
799 3190 1044 3261 peregrinationes
1092 3195 1246 3250 exstitisset
1268 3194 1423 3266 Cyprianus
1438 3193 1486 3248 ille
1506 3191 1661 3248 Antiochiae
1683 3191 1841 3264 episcopus,
1857 3192 1907 3263 qui
1931 3226 1934 3234 ·

231 3292 264 3332 ac
287 3278 404 3332 tandem
430 3277 547 3333 nefariae
573 3279 642 3334 artis
665 3279 831 3348 fastidium,
861 3289 889 3338 et
913 3285 1043 3340 animum
1093 3287 1263 3344 Nicomediae
1284 3303 1383 3358 passus
1403 3285 1600 3357 dicitur,nihil
1620 3285 1654 3340 do
1675 3284 1722 3339 illo
1740 3284 1776 3340 ad
1798 3283 1906 3356 Grego-

230 3386 265 3424 ex
284 3371 491 3440 desparatione,
515 3387 601 3444 quam
623 3373 796 3430 conscientia
818 3377 959 3432 scelerum
980 3377 1043 3448 inji·
1093 3381 1128 3438 rii
1140 3397 1223 3436 sures
1241 3384 1445 3452 perventurum
1455 3379 1551 3446 luisse,
1562 3377 1612 3450 qui
1622 3385 1650 3433 et
1666 3381 1776 3449 apatre
1789 3393 1835 3432 res
1848 3385 1908 3432 tam

230 3461 333 3531 ciebat,
348 3462 385 3517 ad
397 3478 478 3535 spem
497 3464 700 3521 misericordias
716 3467 817 3522 divinas
832 3485 917 3540 opera
931 3470 1045 3526 Eusebii
1094 3475 1236 3530 mirabiles
1252 3481 1366 3529 mature
1380 3473 1489 3529 discere
1503 3473 1609 3543 debuit,
1627 3478 1655 3527 et
1671 3488 1723 3543 per
1741 3487 1770 3526 sc
1782 3471 1844 3543 ipse
1857 3471 1907 3526 Ni·

230 3561 395 3611 revocatum
415 3557 558 3612 narrabat.
578 3559 609 3614 ln
628 3560 712 3614 tortio
733 3560 856 3634 denique
874 3565 1044 3635 martyrium
1094 3568 1252 3624 comediam
1282 3573 1311 3623 et
1336 3567 1400 3623 loca
1426 3565 1517 3622 vicina
1543 3565 1700 3637 pervadens
1726 3579 1907 3636 cognoscere.

231 3647 347 3703 tustinus
369 3655 398 3704 et
420 3650 552 3722 Cypriani
574 3650 748 3724 descriptum
772 3657 841 3710 erat.
865 3657 928 3711 ilaec
949 3662 1043 3713 autem
1095 3663 1157 3730 Sed,
1174 3661 1243 3717 dum
1257 3660 1428 3732 Gregorium
1441 3661 1483 3714 vir
1496 3659 1623 3716 eruditus
1635 3658 1744 3730 culpari
1757 3673 1815 3712 non
1834 3659 1907 3730 pati-

230 3742 1044 3818 Eudociamnonadartisticentiam,sedadhistoriaesvdem
1093 3760 1149 3824 tur,
1169 3754 1245 3827 qnod
1269 3769 1358 3811 unum
1379 3769 1411 3808 ex
1433 3753 1543 3808 duobus
1566 3751 1716 3825 Cyprianis
1735 3751 1861 3821 tinxerit,
1878 3752 1909 3807 iu
2021 3799 2022 3804 .

230 3834 374 3908 scripsisse
394 3837 574 3908 perspicitur,
588 3842 650 3894 tum
664 3856 698 3896 ex
710 3844 845 3914 Gregorio
858 3845 1042 3914 Nazianzeno,
1093 3849 1180 3904 alivum
1204 3848 1281 3904 illam
1305 3847 1557 3918 reprehensionem
1580 3862 1639 3902 non
1658 3845 1749 3902 multo
1770 3845 1908 3902 leviorem

231 3931 280 4002 qui
300 3930 433 4001 scriptam
448 3930 483 3985 ab
503 3931 563 4003 ipso
578 3932 718 4004 Cypriano
738 3937 876 3991 scelerum
892 3938 1042 3996 coulessio-
1094 3942 1215 4013 conjicit,
1237 3943 1314 4014 quod
1337 3941 1374 3996 ad
1396 3941 1569 4012 Cyprianum
1588 3939 1844 4010 Carthaginensem
1864 3955 1908 3994 re·

232 4039 299 4079 nem
314 4023 392 4092 citat,
408 4027 436 4080 et
450 4025 547 4080 eadem
566 4041 599 4080 ac
613 4027 734 4084 Eudocia
748 4029 783 4087 de
795 4029 845 4086 illo
865 4047 1042 4088 commemo·
1094 4034 1191 4090 tulerit
1206 4038 1396 4090 monumenta
1414 4033 1489 4089 illius
1507 4033 1586 4088 aetati
1608 4037 1637 4087 et
1655 4031 1754 4104 patrias
1774 4037 1803 4086 et
1823 4030 1909 4087 rebus

231 4120 275 4172 rat
288 4114 353 4189 76
368 4121 440 4172 orat.
459 4121 502 4186 ra,
517 4124 577 4174 tum
596 4135 629 4176 ex
647 4121 748 4193 triplici
762 4131 950 4181 monumento
965 4127 1043 4199 quod
1094 4129 1179 4201 gestis
1201 4128 1404 4200 repugnantia.
1418 4127 1602 4182 verisimilior
1625 4125 1696 4180 mihi
1716 4125 1827 4181 videtur
1845 4124 1909 4181 haea

231 4210 336 4265 eruditi
357 4210 535 4282 antiquitatis
551 4213 733 4285 indagatores
749 4216 779 4271 D.
794 4217 1042 4275 Edmundusiiar-
1093 4223 1167 4280 illius
1189 4221 1342 4278 excusandi
1366 4222 1464 4276 ratio:
1486 4237 1550 4275 cum
1575 4221 1602 4275 ei
1628 4234 1726 4276 recens
1748 4219 1909 4275 admodum

231 4309 298 4360 tene
312 4307 341 4358 et
352 4304 384 4359 b.
399 4304 517 4359 Ursinus
531 4306 644 4362 Durand
661 4307 691 4362 in
700 4325 751 4364 suo
767 4312 964 4369 Anecdotorum
975 4315 1042 4370 Tbe-
1094 4333 1159 4372 cum
1186 4317 1220 4372 iis
1242 4333 1312 4388 quos
1331 4314 1484 4387 alloquitur
1507 4314 1698 4370 intercederet
1719 4314 1908 4381 cousuetudo,

229 4413 312 4452 sauro
337 4396 508 4466 ediderunt,
537 4415 641 4471 nempe
671 4401 847 4460 Conuersione
872 4409 988 4463 lustina
1018 4415 1044 4464 ct
1095 4410 1156 4484 77
1173 4414 1202 4467 et
1220 4417 1284 4483 post
1302 4411 1413 4482 aliquot
1429 4409 1542 4464 dierum
1560 4423 1702 4464 secessum
1721 4410 1910 4479 attemperate

231 4489 375 4561 Cycneae,
391 4491 563 4560 Consortium
580 4493 700 4562 ejusdem
721 4496 864 4568 Cypriani,
884 4515 917 4555 ac
937 4500 1130 4575 utrius-Dad
1155 4505 1247 4576 ipsum
1270 4504 1347 4561 diem
1372 4505 1476 4560 lestum
1496 4502 1635 4572 rediisset,
1658 4506 1689 4557 ut
1708 4502 1770 4574 ipse
1787 4503 1910 4558 testatur

230 4601 285 4657 qne
304 4586 439 4640 Passieno.
460 4586 505 4642 Sic
524 4603 591 4642 cum
608 4586 738 4645 Eudoeiae
757 4592 884 4648 versibus
903 4597 1045 4650 consentit
1094 4605 1134 4674 (p.
1148 4603 1223 4672 275),
1237 4603 1305 4658 satis
1319 4603 1441 4674 proclive
1460 4601 1515 4657 fuit
1532 4602 1561 4656 in
1580 4604 1641 4658 tam
1660 4599 1787 4672 angustis
1804 4601 1840 4656 ad
1861 4616 1910 4656 res

230 4677 405 4750 tripartitum
433 4678 506 4735 illud
531 4697 625 4752 opus,
654 4686 685 4737 ut
708 4683 827 4740 minime
859 4687 978 4744 dubium
1009 4689 1045 4744 sit
1093 4703 1222 4752 accurate
1244 4697 1408 4752 ediscendas
1433 4695 1532 4769 spatiis
1556 4695 1613 4750 labi
1641 4699 1670 4750 et
1696 4709 1800 4750 errare.
1827 4693 1908 4759 Quod

230 4773 300 4843 (1¹¹5ss
320 4771 662 4831 1¹¹l¹¹³¹¹¹³¹lib¹¹⁵listum
685 4777 780 4835 fuerit·
800 4780 868 4845 Quis
887 4797 955 4853 ergo
976 4799 1043 4839 eum
1092 4795 1188 4846 autem
1220 4791 1260 4845 ait
1289 4791 1365 4846 idem
1399 4790 1512 4858 Fellus,
1551 4789 1662 4844 trullum
1696 4789 1771 4844 inter
1807 4789 1908 4845 Antio·

228 4881 379 4936 nunquam
394 4867 535 4923 exstitisse
546 4868 598 4924 sibi
615 4872 795 4941 persuadeat,
810 4874 845 4930 de
858 4891 915 4947 quo
930 4883 1044 4934 exstant
1092 4884 1165 4940 chiae
1196 4885 1342 4956 episcopos
1374 4885 1546 4957 Cyprianum
1577 4883 1722 4950 inveniri,
1759 4881 1787 4938 id
1824 4883 1909 4939 facile

229 4965 414 5014 monumenta
431 4961 506 5015 illius
520 4964 725 5036 temporisque
741 4966 1041 5042 vixissediciturpene
1092 4979 1248 5050 expeditur.
1274 4979 1336 5034 Non
1361 4978 1437 5034 enirn
1464 4977 1621 5034 Antiochia
1655 4991 1767 5048 magna
1798 4977 1907 5048 episco-

229 5051 495 5125 esqualiaiFabula
508 5055 537 5110 in
552 5059 670 5112 remotis
685 5061 814 5116 aetatibus
828 5061 947 5119 latebras
963 5081 1041 5137 quae·
1092 5089 1144 5144 pus
1175 5073 1262 5128 fuisse
1293 5073 1450 5145 Cyprianus
1482 5073 1596 5140 dieitur,
1629 5072 1677 5127 sed
1710 5070 1844 5138 alterius,
1879 5076 1910 5126 ut

228 5148 546 5219 runt‚nscq1osquam
565 5157 622 5206 tam
644 5153 740 5224 inepte
763 5157 910 5228 mentitur,
927 5161 958 5212 ut
977 5176 1042 5232 quae
1091 5167 1222 5222 observat
1251 5166 1465 5235 Tiltemontius,
1506 5167 1535 5221 in
1568 5165 1712 5222 Phoenicia
1747 5165 1832 5236 sitas,
1872 5181 1910 5220 cx

229 5255 316 5294 nemo
338 5239 439 5295 vidisse
456 5257 486 5297 se
509 5249 558 5298 aut
579 5243 720 5302 audivisse
740 5251 881 5318 meminit,
900 5269 930 5306 ca
950 5271 1042 5325 nuper
1091 5277 1147 5332 qua
1161 5263 1330 5318 Damascum
1350 5261 1505 5332 perductus
1519 5265 1572 5331 est,
1587 5263 1644 5316 ut„
1663 5259 1759 5332 judice
1781 5259 1907 5314 interro.

227 5333 257 5388 in
269 5333 421 5390 clarissima
441 5335 503 5392 luce
522 5343 550 5392 et
571 5341 700 5395 omnium
722 5343 810 5398 oculis
829 5345 972 5402 invenisse
985 5347 1040 5402 fin-
1092 5361 1219 5427 geretur.

227 5429 286 5498 8³2·
302 5430 388 5484 P⁰sf⁰
400 5429 506 5486 sistetur
517 5433 577 5504 59³⁰
597 5435 697 5504 Fellus,
716 5437 761 5491 01¹1
781 5441 877 5493 umen
893 5439 947 5496 hac
967 5442 1041 5498 inre
1126 5451 1187 5505 Duo
1200 5464 1268 5520 ergo
1282 5448 1478 5520 distinguendi
1499 5453 1566 5504 sunt
1582 5447 1726 5520 Cypriani,
1741 5449 1770 5501 et
1788 5446 1818 5501 in
1840 5461 1908 5502 ora·

226 5542 283 5582 non
304 5529 422 5584 omnino
443 5531 592 5601 assentior,
609 5533 806 5602 Confessionern
825 5540 958 5609 Cypriani
974 5547 1040 5596 ante
1090 5543 1168 5599 hona
1187 5547 1220 5599 til
1235 5542 1363 5614 Gregorii
1381 5543 1445 5598 Naz.
1462 5543 1532 5614 quid
1546 5542 1733 5610 Antiocheno,
1748 5541 1818 5613 quid
1838 5541 1907 5597 Car·

223 5623 401 5677 Constratini
422 5627 554 5695 tempora
575 5628 709 5699 scriptam
730 5629 829 5701 luisse,
850 5633 878 5687 id
901 5635 943 5688 est
962 5634 1041 5690 circa
1089 5637 1249 5709 thaginensi
1263 5636 1414 5692 conveniat
1429 5635 1660 5708 expendendum.
1676 5633 1757 5701 Quod
1771 5635 1811 5691 ait
1835 5635 1908 5692 Gre-

229 5716 299 5772 rtlud
327 5723 440 5789 tempus
471 5735 526 5790 quo
552 5722 716 5790 perfunctus
741 5726 876 5797 martyrio
903 5729 1038 5797 creditur,
1089 5729 1197 5802 gorius,
1213 5731 1384 5802 Cyprianum
1400 5731 1490 5786 nobili
1504 5733 1533 5787 et
1551 5728 1694 5785 senatoria
1708 5729 1795 5785 domo
1809 5731 1908 5785 ortum

226 5825 329 5884 nempe
350 5811 402 5866 suh
420 5811 593 5872 Diocletiano
618 5822 647 5872 ct
664 5818 844 5891 Maximiano,
867 5824 897 5876 ut
918 5824 1041 5880 testatur
1089 5840 1160 5896 esse,
1181 5824 1209 5880 id
1227 5824 1422 5881 Tiltemontius
1444 5825 1585 5898 Cypriane
1604 5828 1702 5880 nostro
1718 5823 1858 5896 attribuit,
1875 5826 1908 5879 ut
