3986 6208
243 269 295 330 sss
566 240 571 248 ι
715 279 743 338 S.
763 281 920 340 cientatti
939 281 1078 340 arsabir
1096 277 1183 337 PARS
1200 277 1235 334 ii.
1256 303 1291 318 -
1308 273 1492 334 crustum.
1860 275 1907 335 tit

241 398 380 454 vestiaris.
398 401 510 474 litque
532 405 665 462 matrona
686 405 714 461 ιιι
735 407 858 464 Ecclesia
880 407 984 462 Christi
1000 383 1055 476 (ιε)
1068 404 1176 492 Ariani
1190 401 1265 458 oculi
1281 400 1321 456 tui
1341 399 1483 474 superfusi
1505 395 1628 470 nigroris
1643 397 1766 454 tenebris
1785 404 1811 455 et
1832 409 1908 455 nocta

243 492 367 563 locuples
382 495 405 529 ⁷²
429 501 457 548 et
480 495 557 552 dives
584 515 623 566 es,
649 498 757 572 inunge
777 502 873 556 ocrrlos
898 505 971 568 tons,
998 516 1057 555 non
1107 496 1228 552 corrtccti
1244 497 1278 550 ⁷⁵.
1295 495 1429 565 Locuples
1444 499 1473 550 et
1484 492 1562 548 dives
1573 509 1611 560 es,
1630 497 1658 547 ει
1678 491 1851 548 Dominicum
1864 511 1911 550 ce-

244 585 328 640 stilriu
343 587 449 644 diaboli
464 591 498 658 ³³,
517 591 564 647 sed
583 593 701 665 collyria
722 595 846 664 Christi;
863 601 895 650 ut
909 593 1058 666 praevenire
1108 591 1219 646 labrare
1235 592 1262 643 te
1277 588 1380 654 credis,
1395 603 1460 660 quaa
1478 587 1581 642 corban
1602 585 1656 656 (29)
1677 586 1791 642 omniuo
1806 603 1859 642 aun
1874 605 1914 643 ra-

242 678 276 734 ad
300 679 456 736 videndum
480 683 568 740 haam
588 687 691 758 possis,
716 688 785 742 dum
809 690 896 744 ileum
919 692 948 744 et
968 687 1059 760 operi·
1107 683 1200 758 spicis,
1217 699 1282 755 qma
1296 683 1324 736 iu
1338 679 1434 756 613
1450 680 1629 736 Dominicum
1639 681 1694 750 (30)
1706 679 1766 734 sine
1780 680 1911 736 sacrificio

242 769 296 825 bus
307 773 331 807 ⁷⁵
347 777 375 828 ei
391 776 519 831 risoribus
533 781 715 849 promereris.
1111 778 1196 844 variis,
1222 791 1286 848 qum
1310 781 1423 847 partem
1442 775 1477 830 de
1493 773 1632 829 sacrificia
1646 773 1703 845 (31)
1721 773 1795 845 quod
1809 791 1913 846 pauper

279 866 332 920 iv.
347 868 504 938 Caeterum,
519 887 584 943 qaae
607 872 669 927 talis
695 890 734 942 as,
761 890 813 930 aaa
837 873 948 946 opacari
967 874 996 928 in
1013 877 1060 930 Ec·
1111 871 1213 928 obtulit
1225 869 1321 926 saulis.
1336 872 1449 925 latuere
1459 868 1488 923 in
1501 865 1655 939 Evangelio
1666 867 1780 922 viduam
1795 884 1915 940 praerap-

243 959 328 1016 clesia
343 965 434 1036 potes.
461 966 598 1039 Egautem
620 966 694 1026 eoin
719 971 748 1024 at
769 983 924 1044 pauperem
948 985 1005 1028 ιιοιι
1024 968 1062 1026 vi·
1111 969 1204 1024 turum
1230 962 1423 1020 emlestium⁷⁶
1446 977 1621 1028 memorem,
1651 959 1727 1016 inter
1753 959 1824 1034 ipsas
1850 978 1916 1034 pras-

932 1123 1037 1186 Variae
1065 1121 1235 1186 lectiones.

282 1249 302 1283 ⁷¹
318 1251 442 1304 Matrona
457 1254 580 1320 locuples
592 1258 638 1307 Ar.
653 1258 735 1308 saris
753 1257 815 1308 dod.
832 1259 854 1316 i,
864 1257 888 1319 d,
902 1260 923 1310 l.
957 1257 977 1293 ⁷¹
991 1257 1100 1308 Diaboli
1111 1255 1242 1306 deformis
1256 1254 1317 1305 hori.
1330 1253 1354 1306 3.
1390 1251 1411 1288 ⁷⁴
1424 1253 1561 1320 Operibus
1573 1251 1654 1306 honis
1666 1255 1693 1304 et
1708 1252 1829 1304 moribus
1845 1251 1914 1302 droa.

164 1329 166 1334 '
245 1317 268 1354 ⁷⁸
282 1321 367 1375 Nocte
379 1326 476 1378 cecati
488 1327 556 1377 Fors.
590 1326 611 1361 ⁷⁸
622 1328 828 1396 Prmcepterum
845 1328 1004 1382 divinorum
1023 1331 1094 1382 Lacr.
1112 1327 1185 1380 dior.

908 1447 1022 1530 Staph.
1038 1445 1162 1511 Baluzii
1178 1449 1275 1510 notae.

279 1559 328 1622 (ιιι)
354 1563 384 1612 la
410 1563 526 1615 Ecclesia
550 1567 656 1619 Christi.
689 1569 776 1620 Valde
806 1573 872 1634 puto
910 1571 969 1628 ista,
999 1581 1062 1634 quas
1111 1567 1245 1617 rationem
1272 1565 1346 1616 euim
1379 1565 1414 1616 da
1449 1565 1578 1630 episcopo
1609 1561 1838 1622 liuntalhanensl,
1861 1577 1916 1628 qua

245 1627 348 1681 desunt
360 1633 387 1683 in
402 1636 526 1700 antiquis
547 1637 725 1700 editionibus,
748 1642 777 1690 in
798 1641 894 1690 decem
918 1639 1063 1692 codicibus
1112 1651 1187 1688 nunc
1200 1639 1319 1701 primum
1333 1641 1395 1700 post
1412 1639 1451 1688 tot
1465 1649 1552 1686 annas
1571 1649 1602 1687 sa
1622 1631 1753 1690 er'exertt.
1772 1647 1826 1684 uon
1846 1648 1916 1699 posse

244 1703 388 1754 nostriset
410 1707 437 1755 in
462 1709 587 1773 quinquo
608 1711 778 1774 anglicanis,
801 1712 894 1762 addita
911 1726 975 1762 vero
997 1714 1062 1760 sunt
1112 1722 1173 1760 esse
1190 1721 1283 1759 veram
1299 1713 1407 1760 certum
1426 1711 1477 1758 est.
1492 1706 1609 1758 Patruus
1632 1707 1709 1757 enim
1732 1707 1791 1768 ejus
1808 1705 1917 1754 loarrnes

245 1783 261 1820 a
277 1771 410 1836 Marullo,
426 1789 483 1827 non
498 1777 601 1830 debere
617 1793 677 1832 esso
700 1781 727 1832 in
744 1781 881 1832 hocloco.
898 1781 957 1830 Non
970 1785 1061 1831 tamen
1072 1778 1100 1850 B
1113 1781 1252 1830 Berterius
1264 1779 1384 1830 excessit
1408 1791 1423 1828 e
1444 1779 1515 1828 rivis
1542 1789 1616 1828 anno
1642 1778 1712 1834 tuae,
1728 1787 1820 1825 mense
1842 1777 1915 1826 latio.

245 1853 410 1895 ausussum
433 1859 603 1913 expungere,
627 1852 693 1915 quia
716 1865 747 1902 ea
768 1854 857 1916 reperi
878 1853 907 1902 in
931 1853 1060 1903 undecim
1112 1853 1184 1902 Tum
1203 1863 1267 1901 vcro
1297 1849 1444 1914 episcopus
1468 1848 1705 1899 llontalhanensis
1723 1849 1780 1897 erat
1801 1859 1864 1910 puer
1882 1859 1917 1897 xri

245 1915 362 1963 vetustte
379 1919 593 1982 exemplaribus.
1112 1925 1219 1972 tantum
1239 1934 1385 1971 annorum.
1411 1919 1480 1981 Quis
1499 1931 1565 1970 vero
1587 1919 1669 1969 facite
1696 1919 1725 1968 in
1749 1919 1866 1967 animum
1883 1919 1918 1966 in·

277 1984 327 2050 ise)
343 1987 454 2040 corban.
471 1991 510 2042 ita
526 1995 661 2057 scriptum
675 1995 730 2046 ridi
751 1996 780 2046 in
799 2009 900 2047 novem
918 1995 1062 2047 codicibus
1112 1992 1214 2044 ducere
1240 1995 1323 2056 queat
1346 2003 1464 2054 puerum
1487 1991 1567 2041 istius
1592 1991 1686 2041 aetatis
1709 1989 1845 2054 colloquia
1862 2001 1917 2038 carn

245 2058 452 2123 manuscriptis,
482 2062 564 2112 etiam
588 2065 617 2114 in
640 2063 828 2130 Seguieriano.
867 2066 922 2116 atti
959 2066 1062 2117 habent
1111 2068 1209 2128 patruo
1228 2063 1374 2114 miscuisse
1393 2062 1427 2113 de
1458 2065 1513 2111 tam
1536 2058 1690 2126 grandibus
1714 2059 1833 2110 materiis
1853 2058 1916 2108 aida

246 2126 394 2178 Carbonem
432 2132 475 2182 vel
510 2132 666 2185 Carbanum.
712 2137 858 2199 Fuxensis‚
888 2137 993 2188 Carbasa
1035 2142 1062 2188 et
1112 2133 1196 2185 rebus
1217 2137 1255 2184 ita
1283 2134 1397 2185 remotis
1421 2132 1456 2182 ab
1484 2145 1537 2182 usu
1564 2137 1591 2182 et
1618 2132 1732 2196 ingenio
1758 2131 1916 2194 puerorum?

247 2197 408 2251 Carbanum.
423 2203 454 2252 ln
475 2206 566 2269 capita
585 2220 624 2256 vir
647 2207 792 2273 Evangelii
816 2209 972 2260 secundam
989 2211 1062 2259 llar-
1114 2208 1248 2257 Praeterea
1259 2209 1365 2256 certum
1381 2209 1422 2255 est
1437 2204 1596 2264 Danesium,
1614 2206 1698 2254 aetaie
1721 2213 1839 2266 gravem,
1855 2201 1916 2248 duo·

246 2280 304 2318 cam
329 2275 357 2321 et
379 2272 408 2322 in
434 2273 558 2340 Epistola
587 2277 749 2343 Hieronymi
777 2282 813 2330 ad
848 2281 1001 2331 (larentiam
1028 2280 1062 2330 de
1112 2277 1165 2328 hus
1182 2276 1368 2328 anteobitum
1393 2276 1474 2326 anais
1488 2274 1660 2326 successisse
1685 2275 1713 2324 ia
1733 2273 1916 2322 monasterium

245 2337 442 2404 Monogamia:
463 2346 574 2406 corban,
588 2350 659 2413 quod
673 2355 712 2400 art
729 2351 835 2401 dorium.
858 2352 935 2402 Bona
949 2363 1062 2416 quoque
1113 2347 1206 2399 Sancti
1223 2347 1354 2398 Germani
1368 2346 1402 2397 de
1417 2345 1513 2407 Pratis,
1538 2344 1586 2395 uhi
1608 2345 1678 2396 obiit
1696 2351 1724 2395 et
1744 2344 1914 2408 sepultusest.

245 2413 410 2474 potestesse
423 2415 506 2469 lectio
526 2420 630 2471 codicis
646 2421 791 2484 Pithoeani,
809 2423 838 2472 ιιι
859 2435 915 2487 quo
928 2423 1062 2486 scriptum
1113 2418 1259 2470 Probabile
1281 2432 1363 2483 porro
1391 2430 1446 2468 nen
1468 2421 1509 2468 est
1531 2416 1655 2467 voluisse
1687 2417 1778 2466 virum
1816 2415 1915 2464 doctum

247 2486 299 2542 est,
328 2497 386 2548 que
404 2492 432 2537 ιιι
453 2487 521 2540 orda
542 2493 648 2542 omnino
674 2505 728 2543 nura
747 2493 863 2556 respicis.
889 2494 958 2544 Nam
980 2493 1063 2558 paulo
1113 2491 1208 2541 divelli
1236 2501 1266 2540 se
1287 2494 1314 2540 ει
1338 2490 1459 2553 separari
1491 2487 1780 2544 abibliothecasuar
1804 2485 1916 2547 adeoque

246 2558 311 2606 ante
323 2553 479 2622 Cyprianus
509 2559 580 2613 dixit
604 2564 701 2614 matris
724 2564 800 2614 illius
823 2564 920 2615 oculas
938 2564 1063 2627 superiu·
1113 2560 1326 2616 existimandam
1350 2565 1391 2612 est
1414 2561 1490 2611 illam
1511 2559 1685 2612 transtulisse
1706 2563 1794 2610 ineas
1809 2557 1915 2608 aedasia

244 2636 290 2674 sos
307 2638 367 2678 esse
391 2629 508 2694 nigroris
532 2633 654 2684 tenebris
674 2637 703 2685 et
723 2639 806 2685 nacte
823 2637 973 2685 contectos.
993 2634 1063 2684 Vide
1113 2635 1216 2700 quibus
1232 2633 1358 2684 habitare
1379 2632 1537 2684 decreverat
1556 2637 1583 2683 et
1602 2631 1649 2680 uhi
1672 2643 1767 2680 rerera
1786 2625 1913 2678 habitarit.

245 2699 327 2747 natas
342 2697 471 2751 Cotelerii
484 2701 519 2752 ad
535 2702 640 2754 librum
659 2718 678 2754 ιι
701 2705 921 2756 Corratituiionam
934 2706 1063 2770 Apostoli·
1113 2707 1182 2757 Haec
1194 2719 1256 2756 mea
1272 2707 1366 2770 opinio
1380 2703 1558 2755 confirmatur
1573 2702 1736 2753 testimonio
1749 2697 1914 2758 Gaaahrardi,

245 2779 347 2828 wilm,
362 2783 386 2821 a.
405 2771 445 2834 36,
459 2776 486 2823 ει
508 2773 646 2827 Samuelis
661 2777 788 2840 Basuagii
811 2777 1021 2828 Exercitationes
1036 2777 1064 2827 ia
1113 2778 1161 2842 qui
1191 2778 1219 2826 in
1242 2777 1372 2828 Oratione
1392 2775 1484 2826 hahita
1504 2777 1532 2824 in
1556 2775 1655 2824 funere
1679 2773 1804 2834 Danasti,
1831 2770 1915 2836 paucis

244 2837 401 2902 daronis-m,
417 2845 511 2906 esar.
1113 2849 1214 2898 cresus
1239 2852 1299 2912 post
1328 2847 1404 2898 iiiios
1423 2846 1575 2896 carrionem
1603 2847 1632 2896 sn
1657 2841 1915 2906 aeromantiam

277 2911 328 2974 (30)
349 2913 378 2962 ie
404 2914 576 2967 Donrinicum.
607 2916 636 2967 id
671 2919 766 2968 estin
791 2918 905 2970 domum
931 2919 1063 2982 inquam
1114 2921 1174 2984 ejus
1196 2918 1269 2982 apud
1288 2917 1413 2968 haerodes
1432 2921 1491 2966 turn
1509 2917 1604 2976 larissa,
1626 2919 1653 2966 et
1677 2913 1914 2980 nequedistractos

247 2981 397 3034 Christiani
441 2987 612 3038 conveniunt
648 2989 683 3038 ad
721 2989 888 3041 celebranda
922 2993 1063 3053 mysteria.
1113 2989 1347 3054 naqucvanditos
1372 2989 1474 3046 luisse;
1497 2990 1555 3037 tum
1575 2987 1659 3037 etiam
1682 2981 1913 3035 auctoritatafhe-
1977 3023 1978 3032 .

245 3051 414 3108 Constitutio
434 3056 527 3110 Galeri
551 3059 694 3112 Maximini
721 3075 771 3125 pro
798 3061 961 3113 Christianis
989 3059 1063 3124 apud
1114 3063 1180 3122 veti,
1205 3061 1253 3125 qai
1278 3061 1429 3111 Danesium
1459 3059 1675 3109 familiarissime
1704 3059 1818 3107 noverat
1843 3057 1869 3104 et
1892 3052 1913 3101 ei

244 3125 386 3188 Rufinum,
400 3127 448 3179 lih.
465 3143 506 3190 rx,
530 3133 585 3183 cti
612 3147 618 3181 :
639 3149 653 3178 a
669 3133 723 3184 Sed
743 3139 770 3184 ει
778 3135 938 3192 {orationum
954 3133 1061 3193 domos,
1071 3149 1098 3222 C
1112 3134 1273 3196 supervixit.
1290 3131 1316 3181 ls
1336 3135 1428 3182 autern
1447 3131 1476 3181 ia
1494 3131 1585 3194 elogio
1607 3131 1670 3194 ejus
1686 3130 1728 3180 sic
1748 3126 1781 3178 de
1796 3123 1912 3176 lucubra-

244 3197 274 3247 id
302 3201 345 3248 εει
366 3199 513 3252 Dominiaa
530 3214 590 3264 sua,
609 3207 640 3252 ut
660 3204 815 3254 instaurant
838 3218 888 3268 pro
915 3204 1060 3254 voluntate
1113 3202 1312 3266 tionibusejus
1334 3203 1466 3265 loquitur,
1492 3206 1521 3252 ut
1546 3201 1620 3251 dicat
1638 3213 1671 3252 se
1692 3211 1801 3264 sperare
1820 3208 1911 3246 easre·

245 3281 295 3318 sua
310 3271 503 3333 permittimus.
526 3291 540 3318 s
562 3271 596 3324 Et
618 3275 665 3324 lib.
683 3287 712 3334 x,
728 3289 788 3338 cap.
810 3275 834 3338 3,
853 3275 968 3340 quidam
990 3289 1060 3325 con·
1110 3275 1192 3338 periri
1217 3276 1288 3323 inter
1308 3272 1394 3322 libros
1416 3274 1476 3336 eius
1497 3277 1637 3324 exstantes
1658 3271 1734 3336 apud
1758 3269 1911 3334 propinquos

245 3339 334 3390 lassor
359 3343 407 3406 qui
428 3344 534 3394 vicerat
548 3345 753 3408 philosophum,
767 3347 804 3396 ιιι
820 3363 825 3396 :
840 3365 854 3396 a
870 3346 957 3410 Surge
973 3351 1000 3396 ει
1015 3359 1058 3396 εε·
1110 3348 1178 3410 ejus.
1194 3345 1252 3410 Ego
1265 3347 1338 3395 certe
1359 3343 1449 3395 hubac
1468 3345 1495 3394 iu
1518 3357 1580 3394 maa
1601 3343 1773 3393 bibliotheca
1793 3339 1858 3389 duos
1870 3349 1911 3386 co·

245 3422 331 3475 quere
344 3425 389 3463 me
408 3413 442 3463 ad
465 3415 643 3466 Dominicum
658 3423 685 3467 at
702 3415 787 3480 hujus
801 3417 865 3467 ildai
883 3415 1059 3480 signaculum
1110 3417 1188 3467 diras
1200 3416 1404 3478 manuscriptos
1425 3427 1496 3479 quos
1517 3420 1623 3465 certum
1645 3419 1688 3464 est
1712 3414 1795 3464 fuisse
1815 3409 1874 3460 olim
1887 3407 1910 3484 ιιιΙ

245 3481 393 3545 suscipe.»
416 3483 605 3549 Hieronymus
629 3486 659 3536 in
687 3485 850 3538 Chronico:
873 3501 888 3534 a
908 3487 937 3535 ln
961 3487 1059 3536 Antio·
1110 3485 1279 3538 bibliotheca
1302 3487 1424 3537 Danasti.
1454 3485 1583 3550 Denique
1603 3485 1628 3534 l.
1654 3486 1726 3549 sing.
1752 3482 1911 3546 Papiusqar

245 3551 308 3604 chia
341 3555 521 3608 Dominicum
543 3557 618 3622 quod
643 3564 768 3620 vocatur,
797 3571 913 3609 aureum
928 3557 1060 3610 aedificari
1109 3561 1217 3625 primus
1244 3574 1315 3624 opus
1341 3559 1373 3610 de
1397 3558 1494 3610 ltititlas
1517 3558 1638 3610 Ecclesiae
1673 3557 1805 3608 catholice
1836 3551 1911 3603 edidit

245 3631 409 3689 amptum.»
426 3625 548 3680 Sanctus
567 3629 699 3691 Hilarius,
726 3629 755 3679 in
782 3634 906 3681 extremo
928 3629 1000 3680 libro
1025 3631 1061 3681 ad
1110 3631 1378 3694 llomraannoib'tli,
1400 3636 1428 3682 et
1451 3630 1584 3696 Gregorio
1601 3629 1667 3680 XIV
1684 3628 1794 3690 obtulit,
1811 3629 1911 3676 testatur

246 3697 431 3750 Carauantium
446 3701 495 3764 qui
516 3701 614 3765 incipit
633 3700 801 3766 lisaipnifico,
821 3701 857 3752 uit
876 3700 910 3752 de
925 3701 1058 3752 Arianis:
1109 3705 1268 3756 Durantum
1293 3704 1348 3756 hoc
1371 3716 1442 3768 opus
1459 3703 1612 3767 appellasse
1633 3708 1779 3752 nectareas
1801 3695 1909 3748 lirratra·

245 3767 409 3822 «Verenlur
425 3773 509 3835 igitur
531 3771 627 3838 populi
649 3772 806 3836 judiciam3
826 3788 842 3824 a
863 3774 1010 3825 Dominiao
1026 3773 1060 3824 ad
1110 3775 1276 3838 itariae-suas,
1291 3775 1419 3839 illudque
1436 3775 1553 3826 Romam
1574 3774 1684 3825 misisse
1705 3772 1740 3824 ad
1759 3767 1908 3822 cardinalem

244 3839 379 3904 palatium
401 3845 554 3894 transeunt.
569 3861 584 3890 »
611 3843 681 3894 Vide
706 3843 849 3908 Beveregli
869 3844 1061 3895 adnotationes
1110 3845 1269 3898 Pelleveum
1291 3849 1322 3896 ut
1343 3847 1402 3896 illic
1421 3845 1612 3896 excuderetur.
1634 3843 1831 3896 circumfertur
1849 3851 1908 3904 pre·

245 3915 426 3972 incanonem
445 3917 605 3970 reconcilia
623 3919 774 3982 ancyrani,
793 3919 973 3970 etloannem
997 3919 1060 3970 Ste-
1110 3920 1185 3968 terea
1210 3916 1334 3981 ejusdem
1357 3917 1474 3968 Duraati
1498 3915 1618 3980 Epistola
1651 3916 1688 3966 ad
1713 3917 1824 3965 Amicum
1845 3921 1909 3960 sorra

245 3986 369 4050 phanum
384 3990 550 4053 Ducenium,
566 3990 613 4042 lib.
629 4005 647 4054 r,
660 4004 719 4056 cap.
735 3993 759 4053 i,
773 3991 805 4042 rte
819 3990 920 4042 liitibas
937 3991 1061 4042 Ecclesiae
1108 3987 1246 4039 loannem
1263 3988 1426 4050 Burrenum,
1441 3986 1571 4038 abbatem
1586 3986 1757 4049 Fuliensem,
1778 3997 1793 4036 e
1813 3991 1908 4034 carcere

245 4057 390 4109 catholicae.
1110 4059 1138 4109 ιιι
1153 4071 1236 4124 qaam
1249 4059 1291 4109 vir
1305 4060 1425 4123 optimus
1448 4072 1464 4109 a
1484 4056 1599 4122 perditis
1619 4063 1646 4108 et
1663 4057 1785 4109 factiosis
1803 4052 1907 4104 bomini·

276 4128 417 4191 Quoniam
443 4141 510 4181 vero
531 4132 636 4183 mentio
663 4131 760 4182 incidit
785 4131 837 4182 viri
864 4130 1008 4183 clarissimi
1033 4135 1061 4182 et
1109 4129 1422 4194 buscenjectusfuerat
1448 4129 1561 4194 scripta,
1580 4129 1673 4180 triduo
1697 4133 1761 4178 anie
1780 4121 1906 4176 miserabi-

245 4201 428 4251 amantlssiml
443 4203 538 4265 patriae
555 4204 633 4264 ciris,
654 4204 701 4268 qui
721 4203 773 4253 fuit
788 4215 905 4266 persona
933 4203 1059 4266 insignis,
1108 4203 1164 4253 lem
1179 4203 1490 4266 ejusmortem,inqaa
1511 4213 1586 4259 aum,
1602 4201 1650 4264 qui
1666 4203 1726 4250 tum
1746 4195 1907 4250 Romecrat,

245 4274 276 4321 ιιι
288 4270 382 4322 verbis
409 4275 472 4322 utar
495 4275 585 4324 sancti
607 4273 748 4338 Cypriani,
771 4272 927 4337 arripienda
952 4277 993 4325 est
1007 4273 1060 4324 ista
1110 4281 1188 4337 ragat
1201 4277 1235 4322 ut
1258 4271 1484 4338 quandocunque
1500 4272 1559 4335 ipse
1577 4270 1663 4322 rebus
1680 4269 1808 4320 humanis
1821 4277 1906 4316 exces-

244 4343 356 4392 occasio
367 4342 402 4393 ad
418 4342 612 4396 destruendam
629 4343 748 4394 fabulam
769 4357 833 4408 quae
847 4343 882 4395 da
903 4357 936 4395 eo
956 4349 983 4396 et
1008 4346 1060 4396 Pe·
1109 4345 1185 4406 serit,
1200 4344 1303 4395 tibrum
1315 4356 1399 4394 suam
1411 4345 1491 4394 curet
1503 4341 1599 4396 Romae
1614 4341 1759 4407 approbari
1773 4352 1804 4392 ac
1820 4333 1905 4388 deinde

245 4417 287 4464 tro
302 4412 422 4464 Daneslo
443 4413 574 4478 episcopo
588 4415 723 4465 vaurensi
737 4427 826 4479 nuper
838 4417 949 4466 emersit
971 4417 1000 4466 in
1017 4429 1060 4467 re·
1110 4416 1184 4482 typis
1205 4416 1340 4467 mandari.
1363 4417 1407 4466 An
1428 4416 1468 4466 fas
1492 4419 1534 4466 est
1553 4415 1661 4478 opinari
1686 4414 1775 4464 virum
1800 4421 1904 4474 gravam,

244 4480 357 4545 publiea
368 4481 511 4534 litteraria.
534 4485 629 4536 Novus
644 4484 758 4549 quidam
772 4486 897 4550 scriptor,
914 4488 991 4538 testis
1004 4501 1059 4540 nan
1111 4488 1227 4550 bouum,
1246 4487 1411 4551 sapientam,
1434 4489 1492 4535 turn
1510 4487 1591 4536 morti
1609 4484 1777 4536 destinatum
1789 4486 1814 4532 et
1826 4477 1904 4544 proxi-

225 4553 312 4604 ·satis
332 4551 461 4616 idoneus,
487 4555 583 4608 scribit
607 4557 763 4607 Ducenium
796 4569 851 4606 uon
886 4569 946 4608 esse
968 4519 1198 4621 auctoDmum,
1226 4561 1264 4610 ita
1292 4556 1483 4624 impudentem
1509 4569 1570 4607 asse
1592 4558 1717 4621 poluisse
1740 4559 1769 4606 ut
1793 4551 1842 4602 sihi
1865 4559 1904 4611 per

243 4635 302 4677 rem
326 4628 418 4691 aperis
442 4627 474 4676 da
496 4626 597 4678 liitidas
619 4628 741 4677 Ecclesia:
761 4625 906 4690 catholica,
934 4629 983 4679 aed
1009 4629 1061 4679 Pe·
1111 4643 1249 4682 summam
1276 4628 1421 4680 audaciam
1449 4632 1477 4679 et
1502 4629 1665 4692 injustitiam
1692 4625 1821 4676 tribueret
1846 4629 1904 4682 opus

244 4700 317 4748 trum
342 4699 494 4751 Danesium
518 4699 680 4764 episcopam
701 4698 884 4760 Vaurensem‚
904 4699 1061 4750 Durautum
1111 4701 1282 4766 quodsciret
1305 4713 1368 4751 ase
1385 4713 1442 4750 uon
1468 4699 1554 4750 fuisse
1575 4697 1783 4763 compositam?
1798 4691 1903 4768 Absitat

243 4781 334 4832 porro,
351 4770 398 4834 qai
427 4769 497 4821 iilud
521 4772 664 4822 invenerat
684 4771 711 4820 in
742 4769 911 4821 bibliotheca
922 4771 1060 4834 [Danasti
1111 4773 1173 4824 haec
1192 4772 1440 4838 cogitatiointrare
1465 4772 1553 4835 possit
1579 4771 1608 4820 in
1629 4775 1713 4835 caput
1732 4765 1846 4819 hominis
1865 4771 1903 4810 cut

244 4853 329 4904 quam
353 4841 441 4904 pretio
471 4847 687 4906 comparaverat,
711 4855 794 4892 suum
818 4841 918 4894 fecisse
939 4854 973 4892 eo
999 4843 1061 4905 jure
1111 4857 1189 4894 mens
1203 4857 1270 4894 sana
1285 4844 1348 4894 esti
1367 4840 1512 4906 Opinlanis
1535 4839 1620 4905 huius
1641 4852 1692 4891 seu
1716 4839 1804 4903 patius
1819 4830 1902 4910 tabule

245 4925 301 4976 quo
316 4916 454 4976 emptores
469 4927 501 4965 aa
512 4927 564 4964 sua
578 4913 684 4964 faciunt
701 4927 764 4980 quae
787 4917 892 4964 emant.
907 4911 985 4963 istud
997 4925 1061 4964 vero
1111 4919 1268 4966 commenta
1291 4913 1395 4965 delebit
1414 4911 1482 4972 dies,
1501 4925 1620 4976 eamque
1646 4909 1795 4962 libentibus
1817 4904 1902 4956 arrimrs

244 4997 274 5034 sa
297 4987 438 5048 accepisse
466 4987 503 5036 ait
528 4986 575 5036 hic
592 4989 685 5036 auctor
712 4999 728 5036 a
753 4986 835 5037 Petro
858 4985 981 5036 Beriario
1005 4985 1061 5048 epi·
1111 4987 1251 5037 remittent
1273 4984 1391 5036 studiosi
1414 4983 1539 5035 veritalis
1558 4988 1587 5036 et
1605 4983 1739 5034 bonarum
1756 4981 1900 5030 litterarum.

243 5054 636 5121 scopoiiomaibansnst‚qoi
658 5057 697 5107 ita
723 5057 816 5120 tando,
840 5061 870 5107 ut
889 5055 936 5108 ille
949 5057 996 5118 ait,
1013 5070 1061 5106 au·
1111 5057 1205 5108 Gloria
1233 5057 1346 5108 Danesit
1371 5068 1426 5105 noa
1455 5054 1561 5118 indiget
1589 5054 1742 5105 mendaciis
1766 5049 1899 5122 bominum·

245 5124 646 5190 diverataloanaeilerterio,
668 5129 799 5192 episcopo
819 5129 942 5187 Rivenst,
962 5133 1061 5192 patruo
1110 5128 1193 5180 Vivet
1220 5129 1249 5177 in
1277 5125 1429 5177 aeternitate
1449 5129 1616 5190 temporum,
1645 5125 1716 5174 fama
1739 5113 1899 5174 rerumFutt

245 5207 306 5256 suo,
321 5197 417 5248 intima
441 5197 628 5249 familiaritate
646 5201 795 5262 conjuncto
814 5213 880 5250 cam
902 5201 1022 5250 Danesio
1034 5203 1061 5249 et
1110 5197 1510 5262 enim,uteit1llustrissimus
1527 5209 1630 5260 praeses
1644 5195 1784 5250 Thaenae,
1800 5188 1900 5238 attone

244 5265 376 5316 Duraato.
391 5267 491 5318 Mirum
509 5272 552 5320 est
566 5282 650 5332 quam
671 5268 749 5318 arida
768 5269 830 5320 hec
850 5283 921 5320 nova
947 5271 1061 5321 historia
1110 5271 1299 5332 doctissimas,
1315 5273 1342 5321 at
1357 5269 1414 5332 qui,
1427 5281 1586 5332 quanquam
1607 5267 1691 5317 uultis
1710 5255 1898 5320 aditisscriptis.
1972 5307 1973 5310 ,

244 5340 361 5398 excepta
378 5341 420 5387 est
443 5352 458 5388 a
481 5339 624 5389 nonnullis
648 5354 654 5387 :
678 5341 754 5404 quia,
767 5345 799 5390 ut
822 5339 919 5392 Cicera
935 5343 980 5403 ait,
995 5341 1061 5390 vul·
1109 5342 1211 5392 meruit
1223 5345 1255 5391 ut
1268 5342 1341 5391 inter
1355 5339 1482 5390 doctrina
1503 5342 1530 5388 et
1551 5337 1649 5387 litteris
1663 5331 1828 5400 politioribus
1840 5337 1898 5390 prte-

243 5419 296 5468 gus
311 5419 345 5456 ex
366 5408 483 5460 veritate
501 5422 600 5474 pauca,
623 5422 658 5460 ex
677 5411 806 5474 opimone
826 5411 912 5460 multa
931 5413 1059 5462 aestimat.
1109 5417 1215 5464 stantes
1232 5411 1315 5476 hujus
1332 5413 1385 5462 ravi
1400 5411 1474 5460 viros
1490 5414 1690 5460 numeretur.»
1713 5405 1761 5456 Cui
1782 5397 1899 5452 accedats

244 5479 367 5530 Primum
389 5480 459 5530 illud
486 5495 597 5547 aequum
620 5487 648 5534 ει
666 5483 765 5533 rationi
785 5496 897 5548 prorsus
916 5489 1061 5535 cousenta-
1110 5483 1236 5537 Scaevoia
1270 5481 1509 5544 sammarthanus,
1524 5483 1559 5545 ’,ιιι
1583 5479 1681 5544 stactis
1703 5475 1830 5528 Gallorum
1850 5469 1899 5545 doe

243 5562 328 5601 neum
344 5563 404 5602 esse
420 5550 582 5613 videtu1·,at
596 5554 684 5603 virum
698 5567 806 5618 magnae
826 5555 1060 5619 honaequefarnae
1110 5557 1178 5606 trina
1200 5553 1345 5605 illustrium
1367 5553 1442 5605 dulei
1462 5571 1477 5602 c
1504 5553 1581 5604 nulla
1605 5553 1662 5616 jam
1685 5555 1821 5612 superesse
1840 5541 1897 5590 halt

243 5635 327 5673 nemo
343 5621 507 5687 plagiarium
522 5623 624 5673 audeat
647 5623 739 5675 dicare
757 5626 864 5689 absque
881 5627 965 5678 certis
983 5627 1060 5676 testi·
1109 5626 1213 5690 ingenii
1226 5630 1339 5690 tamque
1354 5623 1478 5676 diuturni
1494 5624 1597 5676 laboris
1611 5621 1818 5674 monumenta.»

243 5693 353 5744 moniis.
377 5695 442 5748 lstic
459 5709 524 5747 vero
546 5699 653 5746 tantum
679 5696 758 5748 abest
771 5699 802 5746 ut
820 5701 893 5748 certa
912 5697 969 5747 sint
986 5697 1060 5748 testi·
1141 5697 1192 5762 (31)
1205 5699 1309 5747 Partem
1324 5695 1355 5746 da
1366 5695 1504 5760 sacrificia.
1523 5695 1592 5746 Vide
1608 5693 1709 5746 Patavii
1728 5685 1858 5760 diatribam
1870 5677 1895 5728 tie

244 5764 337 5816 monia
355 5779 416 5828 rruae
437 5780 507 5830 opas
522 5766 591 5817 iliud
613 5768 740 5818 Duranto
760 5767 930 5831 abjudicant,
948 5772 978 5818 ut
992 5781 1059 5818 can·
1110 5769 1262 5820 Paenitentia
1276 5771 1301 5820 at
1321 5767 1541 5820 Reconciliatione
1557 5767 1653 5818 ueteris
1671 5759 1783 5816 Ecclesia
1796 5751 1896 5806 rioribus

244 5839 285 5888 tra
302 5838 395 5890 omnia
410 5841 578 5892 concurrerat
597 5837 632 5890 ad
646 5838 717 5892 illud
735 5839 762 5892 ei
783 5839 973 5892 asserendum.
991 5840 1055 5893 Nar·
1108 5843 1222 5907 receptu,
1236 5853 1295 5906 cap.
1313 5839 1337 5892 3.

1965 5985 1971 6188 1
