4012 6192
117 223 172 285 977
761 243 807 306 DE
825 248 962 332 nurttct
978 251 1161 314 nuntiato.
1753 263 1804 322 978

114 352 183 426 quis
205 353 305 462 itaque
326 356 365 414 sic
386 358 439 416 sibi
462 359 647 425 blandiatur:
669 389 683 420 u
706 369 774 427 Sum
792 377 1135 464 peccatonptcnetres?
1160 397 1220 452 pue
1239 387 1329 439 eutem
1349 385 1486 442 macentia
1510 383 1614 444 carata·
1636 387 1674 444 ed
1697 389 1805 446 Belial?

113 463 184 503 arno
206 465 368 522 merulam,
388 455 480 512 servio
500 457 627 532 libidini,
645 464 745 521 studeo
764 466 933 539 honoribus,
986 471 1018 543 (ll
1034 472 1107 537 Cer..
1123 491 1158 543 vr,
1175 477 1218 542 tt,
1236 475 1287 544 15).
1304 475 1460 534 ddbaesisse
1474 479 1570 550 Belial,
1589 485 1632 537 est
1643 481 1802 554 abnegasse

112 541 252 614 indulgeo
264 544 404 618 vindictae,
417 531 511 624 897
527 553 640 612 deditus
652 573 715 614 sum
732 560 932 633 voluptatibus.
985 566 1149 638 Christum,
1174 575 1317 642 utcunque
1339 570 1439 644 lingua
1460 578 1510 628 aut
1534 573 1633 630 habitu
1657 576 1801 634 Christum

114 635 166 692 sed
179 637 324 695 Christum
339 657 397 698 non
410 643 561 717 abnegavi.
577 669 592 699 »
607 653 641 706 m
659 652 794 709 reclamat
811 655 862 710 tibi
883 657 934 712 llo-
985 660 1144 730 profitearis
1158 661 1225 732 (tt).

113 728 211 784 minus
225 730 286 804 ipse
300 749 308 788 z
323 735 385 792 Non
397 743 472 807 petes
486 739 554 796 duos
574 741 696 800 dominos
714 747 798 804 colera
813 747 930 819 (nirata,
1020 754 1130 810 lillVlll.
1154 755 1192 810 lle
1213 755 1268 810 hec
1290 756 1312 810 si
1339 757 1402 827 quis
1427 758 1630 830 simpliciorum
1653 761 1800 826 dubitarit.

114 837 153 891 rr,
168 823 225 895 24).
240 826 276 881 Et
292 825 406 885 interim
423 830 523 888 horres
540 831 761 894 abominandum
781 841 933 898 thurificati
985 845 1059 901 dabo
1082 853 1286 919 argumentum
1305 865 1432 906 crassum
1450 854 1479 906 et
1498 852 1622 910 evidens.
1648 855 1801 927 Fingamus

113 921 165 972 aut
177 916 299 974 libellati
310 935 472 994 cognomen
483 927 620 999 (tijipse
630 929 749 987 fortasse
763 933 932 990 thurilleatis
985 943 1137 1010 tyrannum
1157 940 1254 1015 898
1274 942 1313 998 ita
1331 943 1410 1015 loqui
1430 944 1590 1001 Christiane
1611 963 1618 1000 ε
1641 969 1655 997 a
1679 948 1801 1004 lnceada
1911 921 1913 929 .

113 1009 308 1068 autlibeltatis
326 1014 461 1074 deterior.
478 1019 542 1076 lllos
561 1021 702 1079 humanus
721 1027 932 1084 metusriolen·
984 1032 1050 1088 thes
1075 1035 1148 1104 lovi3
1175 1056 1189 1084 a
1217 1035 1290 1091 nihil
1316 1036 1470 1092 addentem
1498 1053 1550 1094 acc
1581 1039 1740 1110 erigentem
1771 1045 1802 1097 ut

112 1104 188 1175 tior,
212 1122 297 1178 quam
320 1112 352 1164 ut
373 1109 498 1168 hominis
520 1117 620 1170 natura
641 1117 730 1189 possit
750 1119 875 1190 vincere,
899 1137 933 1178 eo
983 1126 1127 1183 Christum
1154 1127 1306 1199 abneget:
1325 1129 1347 1184 si
1375 1129 1541 1200 adoleverit,
1568 1148 1666 1187 uenire
1691 1133 1800 1188 cunctis

113 1199 263 1270 compulit,
283 1206 315 1256 ut
334 1203 437 1275 impias
457 1223 537 1262 roecs
559 1214 693 1280 promant
712 1211 820 1284 lingua,
843 1215 931 1270 reela·
985 1221 1165 1276 manifestum
1180 1221 1234 1276 erit
1246 1221 1324 1276 illum
1336 1222 1799 1298 hocipsoChristumabaegassc,
1888 1261 1889 1264 =

113 1299 214 1348 maere
228 1295 413 1366 conscientia;
433 1305 464 1354 tu
483 1303 541 1356 tarn
558 1302 605 1357 sili
621 1304 782 1361 mercedula
797 1307 928 1364 sollicita·
985 1313 1061 1385 quod
1074 1314 1134 1370 lori
1148 1315 1249 1370 lecerit
1269 1316 1437 1387 thymiama,
1455 1317 1567 1372 otianrsi
1585 1319 1657 1375 nihil
1674 1321 1804 1392 proferat

113 1387 173 1456 tus,
195 1391 295 1460 sponte
320 1391 415 1447 delicis
436 1393 473 1449 ad
495 1409 563 1451 eum
585 1413 601 1452 a
626 1398 707 1469 cujus
731 1401 880 1471 tyrannide
905 1408 933 1458 te
983 1406 1105 1477 impium
1124 1407 1153 1462 in
1173 1407 1596 1472 Christumttiuemadmodam
1612 1413 1661 1484 qui
1681 1411 1801 1484 magicis

113 1479 243 1536 Christus
256 1499 307 1538 sne
322 1487 461 1558 sanguina
476 1487 621 1545 redemit:
636 1491 717 1562 eujus
731 1493 794 1563 jam
811 1498 888 1550 totus
903 1511 933 1550 es
982 1500 1091 1554 artibus
1107 1502 1267 1572 munterte
1281 1517 1337 1572 quo
1352 1502 1426 1556 malo
1441 1519 1492 1556 nes
1506 1503 1616 1558 Domini
1638 1506 1800 1561 misericor·
1902 1517 1907 1526 '

111 1573 216 1644 lactes,
240 1578 483 1648 quarnedmedum
505 1581 545 1636 ait
566 1583 718 1655 Apostolus
736 1589 853 1658 :Empti
871 1590 933 1644 estis
983 1592 1031 1647 dia
1049 1592 1178 1648 liberavit
1197 1593 1264 1664 (25),
1281 1594 1383 1649 sicula
1401 1595 1511 1650 caeteris
1531 1596 1664 1652 omnibus
1682 1598 1799 1670 quibus,

110 1671 202 1738 pretio
219 1685 331 1740 maeno,
355 1677 404 1728 et:
420 1675 483 1730 lum
501 1691 555 1731 aaa
576 1680 640 1733 erlis
657 1681 742 1734 nestri
760 1679 783 1751 (l
804 1682 875 1744 Cer..
894 1697 930 1748 vr,
978 1684 1059 1756 juxta
1078 1689 1203 1740 veterem
1218 1686 1367 1741 hominem
1387 1687 1531 1758 quondam
1549 1689 1738 1757 ambulantes,
1756 1694 1797 1746 te·

112 1765 166 1828 20,
190 1765 242 1834 tlt).
267 1765 354 1834 llujus
374 1767 507 1823 militiam
530 1769 674 1842 protessus
692 1775 734 1826 est
752 1773 787 1827 ad
808 1773 931 1830 salutare
945 1753 1150 1847 Bnebamur),
1180 1779 1263 1833 tacite
1288 1778 1432 1836 Christum
1458 1781 1612 1854 abnegant,
1639 1782 1708 1838 dum
1733 1799 1800 1838 cum

112 1855 270 1926 lavacrum,
293 1858 360 1915 huie
379 1859 481 1916 dedisti
503 1879 618 1931 nomen,
639 1863 724 1936 hujus
746 1867 932 1923 sacramentis
982 1869 1161 1926 daemonibus
1182 1871 1290 1928 habeut
1311 1871 1412 1928 faedus.
1436 1874 1718 1943 tam,sil1aebabai
1742 1875 1798 1948 (26)

112 1947 242 2006 initiatus
255 1968 296 2020 es,
311 1952 442 2024 accepisti
457 1955 618 2011 donativum
633 1961 661 2012 et
675 1957 781 2031 pignus
797 1959 930 2032 Spiritus,
981 1963 1086 2019 fratres
1104 1981 1159 2020 una
1181 1981 1246 2020 cum
1268 1971 1360 2021 matre
1379 1965 1545 2022 maluerunt
1567 1973 1611 2023 tot
1629 1969 1800 2025 cruciatibus

111 2060 151 2098 ne
168 2044 237 2115 quid
249 2044 395 2102 dubitares
406 2047 462 2120 (22)
473 2048 508 2104 de
521 2050 662 2121 promisso
675 2051 825 2123 stipendio,
837 2054 932 2109 simel-
981 2057 1149 2128 exanimari,
1162 2074 1250 2130 quarn
1265 2075 1351 2116 earne
1369 2058 1452 2116 suilla
1467 2059 1552 2130 vesci,
1572 2061 1611 2116 sic
1625 2061 1800 2118 aestimantes

111 2155 170 2210 que
191 2139 305 2196 diaholo
325 2141 497 2197 denuntiasti
522 2146 677 2214 perpetuas
696 2144 865 2216 inimicitias,
889 2163 931 2202 rc·
981 2167 1046 2208 eum
1063 2152 1154 2208 neum
1173 2153 1256 2224 Legis
1271 2157 1419 2209 auctorem
1433 2169 1549 2225 negare,
1566 2154 1695 2226 quisquis
1709 2155 1808 2212 sciens

111 2231 253 2286 nuntiasti
278 2234 413 2290 omnibus
436 2234 513 2290 illius
523 2237 646 2308 ,pompis
665 2254 697 2292 ac
717 2237 912 2311 voluptatibus
921 2257 929 2311 ;
981 2261 1013 2301 aa
1039 2246 1136 2302 rolens
1165 2246 1237 2318 legis
1263 2249 1405 2320 praccepta
1429 2247 1524 2316 violat,
1553 2264 1610 2320 quo
1635 2253 1717 2320 pacta
1745 2248 1799 2304 sibi

110 2324 277 2395 erselllasti,
286 2326 450 2396 exsibilasti,
455 2328 559 2400 jurasti
571 2330 602 2386 in
611 2329 699 2386 rerba
713 2331 928 2405 liedenrpteris:
980 2337 1127 2394 blanditur
1142 2339 1233 2412 quiin
1248 2340 1326 2408 lusu,
1343 2339 1523 2408 temulentis,
1537 2341 1664 2408 avaritia,
1678 2341 1798 2414 rapinis,

110 2434 236 2490 cumque
257 2422 298 2474 lot
318 2419 391 2476 vitiis
405 2423 519 2492 servias,
534 2421 585 2478 tibi
600 2424 692 2496 places
706 2425 783 2497 quod
800 2427 930 2483 nondum
981 2431 1128 2488 adulteriis
1151 2433 1271 2505 aliisque
1295 2433 1464 2489 criminibus
1485 2439 1706 2505 consenescunt,
1732 2450 1799 2506 qum

109 2512 151 2566 sis
166 2512 346 2570 thurificatus
360 2515 573 2573 autlibcllatus.
982 2525 1112 2597 gentium
1134 2525 1221 2582 etiam
1240 2526 1318 2598 leges
1339 2527 1493 2584 noluerunt
1510 2543 1570 2583 essa
1585 2527 1747 2598 impunita?
1765 2529 1801 2584 Et

148 2607 246 2662 xlvll.
267 2607 296 2664 Si
327 2609 389 2680 quis
412 2609 494 2666 miles
513 2610 627 2682 juratus
648 2612 676 2667 in
703 2612 787 2668 verba
812 2614 932 2670 Caesaris
981 2633 1046 2674 cnm
1060 2619 1208 2676 totmodis
1226 2619 1370 2677 Christum
1387 2619 1542 2692 abnegent,
1557 2636 1623 2676 curn
1639 2620 1725 2676 toties
1739 2621 1797 2676 im-

110 2701 281 2772 protegeret
302 2703 337 2758 ad
359 2703 479 2758 Turcam
501 2705 570 2778 (23),
596 2711 625 2762 et
648 2723 683 2762 ex
710 2706 785 2762 illios
812 2707 930 2765 arbitrie
981 2707 1092 2763 molent
1112 2707 1302 2774 demonibus,
1323 2725 1375 2779 pre
1394 2708 1560 2766 Christianis
1578 2708 1676 2764 baberi
1697 2715 1797 2781 postu-

108 2793 220 2850 laceret
239 2812 273 2851 ea
292 2813 357 2868 qum
379 2797 464 2853 sciret
484 2798 676 2870 ingratissima
689 2801 804 2870 Caesari,
832 2819 930 2858 nenne
980 2801 1059 2856 lauit
1071 2805 1161 2872 Atque
1178 2801 1207 2856 iu
1222 2801 1268 2858 his
1281 2805 1347 2857 sunt
1360 2801 1410 2874 qui
1423 2801 1518 2872 palam
1534 2801 1588 2857 ista
1601 2803 1797 2871 committunt,

109 2889 563 2963 comprehensusadsuppliciem
578 2897 729 2965 raperetur
744 2899 777 2950 ut
791 2895 930 2967 desertor,
981 2911 1014 2950 ac
1036 2894 1248 2966 propemodum
1269 2894 1354 2949 etiam
1376 2895 1538 2966 gloriantur
1557 2895 1587 2949 in
1609 2894 1695 2950 rebus
1713 2895 1799 2968 pessi·

109 2985 142 3036 nt
160 2983 303 3054 perjurus,
317 2986 349 3038 ut
363 2984 503 3056 perlegat
522 2985 590 3050 Quis
610 2992 706 3042 autern
730 2988 843 3045 audiret
863 3005 930 3044 cum
980 2989 1047 3057 mis,
1061 2988 1131 3044 adeo
1146 3003 1205 3044 non
1223 2988 1312 3059 pudet
1324 2991 1373 3043 ant
1386 2987 1468 3060 piget
1481 2987 1687 3044 admissornml
1709 2996 1737 3045 et
1756 2994 1797 3045 ta·

107 3077 151 3130 ita
168 3076 371 3132 defendentem
389 3096 396 3132 z
411 3099 425 3128 a
440 3079 500 3134 Non
516 3095 579 3134 sum
600 3080 736 3148 desertor,
760 3097 817 3136 nen
840 3082 928 3139 abne·
980 3098 1048 3138 men
1061 3083 1169 3138 audent
1184 3081 1282 3137 venire
1295 3079 1324 3136 in
1335 3081 1489 3136 Ecclesiam
1503 3087 1680 3152 sanctorum,
1691 3083 1797 3140 audeat

108 3169 174 3240 gari
193 3171 356 3226 Caesarem?
370 3190 384 3223 a
398 3172 501 3228 Annon
521 3187 588 3228 mox
607 3173 742 3230 audiret:
762 3195 777 3226 a
796 3175 870 3240 Ouid
886 3192 930 3231 re·
982 3174 1094 3230 misceri
1123 3175 1207 3247 gregi
1236 3173 1391 3230 llominico.
1419 3175 1497 3228 Talea
1521 3174 1667 3230 interdum
1694 3174 1799 3232 tolerat

107 3264 165 3320 fert
185 3263 210 3318 si
229 3263 330 3336 lingua
355 3265 461 3321 tacuit‘l
486 3266 589 3338 Reipsa
614 3266 773 3340 abnegasti,
799 3274 827 3324 et
851 3270 931 3342 plus-
982 3269 1113 3336 Ecclesia,
1129 3285 1165 3323 ne
1180 3268 1326 3340 provocati
1344 3267 1436 3339 magis
1448 3267 1535 3322 etiem
1557 3269 1725 3339 perturbent
1743 3285 1796 3340 po-

106 3373 196 3432 quam
215 3357 374 3431 abnegasti,
395 3359 444 3431 qui
466 3375 524 3416 non
548 3361 641 3416 solum
665 3361 828 3418 deserueris
854 3364 930 3418 mili·
981 3363 1082 3434 pulum
1096 3363 1147 3418 ltei
1161 3379 1168 3416 ι
1181 3361 1231 3416 sed
1247 3361 1314 3433 quid
1337 3361 1453 3433 prodest
1470 3377 1529 3416 non
1552 3361 1615 3432 ejici
1638 3366 1712 3418 coctu
1732 3362 1795 3434 pio·

107 3452 191 3518 tiam,
207 3451 407 3508 verumetiam
426 3453 463 3508 ad
485 3458 640 3526 tyrannum
655 3459 683 3511 et
699 3456 809 3511 bostem
837 3457 929 3528 impe·
981 3471 1056 3524 rum,
1077 3456 1101 3511 si
1120 3455 1262 3512 merueris
1283 3453 1367 3525 ejicit
1389 3455 1460 3510 llam
1480 3453 1544 3525 ejici
1565 3454 1726 3510 remedium
1745 3461 1796 3524 est,

106 3545 212 3602 ratoris
232 3546 274 3601 tui
295 3546 560 3603 irreconciliabilem
582 3549 808 3621 transfugeris.»
830 3550 930 3606 llerite
981 3556 1009 3606 et
1025 3549 1128 3621 gradus
1142 3548 1179 3604 ad
1196 3547 1421 3620 recuperandam
1436 3546 1606 3616 sanitatam5
1623 3547 1796 3619 ejectionem

106 3639 240 3696 fidelium
258 3656 343 3695 aures
363 3640 567 3711 abominanter
585 3647 716 3712 apostate
735 3643 929 3700 vocabulum:
982 3643 1128 3710 meruisse,
1149 3658 1262 3698 summa
1283 3641 1426 3696 melorum
1442 3645 1494 3698 est.
1508 3642 1547 3696 Ac
1570 3639 1676 3697 trustra
1695 3643 1795 3698 misce-

106 3749 212 3788 rerum
234 3733 287 3789 hoc
306 3751 364 3790 non
388 3734 427 3789 ibi
446 3737 558 3790 matum
575 3736 781 3792 exsecrandum
797 3741 850 3805 est,
864 3753 931 3792 cum
980 3742 1027 3792 tur
1044 3736 1129 3792 eoetui
1143 3737 1306 3792 sanctorum
1325 3733 1355 3788 in
1375 3735 1482 3804 templo
1501 3734 1678 3804 manufacto,
1691 3735 1715 3790 si
1729 3736 1795 3791 sub·

108 3843 228 3884 mccnso
257 3828 387 3884 thusculo
416 3831 467 3883 aut
492 3829 598 3900 scripto
624 3828 720 3885 libelle
747 3829 931 3888 renuntiatur
981 3837 1076 3886 motus
1096 3833 1139 3886 est
1158 3847 1175 3884 a
1194 3827 1337 3885 consortio
1359 3827 1452 3883 liciat
1467 3824 1502 3882 ab
1523 3827 1657 3882 universo
1677 3844 1797 3900 corpore

105 3921 275 3995 professioni
300 3921 425 3977 norninis
451 3922 566 3993 Christi,
596 3922 646 3979 sed
671 3921 832 3996 ubicunque
859 3941 929 3981 eon·
981 3923 1099 3997 mystico
1113 3921 1227 3980 Christi.

103 4017 225 4088 temptie
240 4015 343 4073 Christi
358 4015 478 4088 legibus,
498 4016 714 4089 obtemperatur
731 4019 855 4075 Setaea.
873 4019 930 4076 Nec
1018 4018 1102 4073 lllllX.
1116 4016 1235 4088 Oportet
1254 4015 1353 4070 autern
1372 4015 1401 4068 et
1415 4012 1487 4069 illud
1503 4012 1685 4070 considerare
1705 4029 1795 4085 quan-

105 4111 187 4166 enim
208 4110 298 4166 reiert
310 4109 379 4182 quid
394 4115 475 4167 sonet
493 4110 602 4182 lingua,
617 4127 681 4182 qum
699 4110 722 4166 si
740 4115 820 4167 sonet
833 4112 928 4168 Chris·
979 4117 1079 4183 tepere
1101 4107 1251 4166 Christiani
1272 4107 1429 4163 abhorrent
1452 4106 1487 4162 ab
1513 4105 1679 4179 idolothytis
1704 4113 1733 4162 et
1758 4107 1793 4164 ab

104 4209 180 4271 tum,
204 4219 271 4259 cum
291 4203 404 4260 animus
423 4205 460 4259 sit
479 4204 593 4260 deditus
614 4203 794 4275 criminibus,
811 4222 868 4262 nen
887 4211 929 4262 est
978 4205 1110 4276 ingressu
1129 4203 1276 4270 lanarum,
1291 4204 1376 4274 atque
1389 4199 1424 4256 ab
1441 4200 1509 4272 ipsis
1523 4200 1608 4256 etiam
1623 4199 1793 4256 simulacris.

108 4297 261 4370 professio,
284 4298 331 4354 sed
353 4297 521 4371 hypocrisis,
543 4297 717 4370 abnegatura
741 4298 884 4358 Christum
905 4301 929 4356 si
978 4300 1048 4354 Cum
1067 4297 1166 4352 beatus
1183 4297 1286 4352 Paulos
1303 4295 1410 4351 clamet
1425 4311 1519 4368 neque
1534 4293 1644 4350 idolum
1666 4310 1726 4350 esse
1742 4293 1793 4348 ali-

108 4397 204 4447 males
217 4397 321 4463 urgeat
335 4392 383 4462 qui
399 4392 504 4460 premit
518 4391 692 4448 thurificatos
712 4399 762 4448 aut
775 4393 926 4450 libellatos.
979 4392 1048 4464 quid
1063 4407 1157 4462 neque
1173 4389 1376 4461 idolothytum.
1401 4389 1491 4445 multo
1516 4387 1611 4444 minus
1637 4387 1736 4442 lanum
1761 4403 1794 4443 ex

106 4487 204 4557 Atque
221 4485 252 4540 in
270 4485 315 4540 his
334 4484 422 4540 rebus
445 4501 510 4557 quae
531 4485 572 4540 sic
589 4486 665 4540 inter
682 4503 712 4542 se
733 4492 872 4558 pugnent,
897 4477 966 4550 ntl)
977 4484 1118 4558 lapidibus
1131 4488 1326 4540 constructam
1341 4485 1384 4538 est
1396 4481 1524 4554 aliquid;
1539 4487 1568 4537 et
1587 4484 1684 4538 maren
1703 4480 1793 4552 pluri·

102 4585 210 4634 neutra
238 4578 313 4634 ierat
337 4579 456 4634 alterius
482 4579 671 4648 consortium,
704 4580 817 4652 quoties
850 4581 926 4638 bane
974 4595 1086 4636 morum
1109 4577 1233 4632 emimus
1257 4591 1291 4631 ea
1314 4575 1452 4647 religione
1474 4577 1601 4642 tenetur,
1622 4575 1792 4629 utmortem

103 4672 320 4742 amplectimur,
350 4672 438 4728 aliam
465 4670 677 4742 abdicavimus;
702 4673 814 4746 quoties
839 4691 925 4731 unam
974 4670 1206 4745 oppetantcitius
1219 4685 1307 4743 quam
1326 4671 1443 4740 gustent
1457 4667 1539 4723 idelis
1555 4666 1745 4734 immolatum,
1764 4670 1795 4721 et

103 4765 272 4836 rejecimus,
285 4767 406 4820 alteram
419 4765 611 4836 agnoscimus.
623 4767 788 4838 Cujusmedi
802 4769 928 4824 suntlua
976 4765 1147 4837 inexpiabile
1168 4764 1314 4837 piaculum
1335 4777 1395 4816 esse
1415 4761 1529 4828 ducam,
1549 4759 1573 4814 si
1593 4757 1793 4824 ingrediantur

102 4864 134 4912 et
154 4857 294 4927 tenebrae,
319 4858 427 4914 hellam
452 4865 480 4915 et
498 4875 565 4930 pax,
585 4875 661 4914 mors
675 4865 701 4916 el
722 4860 790 4929 vita,
808 4862 880 4916 Deus
899 4867 928 4918 et
976 4863 1076 4917 lanum
1090 4858 1165 4914 levis
1180 4862 1229 4912 aut
1241 4853 1380 4929 Apollinis
1393 4859 1442 4910 aut
1457 4853 1565 4921 Dianae,
1584 4868 1673 4923 seque
1688 4853 1794 4925 putent

102 4951 211 5018 belial,
238 4951 481 5023 quemadmodum
506 4955 627 5012 testatur
650 4957 679 5009 et
700 4953 802 5008 beatus
825 4955 928 5011 Paratus
977 4957 1106 5010 contacta
1125 4948 1270 5006 simulacri
1286 4949 1470 5004 vehementer
1487 4944 1687 5003 contaminari.
1702 4945 1789 5016 Equi-

101 5024 133 5100 in
165 5045 292 5100 secunda
312 5045 348 5101 ad
366 5043 528 5103 Corinthios
547 5062 553 5100 :
571 5047 636 5114 Qua
657 5048 729 5102 enim
749 5049 929 5119 participatio
978 5047 1044 5102 dem
1057 5044 1148 5116 probo
1161 5043 1260 5098 talium
1272 5040 1455 5112 religionem,
1467 5038 1552 5096 sisibi
1563 5042 1675 5094 constet
1688 5037 1717 5091 in
1732 5052 1792 5092 om·

94 5142 221 5212 justitiae
245 5153 305 5194 cum
327 5141 492 5210 iniquitate?
518 5143 567 5195 aut
592 5155 652 5209 qua
674 5143 787 5198 societas
810 5143 866 5197 luci
892 5143 929 5198 ad
979 5139 1071 5196 nibus.
1086 5139 1175 5206 llunc,
1190 5134 1369 5208 prohdolorl
1386 5131 1687 5206 videreestquosdam
1703 5131 1734 5186 in
1748 5128 1793 5186 his

801 5238 907 5305 Variae
928 5238 1099 5305 lectiones.

136 5333 188 5396 (st)
221 5331 373 5396 Tberifieati
400 5337 447 5383 aet
473 5331 584 5384 libellati
599 5344 701 5384 nemea.
730 5333 791 5386 Hoc
823 5337 922 5387 iterum
972 5334 1059 5387 Cauta
1073 5329 1341 5396 athoclegendum.
1355 5329 1467 5380 Pareae.
1615 5395 1620 5408 .
1674 5395 1679 5406 .
1766 5395 1770 5405 Ι

99 5418 139 5456 ex
163 5405 198 5455 D.
225 5403 375 5468 Cypriane,
396 5404 444 5468 qui
467 5407 560 5455 temen
583 5401 740 5456 libellaticos
767 5413 921 5472 nuncupat.
1003 5405 1085 5468 libid
1103 5403 1240 5468 anomale
1260 5413 1309 5452 aas
1330 5399 1433 5452 Domini
1454 5395 1639 5449 inisericordsa
1658 5393 1791 5478 liberauit·

101 5475 218 5526 Potitia·
973 5477 1034 5528 Hoc
1045 5475 1129 5526 etiarn
1141 5471 1255 5532 addidit,
1269 5477 1300 5523 ut
1322 5471 1455 5536 Cypriani
1473 5467 1617 5521 videretur
1637 5465 1684 5516 bre
1711 5465 1792 5516 liber»

136 5547 186 5609 (tit
202 5548 240 5596 Ns
258 5545 323 5610 qualit
340 5545 484 5596 dubitares.
501 5546 589 5596 Nimis
612 5559 687 5610 saepe
712 5549 835 5600 inculcat
850 5549 924 5602 bene
974 5549 1078 5614 quippe
1093 5557 1177 5609 quem
1197 5544 1319 5608 magicas
1333 5547 1406 5593 artes
1418 5541 1574 5606 professum
1593 5537 1689 5598 luisse,
1702 5547 1790 5599 quan·

101 5623 212 5668 certam
227 5618 257 5667 ln
271 5617 322 5668 Dei
338 5617 432 5668 fldem.
452 5619 561 5670 Pausa.
975 5631 1060 5686 quam
1077 5629 1221 5682 perperam
1236 5613 1349 5680 quidam
1363 5613 1484 5664 traduat.
1501 5613 1611 5663 Pausa.

136 5687 323 5750 (latitarem.
343 5687 384 5738 lta
408 5700 489 5739 sorex
506 5701 558 5741 suo
575 5689 679 5741 indicio
701 5688 924 5754 deprehenditur.
1008 5689 1056 5752 (26)
1080 5686 1232 5739 Maccabei.
1255 5685 1341 5736 Recte
1364 5685 1405 5736 sic
1429 5684 1579 5746 Manutius,
1595 5691 1645 5745 pro
1665 5689 1698 5734 co
1721 5671 1796 5740 quod

101 5759 218 5810 Pansa.
980 5765 1050 5826 erat,
1062 5756 1210 5812 Maccabei.
1224 5757 1334 5813 Pausa.

142 5829 192 5898 (tl)
209 5829 342 5899 Uenacus
358 5829 454 5900 liapaa
469 5835 493 5886 st
508 5831 600 5886 talita
617 5832 748 5890 Christum
768 5833 927 5902 profitearis.
