3986 6208
6 283 7 288 a
82 245 122 298 res
493 205 496 212 ’
581 235 855 298 resumomonea
875 239 952 296 nov.
973 229 1110 295 menes
1129 232 1192 288 nin.
1213 231 1234 288 r.
1695 245 1747 302 ree

79 367 140 432 nisis,
164 371 191 418 et
212 380 345 420 universa
364 361 515 420 Librorum
534 363 703 435 spiritalium
727 363 876 422 volumine
887 366 973 450 Aris,
994 365 1017 420 si
1040 373 1070 432 tu
1093 391 1206 448 quoque
1235 376 1271 430 ad
1293 369 1415 428 eosdem
1433 365 1536 422 divinae
1562 367 1749 440 plenitudinis

79 456 228 531 perlegenti.
254 459 324 514 Nem
352 475 403 514 nes
433 475 508 514 nunc
530 459 566 514 de
589 460 691 516 divinis
715 460 879 516 tontibustt
930 463 1024 522 lenies
1072 469 1221 524 nobiscum
1255 467 1363 539 pariter
1398 467 1548 536 potaturus
1585 461 1747 523 accesseris.

6 589 7 602 ,
80 551 244 624 implevimus
273 551 414 608 modicum
437 553 514 626 qnod
537 553 587 609 tibi
613 553 728 609 interim
753 555 880 612 mittere·
931 558 1004 630 Opto
1018 562 1055 628 to,
1070 560 1111 616 lili
1123 561 1298 624 charissime,
1313 575 1426 632 semper
1437 559 1510 614 bene
1522 557 1629 614 velere.

6 641 7 718 ,
79 664 140 702 mus.
169 646 264 702 Bibere
278 646 395 702 uberius
410 648 432 682 ²¹
452 653 480 704 et
492 647 613 703 saturari
635 649 775 720 copiosius
799 656 878 722 pete·

768 905 1047 1002 CAPITULA

79 1101 208 1156 linteos
240 1103 269 1156 in
305 1101 432 1171 offeruem
447 1101 471 1136 ¹²
502 1103 551 1157 Dei
578 1103 699 1171 praviter
727 1102 884 1172 deliquisse,
934 1104 986 1159 llV.
1004 1106 1187 1172 Queridemus
1201 1113 1226 1162 et
1241 1107 1370 1177 templum
1391 1107 1440 1161 Dei
1461 1101 1617 1161 certetur
1638 1106 1751 1171 tuturus

108 1195 174 1264 praed
185 1196 328 1250 Dominum
342 1195 537 1265 dereliquerint
547 1200 572 1250 et
587 1196 662 1250 iricio
675 1197 761 1251 secuti
779 1197 845 1251 sint.
969 1203 1043 1270 esset,
1063 1207 1088 1255 et
1109 1207 1224 1257 cessaret
1244 1201 1373 1271 tempium
1392 1203 1478 1266 uetus,
1508 1206 1534 1254 et
1557 1214 1655 1254 nouum
1681 1201 1748 1254 inci·

80 1286 163 1361 678
189 1290 223 1344 ΙΙ.
248 1290 326 1356 item,
344 1289 417 1360 qued
435 1290 576 1359 Preplsetis
594 1304 649 1344 nen
672 1290 838 1346 crediderint
859 1295 885 1344 et
967 1298 1053 1362 peret.

108 1399 144 1438 eos
158 1383 354 1450 interfecerint.
933 1387 998 1442 XVI.
1014 1387 1091 1454 Queri
1113 1391 1275 1458 sreuifieium
1303 1394 1378 1444 uetus
1402 1391 1581 1446 coercueretur
1610 1394 1636 1444 et
1653 1403 1752 1444 aeuum

81 1477 117 1531 lll.
127 1477 195 1532 Ante
205 1477 369 1548 predictum
383 1477 455 1547 queri
478 1478 621 1532 Dominum
638 1492 722 1547 neque
739 1477 882 1548 sepulturi,
968 1481 1157 1538 celebraretur.

111 1585 188 1640 neque
200 1571 378 1639 intellecturi,
394 1586 478 1640 necnee
490 1573 626 1641 recepturi
637 1576 732 1626 esent.
895 1573 1011 1657 BXVM.
1047 1574 1124 1640 Quod
1149 1578 1330 1633 secerdotium
1359 1581 1434 1632 uetus
1468 1579 1592 1639 cessaret,
1618 1583 1643 1632 ct
1669 1593 1753 1632 aeuus

84 1665 119 1718 lv.
134 1663 208 1730 Quod
232 1666 387 1736 Scripturas
409 1671 518 1721 sanctes
538 1665 705 1720 intellecturi
722 1663 809 1720 iudea
830 1680 884 1719 nen
968 1669 1093 1724 sacerdes
1104 1673 1218 1733 ueniret,
1229 1673 1317 1742 quiin
1332 1677 1459 1726 eternum
1471 1673 1584 1738 tuturus
1602 1677 1677 1726 esset.

106 1763 194 1827 essent,
213 1759 337 1828 inteliipi
359 1764 450 1814 eutem
463 1757 594 1814 tribuent
613 1759 642 1812 in
660 1759 883 1814 nouissimistem·
935 1760 1023 1819 xvtlt.
1040 1764 1117 1830 Queri
1132 1765 1268 1834 Propheta
1295 1766 1367 1820 alius
1388 1767 1458 1820 siem
1476 1767 1579 1834 Moyses
1601 1767 1751 1835 premissus

104 1853 211 1922 peribus
223 1858 320 1923 posteo
334 1869 416 1922 quem
431 1853 554 1910 Christus
570 1855 693 1908 oenuset.
969 1854 1014 1921 sit,
1030 1854 1132 1908 scilicet
1156 1855 1205 1923 qui
1223 1857 1411 1909 testamentum
1431 1869 1530 1908 aeuum
1554 1854 1643 1920 aieret,
1662 1857 1752 1924 etqui

80 1946 279 2017 interspersa
303 1947 411 2002 Judaees
425 1947 577 2014 inteliiperc
596 1947 629 2002 de
647 1947 807 2018 seripturis,
829 1947 884 2000 nisi
969 1949 1057 2016 mepis
1071 1947 1165 2002 crudiri
1174 1947 1289 2003 deberet.

102 2041 176 2108 prices
188 2039 358 2096 crediderint
369 2043 398 2094 in
413 2039 559 2095 Christum.
933 2035 999 2090 xlx.
1016 2037 1093 2104 Quod
1104 2037 1158 2092 due
1170 2037 1269 2106 pepuli
1287 2037 1415 2106 predicti
1428 2038 1495 2099 sint,
1514 2035 1601 2104 minor
1615 2042 1640 2091 et
1653 2039 1752 2100 minor,

77 2134 109 2187 il.
123 2135 195 2200 Quod
206 2135 357 2190 Jerusalem
369 2135 507 2206 perdituri
524 2137 620 2202 essent,
638 2140 663 2188 et
685 2139 785 2190 terram
801 2149 883 2203 quem
969 2130 1000 2183 iri
1012 2133 1134 2186 esteetus
1145 2131 1311 2198 iudeorum,
1321 2134 1436 2185 ctnoous
1449 2132 1498 2200 qui
1510 2133 1575 2185 esset
1588 2146 1622 2185 cer
1635 2131 1717 2198 ‚nebu
1726 2129 1749 2164 ⁹⁷

6 2235 7 2270 l
106 2235 270 2297 acceperunt,
284 2229 419 2284 relicturi.
968 2225 1090 2290 tuturus.

6 2305 7 2356 i
79 2323 123 2376 tlt.
135 2324 209 2388 item,
227 2323 399 2392 prodessent
415 2324 546 2378 emusurr'
559 2323 649 2378 lumen
665 2322 781 2378 Domini.
935 2315 1031 2390 679
1058 2319 1114 2396 XM.
1137 2319 1215 2386 Quod
1235 2319 1366 2382 Ecclesia,
1379 2334 1438 2388 pue
1450 2320 1528 2389 prius
1542 2317 1640 2374 sterilis
1648 2321 1752 2390 neerei,

80 2415 132 2469 llll.
144 2417 397 2483 Quodcircurncisio
424 2419 515 2487 prima
541 2417 659 2472 cernetis
684 2419 816 2471 euecueta
835 2416 882 2482 stt,
966 2413 1137 2482 piurestliies
1150 2412 1278 2467 habiture
1291 2418 1357 2467 esset
1369 2427 1403 2468 eu
1422 2413 1556 2480 pentibus,
1577 2427 1660 2482 quem
1686 2417 1752 2483 quet

106 2517 127 2564 et
138 2511 258 2565 secunde
270 2511 405 2580 spiritatis
417 2512 577 2581 repromisse
590 2512 637 2566 sit.
968 2509 1113 2575 Synupepa
1126 2511 1189 2560 ente
1203 2506 1348 2561 iebuimet.

80 2601 112 2656 li.
135 2605 207 2670 Oued
224 2605 270 2658 len
292 2606 378 2674 prior,
401 2620 462 2675 pue
478 2619 527 2675 per
547 2606 658 2674 Meysen
672 2603 739 2658 dete
760 2607 808 2666 est,
830 2616 882 2656 ces·
933 2599 995 2654 lilii.
1009 2599 1086 2667 Quod
1098 2603 1187 2668 pentes
1200 2601 1287 2667 meeis
1300 2602 1329 2654 in
1343 2597 1478 2655 Christum
1493 2600 1639 2656 credituro
1655 2605 1752 2657 essent.

108 2704 195 2754 sature
209 2703 290 2754 esset.
933 2693 1008 2748 xxti.
1031 2692 1108 2760 eece
1119 2707 1220 2762 penem
1240 2698 1265 2747 et
1279 2693 1390 2748 culicem
1414 2691 1519 2748 Christi
1531 2697 1557 2748 et
1568 2707 1673 2749 multem
1693 2709 1755 2763 ere·

6 2863 7 2868 ¹
80 2791 103 2844 i.
117 2791 327 2858 Ouedtecnoea
343 2791 405 2847 deri
420 2793 538 2848 nebunt.
969 2785 1105 2854 tiamejne
1124 2786 1254 2841 amissuri
1283 2792 1370 2842 essent
1399 2787 1497 2857 turiei,
1513 2803 1641 2854 noscere
1665 2803 1757 2860 eccep-

6 2919 7 2954 ;
79 2886 114 2940 M.
126 2887 199 2951 Orroei
211 2888 356 2956 dispositio
368 2888 426 2941 atta
446 2892 472 2942 et
494 2889 682 2942 testamentum
704 2900 803 2940 nevum
820 2882 884 2938 deri
969 2881 1036 2948 turi,
1050 2885 1074 2934 et
1089 2880 1162 2951 quod
1187 2879 1405 2936 Christianorum
1434 2896 1534 2938 nouum
1556 2897 1651 2938 nemen
1677 2883 1755 2939 bene·

6 2961 8 3012 i
108 2981 258 3036 laborasti.
892 2962 919 3038 C
967 2974 1102 3029 dicereittt·
1116 2975 1249 3028 interris.

80 3072 124 3127 ill.
145 3075 222 3142 Quod
252 3075 423 3145 baptisme³⁸
459 3079 536 3128 uetus
564 3077 676 3129 cessaret
701 3079 727 3126 et
753 3071 885 3126 nerumii
937 3066 1035 3140 680
1052 3067 1543 3138 XXlll.Quededrepnumcecierum
1564 3073 1651 3139 meeis
1666 3075 1757 3139 pentes

6 3145 7 3200 ἶ
107 3169 243 3238 inceperet.
970 3162 1338 3233 quamiueiaeipereenient.

6 3249 7 3252 ’
80 3259 222 3329 illlQuod
231 3261 333 3332 jupum
355 3267 429 3318 ectus
455 3266 643 3326 evacuaretur,
664 3267 690 3316 et
707 3261 809 3330 jupum
834 3274 883 3315 ne·
934 3257 1020 3312 xxiv.
1035 3255 1176 3324 monceio
1190 3256 1237 3311 trec
1262 3255 1355 3311 iudei
1380 3257 1499 3326 cmipere
1525 3258 1632 3313 nenium
1650 3259 1757 3328 possint

107 3369 161 3408 runs
173 3356 301 3410 narretur.
971 3351 1130 3406 delictorum
1157 3365 1288 3418 suerum,
1317 3352 1341 3405 si
1368 3352 1531 3421 sanquinem
1555 3352 1656 3409 Christi
1681 3353 1760 3408 eccisi

6 3459 7 3480 ¹
80 3447 136 3503 llil.
154 3449 233 3515 Quod
249 3453 371 3520 pastores
390 3455 491 3505 veteres
503 3451 637 3506 cessaturi
655 3455 753 3516 essent,
777 3453 803 3503 et
820 3451 883 3504 neci
969 3447 1107 3516 Baptisme
1130 3444 1186 3515 uas
1210 3444 1361 3513 abluerint,
1386 3448 1411 3500 et
1440 3447 1471 3499 in
1504 3445 1650 3503 Ecclesium
1671 3450 1759 3502 trans·

6 3539 7 3552 ¹
107 3545 261 3614 inciperent.
969 3545 1071 3608 euntes,
1089 3540 1233 3611 preceptis
1245 3538 1300 3609 usu
1314 3537 1537 3611 obtemperarint.

759 3661 861 3728 Veriae
889 3663 1057 3728 lectiones.

105 3769 275 3825 ‘liibrerum
297 3769 441 3824 volumina
456 3775 527 3824 Lam.
541 3774 599 3824 Lin.
613 3773 667 3826 ΝΟ.
684 3775 706 3825 l.
753 3775 775 3808 ¹⁰
786 3777 896 3826 Diviuae
909 3773 1091 3840 plenitudinis
1108 3772 1193 3822 lente.
1214 3771 1280 3820 Vere.
1295 3771 1319 3821 3.
1369 3769 1389 3822 'l
1400 3771 1499 3822 Bibere
1519 3770 1635 3822 liberius
1657 3773 1718 3824 tted.
1735 3775 1751 3826 4

79 3841 209 3895 ‘'Offenea
232 3845 339 3894 Vosne.
373 3844 526 3896 ¹³Deberst
543 3843 609 3894 Voss.
626 3845 649 3894 t.
683 3846 704 3878 ¹⁵
721 3845 815 3896 Novus
834 3845 936 3895 Vocat.
970 3840 991 3876 ¹⁸
1004 3842 1151 3908 Templum
1165 3839 1293 3892 Christus
1312 3840 1378 3890 Voss.
1392 3842 1416 3890 t.
1450 3839 1471 3873 ¹⁷
1486 3841 1569 3892 Novis
1583 3841 1646 3892 liert.
1662 3843 1683 3892 t.

532 4253 1294 4385 TESTIMOMIORUM

765 4537 882 4604 LIBER
904 4537 1053 4604 PRIMUS

81 4923 133 4978 Cre.
155 4929 175 4982 1.
203 4957 238 4968 -
257 4929 364 4986 testeos
389 4933 418 4986 in
443 4931 572 5001 offensem
596 4933 645 4986 Dei
658 4935 780 5000 praviter
808 4933 879 4988 deti·
935 4931 1045 4986 minium
1061 4947 1068 4986 :
1087 4952 1100 4980 «
1115 4931 1228 4996 Precor,
1244 4927 1293 4994 eit,
1310 4925 1428 4982 Domine
1449 4925 1484 4994 ³¹,
1498 4922 1619 4996 deliquit
1636 4926 1756 4997 populus

6 5035 7 5040 ¹
111 5009 203 5101 lumi,
228 5010 303 5101 timii
330 5011 473 5066 ”minum
494 5013 688 5082 dereliquerim
710 5013 734 5048 ³⁸
754 5019 781 5068 θί
809 5013 884 5068 idota
937 5026 983 5081 hic
999 5021 1253 5094 delictumgrsnde
1274 5022 1310 5075 ³¹.
1332 5021 1473 5076 Fecerunt
1495 5017 1549 5074 sibi
1564 5017 1633 5073 dees
1654 5035 1758 5075 aureos

111 5093 190 5141 Μ’
207 5095 273 5143 Μ’·
938 5125 964 5174 el
989 5123 1160 5190 argenteum
1176 5119 1204 5172 et
1219 5132 1306 5186 nunc,
1321 5114 1344 5169 si
1365 5111 1486 5169 dimittis
1506 5112 1533 5167 ei
1552 5111 1698 5182 delictum,
1714 5114 1757 5169 di-

111 5204 138 5258 ln
153 5207 246 5264 Exodo
259 5211 382 5282 populus
402 5213 538 5268 adneron
553 5236 559 5268 :
575 5235 589 5264 n
605 5215 732 5285 Exsurge
754 5220 782 5270 st
798 5214 842 5269 lec
864 5215 888 5249 ¹⁸
939 5213 1042 5280 mitte;
1057 5211 1225 5279 sinentem,
1242 5209 1304 5265 dele
1317 5209 1407 5264 mede
1420 5207 1495 5262 libro
1509 5222 1601 5278 quem
1619 5207 1758 5278 scripsisti

83 5297 157 5353 nobis
171 5300 241 5357 deos
252 5304 302 5374 qni
311 5307 543 5377 nespraecedant,
560 5307 627 5379 qnia
640 5309 758 5379 Moyses,
782 5309 828 5363 vir
842 5307 890 5363 hic
938 5307 974 5360 Et
985 5305 1057 5361 dixit
1071 5303 1208 5360 Dominus
1221 5303 1257 5358 ed
1273 5304 1386 5375 Meysen
1402 5318 1409 5356 ε
1430 5300 1459 5356 Si
1480 5299 1543 5372 quis
1557 5299 1679 5373 deliquit
1692 5307 1759 5360 ante

6 5457 7 5460 Ἴ
85 5393 124 5458 qui
139 5393 162 5428 ³⁰
186 5413 239 5451 nes
252 5397 335 5468 ejecit
347 5399 382 5454 de
405 5399 536 5472 AEgypte,
554 5401 660 5473 quidsi
679 5401 812 5457 acciderit
831 5417 890 5456 nen
940 5417 998 5467 mc,
1010 5385 1129 5456 deleam'
1148 5398 1231 5453 illum
1249 5398 1283 5453 de
1308 5397 1380 5452 libre
1397 5411 1461 5451 mee
1488 5417 1502 5446 n
1530 5395 1625 5466 (ibim,
1653 5398 1758 5470 31-33).

87 5485 179 5542 seimus
192 5509 207 5540 r
222 5490 330 5560 tusce„
343 5509 426 5564 xxxii,
442 5493 479 5564 t).
497 5497 566 5550 item
579 5496 635 5552 illic
660 5495 768 5567 Moyses
783 5496 818 5551 nd
836 5496 891 5550 Do·
943 5495 1013 5550 ltem
1027 5494 1056 5548 in
1076 5491 1299 5549 Deuteronomio
1315 5509 1322 5547 ι
1339 5489 1600 5548 «sacrificaverunt
1612 5488 1761 5547 daemoniis

775 5632 880 5697 Veriae
901 5631 1071 5696 lectiones.

6 5811 7 5816 η
113 5743 315 5816 “Reliquerint
339 5755 401 5806 Tin.
420 5755 489 5807 Fors.
505 5755 579 5806 Cori.
613 5757 782 5822 rursusne,
803 5758 848 5809 luc
870 5755 970 5808 trouu
1005 5754 1025 5788 ³⁰
1047 5753 1097 5806 Vir
1122 5754 1172 5820 qui
1197 5753 1272 5804 Cere.
1306 5753 1327 5790 ³⁸
1339 5753 1450 5814 Precor,
1470 5753 1590 5810 Domine
1609 5749 1670 5804 Teu·
1693 5751 1761 5802 Fert·

86 5811 155 5868 ecre.
193 5821 214 5852 ¹¹
231 5821 411 5894 Populushic
421 5827 527 5892 munde
539 5827 607 5878 ltere.
