4080 6200
112 261 149 315 sno
251 269 253 272 ·
764 251 926 309 etrtsronn
945 247 1056 304 xxxta.
1701 253 1753 307 aso

110 383 209 450 insistite,
227 383 253 436 et
274 395 371 451 preces
397 385 505 436 nostras
526 379 626 436 vestus
649 380 779 452 precibus
801 379 883 450 adjo-
897 375 1103 464 ,indignatione
1132 376 1326 446 conjunctum.
1351 375 1404 441 Qui
1432 391 1495 431 curn
1519 377 1677 432 consentire
1701 375 1751 432 do·

35 523 36 526 ,
107 483 160 545 rate,
182 477 206 530 ut
231 473 339 529 Domini
364 474 559 530 misericordia
587 475 684 530 lavans
712 474 802 543 nobis,
829 475 885 530 cito
936 471 1041 526 bitaret
1068 471 1210 536 ccclesiae,
1238 469 1325 541 ipsios
1351 471 1499 526 admonitu
1527 473 1555 525 et
1582 471 1697 526 hortatu
1724 471 1754 526 in

35 593 37 720 l

108 571 160 644 plebi
185 585 234 623 sua
266 573 294 622 et
324 569 499 624 sacerdotem
532 569 632 625 reddat
659 567 832 624 incolumem
858 572 886 623 et
936 565 1043 620 visione
1059 580 1108 636 pen·
1123 568 1234 618 noctem
1252 565 1414 636 compulsus
1428 573 1468 619 est
1481 581 1516 620 nc
1531 569 1650 637 negaret
1665 567 1688 598 ⁹⁹
1702 582 1754 618 no-

105 671 227 736 narlyrem
242 678 305 717 cum
326 663 470 718 sacerdote
491 663 637 718 lectorem.
660 663 732 734 Opto
754 679 811 730 vos,
826 663 883 718 ira·
935 659 977 712 bis
993 658 1187 714 suadentibus.
1208 658 1258 714 Cui
1279 658 1342 728 plns
1365 657 1443 712 licuit
1457 659 1509 728 too]
1529 662 1557 712 ct
1575 660 1667 729 coegit
1686 661 1755 730 quia

35 771 36 776 ’
105 765 147 814 tres
168 757 315 813 charissimi
339 759 374 824 ⁹⁸,
399 757 429 813 in
453 757 510 812 lieo
535 759 615 813 Patre
637 759 666 811 el
687 757 797 814 Christo
820 759 885 812 iesu
935 769 988 807 nec
1003 753 1045 808 las
1059 753 1151 807 luerat
1167 768 1216 806 nec
1230 751 1348 806 decebat
1362 752 1424 805 siue
1437 752 1547 808 honore
1567 752 1754 807 ecclesiastico

105 851 268 924 superbene
281 852 386 906 valere.
936 861 1097 917 essequam
1116 847 1155 900 sic
1179 845 1315 902 [lominus
1338 843 1487 900 honoravit
1511 843 1629 901 coelestis
1654 845 1752 916 gloriae

296 953 460 1010 artsrom
482 955 578 1010 lllllllV
591 953 657 1024 (88).
936 939 1087 1012 dignitate.

103 1057 195 1120 (ng
208 1067 242 1117 p,
255 1060 285 1119 ⁵3
301 1057 409 1118 pamel,
431 1056 534 1121 inignit,
559 1057 656 1118 Mag,
675 1067 769 1118 mm
795 1055 886 1119 pagg,
971 1035 1003 1090 ll.
1026 1034 1074 1089 llic
1095 1033 1132 1090 ad
1157 1034 1293 1104 temporis
1315 1033 1405 1087 nostri
1432 1031 1561 1104 praelium
1583 1033 1691 1105 primus
1715 1035 1750 1098 ⁹⁹,

271 1127 678 1192 1111113020n-‚Lipa.‚1xx¹1·l
937 1129 982 1184 hie
1008 1129 1083 1183 inter
1107 1127 1209 1184 Christi
1236 1127 1341 1182 milites
1365 1126 1582 1199 antesignanus,
1605 1127 1651 1181 hic
1679 1128 1754 1182 inter

35 1271 36 1288 ,
103 1239 127 1276 nn
142 1237 233 1278 cernua
258 1237 289 1276 rr
316 1238 428 1292 reuoca,
449 1239 482 1277 nn
508 1237 637 1278 censnrno
668 1237 782 1278 necrone
807 1239 884 1278 onor·
936 1222 1141 1294 persecutionis
1155 1221 1238 1276 initia
1251 1219 1393 1276 ferventia
1409 1236 1473 1275 cum
1488 1221 1549 1292 ipso
1568 1221 1754 1278 infestationis

435 1319 513 1360 NATO·
802 1317 808 1330 ’
936 1316 1064 1388 principe
1079 1319 1107 1370 et
1125 1319 1240 1370 auctore
1257 1330 1434 1386 congressus,
1451 1315 1517 1370 dom
1540 1315 1753 1388 inexpugnabili

102 1410 231 1462 laecanius
269 1421 336 1476 pene
370 1407 490 1474 ejust
529 1411 567 1464 est
603 1423 663 1462 cam
699 1406 884 1478 maechati,
936 1410 1069 1465 firmitate
1095 1409 1258 1464 certaminis
1284 1409 1326 1462 sui
1354 1408 1546 1464 adversarium
1575 1409 1671 1476 vincit,
1690 1409 1753 1464 nin-

128 1503 290 1566 paerlirthm
313 1497 387 1566 quod
410 1498 503 1552 multis
528 1497 691 1553 commendet
717 1497 834 1552 Celerini
855 1499 885 1551 sn
935 1505 1019 1560 cendi
1032 1505 1142 1559 caeteris
1158 1503 1232 1557 viam
1247 1502 1323 1570 iecit,
1337 1517 1395 1556 nou
1413 1501 1490 1556 breri
1507 1503 1678 1574 compendio
1693 1504 1750 1558 vul-

128 1587 272 1652 consessione
288 1587 356 1656 fidei
373 1589 566 1642 mmmmm·
584 1590 730 1657 Utramque
747 1592 837 1641 “lilim
855 1589 885 1640 in
935 1613 1036 1654 aerum
1048 1597 1146 1666 victor,
1159 1596 1207 1651 sed
1221 1594 1317 1669 322
1338 1595 1549 1652 adherentibus
1569 1597 1616 1650 diu
1638 1601 1666 1651 et
1685 1613 1750 1668 pcr-

125 1690 207 1730 Will‘
236 1677 383 1746 millam»
412 1678 479 1746 ipsa
507 1681 647 1734 ⁰⁰¹¹le
677 1679 886 1732 “immitam
936 1689 1246 1761 manentibustpoenis
1268 1689 1363 1760 lougae
1386 1689 1591 1744 colluctationis
1615 1690 1750 1746 miraculo

124 1767 316 1822 mmmmm·
895 1772 1137 1856 Btriumphator.
1158 1785 1212 1838 Per
1237 1782 1335 1838 decem
1361 1788 1390 1838 et
1410 1797 1513 1838 novem
1538 1783 1598 1838 dice
1622 1785 1751 1840 custodia

124 1873 139 1926 l.
158 1871 307 1943 Cyprianus
329 1869 504 1942 presbyteris
523 1876 551 1926 et
573 1869 737 1926 diaconibus
758 1876 787 1926 et
810 1870 885 1941 plebi
936 1877 1056 1934 carceris
1070 1881 1167 1948 septus
1186 1877 1215 1930 in
1239 1893 1325 1931 nervo
1347 1893 1381 1930 ac
1402 1876 1476 1932 len-ro
1499 1875 1568 1944 luit,
1586 1879 1643 1946 sed,
1659 1879 1750 1948 posito

101 1964 221 2033 universa,
249 1963 342 2038 321
371 1963 506 2020 fratribus
532 1964 562 2020 in
587 1964 725 2034 Domino,
754 1965 882 2020 salutem.
934 1971 1094 2028 invinculis
1116 1972 1368 2042 eorporc,solutus
1391 1987 1422 2026 ac
1442 1969 1516 2025 liber
1537 1971 1651 2042 spiritus
1670 1989 1749 2028 nnan-

35 2107 36 2130 ,
98 2059 259 2129 ignoscenda
278 2063 308 2114 et
327 2058 525 2130 amplectenda
544 2063 621 2126 sunl,
642 2058 742 2112 fratres
762 2057 884 2112 dilectis·
936 2066 980 2121 sit.
995 2067 1064 2122 Caro
1085 2065 1171 2120 famis
1193 2081 1224 2118 ac
1244 2064 1303 2119 sitis
1323 2063 1509 2134 diuturnitate
1528 2065 1683 2132 contabuit,
1701 2067 1750 2120 sed

99 2153 156 2213 simi,
184 2153 318 2208 beneficia
350 2153 455 2221 divina,
482 2151 585 2225 quibos
620 2151 770 2208 Ecclesiam
803 2169 884 2207 suam
936 2159 1063 2214 animam
1076 2158 1129 2213 lide
1146 2163 1174 2213 et
1187 2158 1289 2212 virtute
1304 2157 1446 2212 viventem
1466 2158 1648 2214 nutrimentis
1667 2159 1748 2231 spiri-

35 2245 37 2300 ἲ
98 2246 209 2302 hominus
223 2246 364 2303 illustrare
378 2246 553 2317 temporibus
572 2246 674 2301 uostris
693 2248 723 2301 et
736 2247 885 2302 honestare
935 2253 1038 2310 talibus
1061 2255 1135 2308 Deus
1156 2253 1240 2324 parit.
1256 2253 1347 2307 lacuit
1367 2251 1442 2308 inter
1463 2269 1558 2322 poenas
1582 2254 1671 2323 pranis
1693 2255 1750 2310 suis

35 2335 36 2406 ἶ
98 2341 206 2411 dignitus
220 2346 270 2412 esi,
284 2344 481 2397 0⁰m1110⁸lum
497 2341 551 2412 (89)
567 2340 659 2396 (1111110
678 2341 760 2396 b⁰11i⁵
774 2341 885 2395 ⁰011f08·
935 2349 1044 2416 fortior,
1067 2347 1190 2402 inclusus
1215 2345 1423 2402 includentibus
1445 2346 1536 2416 major
1561 2349 1626 2416 (911,
1650 2349 1750 2420 jacens

96 2434 182 2489 son'bos
205 2437 261 2492 suis
288 2440 319 2491 et
343 2435 517 2506 martyribus
538 2435 676 2506 gloriosis,
703 2440 744 2502 ut,
767 2434 814 2506 qui
837 2451 883 2488 su·
936 2442 1073 2497 euntibus
1088 2441 1198 2506 celsior,
1213 2439 1400 2504 vincientibus
1419 2439 1526 2494 tirmior
1545 2440 1654 2496 vinetus
1667 2443 1687 2511 ²,
1703 2459 1749 2498 su-

97 2527 197 2586 blimiter
208 2531 351 2587 Christum
366 2529 486 2586 confessi
506 2533 607 2598 essent,
630 2531 737 2584 clerum
757 2532 884 2600 postmo·
935 2535 1051 2590 blimior
1071 2533 1266 2605 judicantibus
1287 2533 1430 2604 judicatus
1440 2551 1448 2602 ;
1473 2539 1500 2588 et
1520 2536 1649 2606 quamvis
1668 2537 1749 2608 ligati

35 2687 36 2692 ἵ
96 2621 147 2676 donn
170 2625 268 2680 Christi
290 2625 458 2680 ministeriis
482 2623 676 2679 ecclesiasticis
702 2623 884 2678 adornarent.
936 2645 1021 2684 nervo
1035 2629 1121 2700 pedes
1140 2629 1244 2696 assent,
1259 2626 1379 2682 calcatus
1399 2629 1451 2698 (91)
1475 2643 1593 2699 serpens
1616 2633 1645 2684 et
1659 2631 1746 2686 obtri-

95 2715 209 2771 inuans
233 2717 330 2790 itaque
358 2723 387 2773 et
418 2717 540 2788 gaudete
573 2715 718 2771 nobiscum
746 2717 884 2772 liliori⁵⁹⁷
936 2729 1024 2780 tusci
1046 2724 1203 2778 victusest.
1220 2721 1326 2775 Luceni
1348 2721 1649 2792 incorporcglorioso
1673 2725 1750 2781 clara

35 2865 36 2870 ,
94 2810 297 2884 roins,quihns
322 2817 418 2883 egoet
438 2810 555 2881 collegae
577 2811 635 2865 mei
659 2809 707 2880 qui
729 2816 885 2880 praesentes
935 2818 1087 2872 sulnrerum
1113 2815 1205 2886 signa,
1227 2814 1357 2868 eminant
1380 2820 1409 2868 et
1431 2817 1593 2886 apparent³
1612 2817 1750 2874 innervis

96 2903 212 2974 adereat,
244 2905 401 2962 refer-imus
430 2904 466 2958 ad
498 2921 544 2959 ros
573 2903 736 2960 celerinum
769 2903 885 2959 lrntrem
937 2909 1061 2964 hominis
1085 2925 1117 2964 an
1141 2909 1279 2964 membris
1300 2907 1385 2979 longa
1406 2909 1672 2982 lahe'consumptis
1700 2929 1747 2966 ex-

95 3009 208 3072 nostmm,
221 3003 376 3060 sitientibus
400 3002 555 3075 peniteret
576 3003 705 3058 moribus
721 3003 884 3074 gloriosum,
937 3019 1033 3075 pressa
1055 3003 1184 3074 vestigia.
1211 3003 1282 3058 Sunt
1305 3017 1421 3073 magna,
1448 3007 1515 3057 sunt
1535 3005 1609 3059 mira
1629 3021 1692 3076 quas
1713 3006 1748 3061 de

95 3093 151 3150 clero
163 3105 265 3168 nostro,
283 3115 345 3154 non
363 3099 489 3154 humana
509 3095 711 3168 suffragatione
727 3097 776 3150 scd
792 3096 886 3151 divina
897 3053 924 3128 C
935 3097 1086 3152 virtutibus
1099 3097 1160 3168 ejus
1178 3113 1209 3151 ac
1231 3095 1362 3151 laudibus
1381 3095 1541 3152 irateruitas
1556 3097 1662 3154 audiat.
1678 3101 1749 3156 Etsi

758 3220 863 3286 Variae
889 3221 1056 3286 lectiones.

118 3339 252 3406 ilSemper
279 3341 348 3393 odd.
375 3345 443 3394 Pem.
475 3343 542 3392 Voss.
567 3345 591 3391 1.
619 3341 689 3392 Lam
719 3341 774 3390 tia.
801 3340 854 3392 ΝΕ.
880 3343 903 3390 1.
927 3342 943 3392 t
982 3341 1015 3392 Et
1037 3341 1124 3394 nostd
1151 3341 1312 3392 meminisse
1341 3341 1412 3391 tom.
1441 3341 1496 3392 NG.
1522 3344 1544 3392 l.
1608 3343 1628 3378 ⁹⁷
1650 3344 1743 3398 Lectis

95 3408 169 3460 litteris
195 3413 272 3464 Onon
297 3427 331 3463 ca
357 3413 452 3464 matta
478 3412 537 3464 edd.
562 3417 587 3464 ei
613 3411 686 3463 codd.
743 3410 764 3446 ⁹⁸
778 3411 827 3461 Est
852 3415 965 3475 negaret
991 3413 1088 3476 iii'pntt.
1143 3411 1165 3446 ⁰⁹
1179 3413 1289 3463 Primus
1313 3413 1454 3476 ingressus
1485 3414 1553 3464 anm.
1584 3414 1659 3466 Edon.
1686 3418 1747 3468 Bra.

94 3479 199 3603 papa
219 3483 448 3536 'adamantibus
471 3483 545 3534 Cori.
595 3481 804 3534 ¹Vincentibue
808 3517 918 3531 .....
932 3483 1021 3533 rictus
1049 3483 1126 3535 Edon.
1152 3483 1206 3534 Nc.
1231 3484 1255 3533 1.
1306 3482 1459 3534 ³Eminent
1485 3489 1647 3548 apparenter
1674 3488 1743 3540 Lora

713 3629 824 3712 Staph.
850 3628 973 3692 Baluaii
993 3635 1093 3692 notae.

116 3747 154 3808 llll
180 3747 207 3800 ln
237 3750 338 3802 codice
363 3750 408 3801 137
433 3749 610 3802 bibliothecae
644 3749 813 3802 Colbcrtiasa
841 3751 882 3800 sic
933 3753 961 3800 et
991 3749 1097 3812 Anglos
1131 3755 1241 3814 propter
1273 3753 1394 3800 castrum
1425 3750 1514 3800 sancti
1547 3749 1677 3802 Celerini.
1715 3755 1745 3804 ln

94 3818 201 3879 nuptum
232 3824 274 3872 cst
304 3823 335 3871 in
364 3820 442 3872 titulo
473 3823 552 3872 iatius
588 3821 720 3886 Epistola}
759 3837 764 3869 :
790 3821 883 3886 incipit
934 3817 1110 3870 chartulario
1131 3821 1379 3884 supranominato,
1398 3823 1431 3869 ut
1451 3818 1524 3869 adid
1545 3820 1655 3871 redeam
1670 3824 1746 3873 unde

35 3937 36 3940 ,
94 3885 189 3946 Epistola
207 3893 293 3942 coacti
311 3892 443 3957 Cypriani
463 3894 577 3956 episcopi
597 3893 629 3943 de
651 3891 770 3944 Celerina
791 3890 884 3942 tectore
933 3890 1073 3954 digressus
1086 3905 1157 3953 eum,
1174 3889 1482 3955 reperiodoaumquod
1495 3895 1618 3954 tempore
1633 3893 1745 3944 Bartho-

94 3959 119 4006 11
136 3961 236 4024 plebem,
267 3965 349 4028 cujus
380 3963 480 4014 aetolis
509 3964 657 4015 celebrator
684 3965 762 4014 tertio
792 3965 882 4014 Nouos
932 3961 1024 4012 lomeei
1049 3962 1158 4012 abbatis
1184 3963 1250 4014 lecit
1275 3962 1357 4026 Hugo
1378 3961 1509 4012 dominus
1533 3961 1567 4012 de
1590 3963 1744 4028 Brajetello.

35 4029 36 4080 i
95 4029 328 4086 lesmorrensem.
355 4034 422 4098 latus
447 4037 521 4085 enim
539 4034 648 4090 hecdie
669 4035 828 4086 mentioest
853 4035 881 4082 in
932 4032 1014 4082 Dedit
1035 4037 1137 4096 autem,
1156 4037 1298 4085 annuente
1323 4045 1409 4084 uxore
1431 4045 1491 4094 sua,
1507 4035 1746 4088 consentientibus

35 4097 36 4142 i
95 4095 277 4168 hertnnologiis.
300 4105 338 4156 At
363 4105 392 4154 in
416 4105 534 4156 ecclesia
561 4107 622 4168 ejns
645 4106 750 4156 nomini
773 4105 881 4164 dicata,
932 4117 1045 4168 quoque
1068 4103 1218 4155 Gauiiredo
1241 4115 1343 4168 genero
1370 4105 1430 4166 eius
1456 4107 1483 4152 et
1503 4101 1560 4154 fitia
1585 4106 1644 4168 ejus
1670 4107 1744 4158 Her-

35 4219 36 4250 ,
94 4165 118 4217 de
139 4185 185 4236 qua
208 4189 272 4226 mox
300 4175 403 4234 dicam,
432 4176 533 4226 testum
563 4177 625 4239 ejus
650 4176 807 4227 celebratur
836 4176 882 4226 die
931 4174 1458 4238 vise,«Quamdamecclesiamquam
1473 4176 1745 4238 eoeperataeoiueare

94 4245 185 4302 septima
214 4246 288 4297 llaii.
317 4248 349 4297 ln
376 4247 572 4298 vetustissimo
601 4247 795 4312 Martyrologio
821 4260 881 4297 mo·
932 4244 1107 4296 inhonorem
1122 4251 1226 4297 sanetae
1239 4245 1382 4296 Trinitatis
1394 4245 1423 4294 in
1436 4245 1567 4310 parochia
1582 4250 1672 4298 sancti
1687 4248 1745 4300 Ce-

95 4315 180 4365 raterii
208 4316 404 4380 Gatianensis,
436 4332 501 4370 cum
536 4331 592 4381 quo
623 4319 773 4371 coneordat
801 4322 881 4370 vetus
930 4315 1021 4376 lerini,
1036 4318 1122 4380 ipsam
1133 4318 1282 4369 ecclesiam
1298 4317 1386 4368 sancii
1402 4315 1522 4368 Celerini
1535 4330 1599 4367 eum
1614 4321 1745 4372 omnibus

94 4383 160 4434 codex
180 4389 339 4440 monasterii
364 4391 453 4440 sancti
481 4388 554 4440 Galli
578 4389 607 4439 in
630 4389 767 4452 Helvetia,
787 4391 881 4440 nomi·
930 4387 1085 4438 redditibus
1100 4388 1134 4438 ad
1150 4401 1211 4438 eam
1223 4387 1434 4452 pcrtinentibus.
1451 4405 1465 4434 »

94 4459 154 4504 netur
171 4471 202 4510 co
224 4459 269 4510 die
286 4459 509 4521 calatunnam
527 4460 633 4525 absum
655 4460 743 4518 titulo,
768 4461 816 4526 qui
835 4464 879 4510 ta·
962 4461 1011 4522 (eo)
1037 4461 1221 4510 Commeatum.
1244 4459 1274 4508 ld
1296 4463 1337 4509 est
1361 4462 1546 4510 commeatum
1565 4463 1744 4523 permanendi

94 4536 139 4576 meu
160 4529 184 4580 in
201 4529 393 4582 additionibus
415 4531 567 4583 adnoram
587 4523 737 4583 editionem
760 4509 1023 4583 UsuardlDadhuc
1051 4531 1249 4596 aliquantisper
1280 4532 1309 4580 in
1346 4531 1460 4590 saeculo,
1489 4535 1520 4580 ut
1552 4533 1690 4596 explicat,
1717 4541 1745 4585 et

94 4603 183 4650 rentur
202 4604 351 4667 episeopus
373 4605 401 4652 et
422 4604 572 4654 consessor.
603 4603 633 4652 ln
649 4602 761 4654 dioecesi
784 4603 879 4654 Ceno·
930 4607 1014 4664 recte,
1030 4603 1173 4664 Rigaltius.
1189 4601 1379 4664 Hieronymus
1399 4602 1427 4650 ia
1441 4600 1558 4661 Epistola
1579 4603 1743 4654 odPoalom

94 4673 194 4721 monensi
222 4679 315 4724 exstat
345 4674 511 4738 paroehialis
537 4674 657 4726 ecclesia
681 4673 735 4724 sub
768 4675 881 4726 nomine
931 4685 1014 4737 super
1038 4673 1114 4723 obitu
1141 4672 1270 4722 blaesillae
1294 4671 1743 4738 iitine:«1iaquerinmspiritus

94 4745 160 4792 aneti
176 4743 294 4797 Celerini
317 4746 475 4798 adsertam
488 4745 616 4808 nuvium,
637 4745 879 4807 media‚utaiunt,
930 4745 981 4794 hos
1009 4749 1084 4794 artus
1114 4745 1203 4808 regit,
1230 4742 1296 4792 donn
1324 4743 1386 4792 vitm
1415 4741 1498 4804 hujus
1524 4743 1642 4794 fruimur
1666 4760 1742 4797 com·

96 4811 126 4858 ria
143 4815 203 4864 inter
224 4817 335 4867 Bellum
362 4822 484 4867 montem
502 4822 531 4868 et
553 4817 748 4868 Alenconium.
774 4817 814 4868 lbi
839 4826 880 4868 est
931 4821 1032 4865 meatu.
1046 4832 1061 4862 n

95 4882 203 4941 prioratus
226 4887 336 4936 ordinis
366 4887 453 4937 sancti
477 4887 629 4938 Benedicti.
656 4889 685 4938 ln
712 4889 880 4939 chartulario
962 4887 1009 4948 (90)
1034 4887 1082 4936 Cui
1096 4883 1249 4950 plnslieut't.
1267 4883 1314 4933 Sic
1331 4881 1567 4947 distinguendum.
1589 4885 1625 4936 Ut
1648 4893 1742 4941 autem

95 4949 272 5008 Cenomaneusi
292 4958 403 5020 Maioris
417 4960 578 5010 monasterii
598 4959 780 5022 Turonensis,
794 4975 808 5010 a
824 4975 880 5024 quo
931 4959 968 5009 ita
981 4959 1101 5008 iacerem
1114 4969 1212 5006 sensus
1233 4955 1292 5018 ipse
1307 4953 1444 5016 monebat,
1461 4959 1488 5006 et
1502 4961 1642 5008 auctorem
1658 4959 1743 5024 habui

95 5021 203 5086 dependet
233 5029 281 5080 hic
318 5031 467 5092 prioratus,
502 5033 614 5082 exstant
650 5032 744 5094 plures
776 5032 880 5082 chartea
930 5035 962 5080 ut
976 5029 1013 5079 ita
1027 5029 1224 5094 distinguerem
1237 5025 1361 5076 codicem
1379 5027 1421 5076 iot
1437 5027 1613 5080 bibliothecen
1629 5031 1743 5084 Colher-

94 5099 176 5148 reterre
191 5101 362 5152 mentionem
387 5100 516 5152 iacientes
536 5101 622 5165 hujus
640 5101 881 5166 parochiaesancti
930 5103 995 5152 tinae
1010 5105 1038 5152 et
1051 5099 1195 5151 Nicolaum
1216 5097 1346 5159 Febrem,
1359 5099 1458 5162 quisic
1475 5111 1558 5149 manu
1577 5115 1628 5152 sua
1645 5115 1741 5154 emen·

94 5163 198 5232 Celerini,
220 5177 247 5222 et
271 5173 302 5222 in
327 5185 422 5222 aarum
441 5185 497 5222 unc
512 5175 627 5224 vocatur
649 5173 807 5236 Serenieus,
832 5187 881 5238 per
930 5173 1005 5224 davit
1023 5172 1052 5221 in
1066 5170 1137 5220 libro
1158 5181 1209 5219 suo
1223 5169 1367 5231 impresso.
1383 5168 1452 5218 Vide
1468 5168 1672 5225 observationes
1687 5176 1743 5226 La-

95 5247 196 5300 enorem,
227 5248 257 5295 ut
281 5243 388 5307 opinor.
414 5243 481 5294 Nem
500 5247 611 5296 constat
632 5245 779 5296 ecclesiam
804 5246 880 5296 illam
930 5243 980 5294 tini
999 5243 1099 5292 Latinii
1115 5239 1236 5291 adhunc
1251 5241 1353 5290 locum.

94 5311 230 5364 oleastrum
252 5315 281 5364 in
301 5313 401 5364 eodem
422 5314 482 5365 loco
507 5316 592 5365 situm
619 5314 750 5367 habuisse
772 5329 881 5381 semper
960 5316 1009 5376 tei)
1032 5314 1151 5364 inclinans
1170 5312 1341 5374 anetmnjnr.
1361 5313 1407 5363 Sic
1423 5313 1611 5378 Hieronymus
1632 5319 1742 5385 talipi-

95 5383 219 5445 antiquiore
251 5397 357 5435 nomen
385 5387 472 5436 sancti
500 5386 630 5446 Celerini,
660 5389 700 5436 uti
727 5388 879 5440 etiamnum
929 5385 996 5437 stola
1017 5386 1053 5435 nd
1078 5383 1236 5442 Petelinum,
1261 5383 1296 5435 de
1321 5384 1423 5434 divinoe
1446 5385 1567 5436 historiae
1591 5387 1678 5453 libris,
1704 5395 1743 5443 io·

94 5443 180 5504 labem.
194 5455 234 5506 lix
255 5469 315 5520 quo
335 5455 427 5520 colligi
442 5455 523 5508 facile
542 5460 634 5521 potest
654 5462 774 5508 castrum
790 5462 879 5512 sancti
930 5469 1020 5522 quens
1030 5455 1063 5506 de
1078 5455 1192 5506 Platone
1205 5455 1371 5516 venundato,
1385 5457 1441 5504 ait:
1460 5473 1474 5501 «
1490 5455 1575 5520 Major
1590 5466 1700 5513 eruente
1712 5475 1742 5514 se

96 5515 190 5577 &unici
216 5532 468 5578 commemoratam
495 5529 524 5577 in
556 5527 671 5579 ilistoria
705 5529 879 5582 ecclesiastico
930 5528 1017 5579 brit.»
1033 5527 1112 5590 Vide,
1127 5527 1222 5587 lector,
1243 5525 1370 5577 scholion
1385 5526 1741 5584 Erasmiadhuncliiero-

97 5587 193 5648 Ounno
215 5599 320 5648 vitalis
341 5611 401 5649 esse
429 5599 571 5650 diversum
594 5597 629 5648 ab
654 5599 722 5660 isto,
755 5600 880 5666 adeoque
930 5597 1007 5662 nymi
1024 5599 1115 5648 locum
1130 5613 1135 5646 :
1152 5596 1262 5648 ridebis.

96 5657 136 5712 initi
150 5677 190 5718 ons
209 5670 255 5735 qui
277 5674 389 5732 sumpta
405 5671 568 5720 auctoritate
585 5681 619 5720 ex
635 5669 766 5723 orderico
780 5676 880 5725 amoris
960 5669 1010 5732 (92)
1027 5668 1244 5719 Catusiac'llaec
1258 5667 1340 5720 tentio
1356 5674 1431 5721 certa
1457 5675 1506 5722 est.
1524 5671 1558 5722 El
1571 5677 1663 5726 temen
1677 5679 1738 5742 qul·

96 5742 189 5794 amount
221 5741 372 5803 scriptores
408 5738 584 5791 historiarum
626 5744 674 5806 qui
707 5746 879 5797 mentionem
930 5743 994 5795 dam
1008 5744 1071 5797 libri
1086 5749 1193 5796 veteres
1204 5743 1446 5810 habentgnlcotos.

98 5799 179 5858 iaciant
203 5809 268 5862 belli
297 5809 373 5875 quod
395 5811 450 5861 tuit
474 5824 547 5864 anno
575 5813 637 5865 1131
660 5813 731 5865 inter
757 5815 879 5869 Francos

230 5900 371 5970 Parnon.
394 5897 446 5968 lV.
1560 5917 1594 5976 ti
