3986 6208
1751 11 1866 79 πῆ·

250 285 300 344 ott
694 286 722 344 S.
742 287 899 346 eteniam
917 283 1055 344 opnnnn
1073 281 1161 340 rans
1180 283 1214 340 ll.
1234 313 1269 324 -
1287 285 1472 344 ornscnta.
1861 289 1905 348 tn

248 414 427 468 recesserunt
439 411 475 467 de
499 414 612 483 pectore
638 413 688 468 tuo
711 412 849 481 tenebrae,
873 412 895 466 si
921 427 976 466 nox
994 409 1059 464 inde
1071 409 1226 494 Aqiiando
1248 409 1310 482 ipse
1329 411 1431 466 doceat
1445 409 1562 468 sidicat
1585 411 1708 467 eumad
1729 411 1810 468 ritem
1824 415 1908 470 venire

249 504 375 560 discussa
397 508 453 571 est,
479 504 501 560 si
521 505 614 576 caligo
640 506 752 562 detersa
775 510 826 570 ast,
851 505 873 560 si
894 505 1064 562 illuminavit
1113 505 1163 576 qui
1178 504 1309 560 mundata
1331 505 1356 540 ⁵¹
1371 505 1536 575 servaverit,
1557 507 1586 560 at
1599 521 1664 560 enm
1687 521 1747 561 esse
1767 507 1909 577 sapientem

249 614 347 654 sensus
368 603 430 653 tuos
448 598 586 671 splendor
603 598 670 669 diei,
692 600 714 654 si
733 600 819 656 homo
833 600 903 656 lucis
918 617 979 656 esse
1005 617 1062 655 cra·
1113 598 1163 670 qui
1183 597 1268 654 verba
1288 599 1348 670 ejus
1368 598 1491 654 audierit
1514 603 1543 654 at
1564 599 1673 666 iecerit,
1695 599 1907 672 doctoremque·

247 689 323 763 pisti,
352 707 417 762 quea
440 695 508 748 suut
528 677 631 750 Christi
654 709 732 766 gere,
757 694 824 766 qnia
848 695 894 750 lux
923 700 952 750 et
977 695 1063 750 diser
1113 708 1257 764 quaeum
1282 693 1442 748 maximnm
1462 693 1491 746 in
1515 708 1604 763 regno
1627 691 1758 748 caelorum
1772 695 1858 748 vocari
1870 695 1912 765 qui

248 784 375 843 Christus
385 789 437 842 est.
1112 785 1212 841 iecerit
1224 789 1253 842 et
1270 785 1310 841 sic
1322 785 1450 842 docuerit
1472 785 1594 857 (naith,
1618 803 1647 855 x,
1670 784 1713 856 19)
1726 801 1733 852 ;
1747 792 1810 840 tone
1825 788 1913 857 prndi-

283 879 415 945 111.Οιι1(1
437 881 467 936 iu
489 881 541 937 zell
559 881 692 938 tenebras
714 883 791 938 ruisi
812 883 882 956 quid
908 888 936 938 te
964 884 1063 940 nubilo
1113 879 1189 936 canti
1200 879 1381 952 profuturnm
1394 879 1474 951 qnod
1487 879 1561 936 bene
1570 883 1656 952 atque
1667 879 1775 934 utiliter
1790 880 1915 952 pradica-

247 973 345 1030 livoris
363 974 503 1032 involvis?
515 975 584 1048 quid
601 976 714 1034 invidiae
732 977 856 1034 caecitate
879 994 964 1034 omne
986 979 1063 1051 pacis
1113 980 1174 1031 tum
1189 973 1284 1042 inerit,
1300 973 1324 1028 si
1338 973 1368 1028 id
1382 973 1459 1045 quod
1472 989 1522 1029 ore
1538 973 1681 1045 promitur
1696 971 1777 1029 iactis
1789 975 1914 1046 sequenti-

249 1071 278 1123 et
289 1067 537 1126 eharitatislnmeu
546 1070 689 1143 extinguis
702 1073 715 1127 1
731 1071 797 1143 quid
811 1072 846 1129 ad
866 1070 1063 1128 diabolumcui
1114 1069 1166 1124 bus
1180 1068 1343 1140 impleatur.
1356 1067 1430 1132 Quid
1443 1083 1511 1122 vero
1525 1067 1682 1123 insinuavit
1704 1065 1829 1122 crebrius
1842 1065 1914 1123 disci-

248 1160 463 1220 reunntiaveras
485 1163 583 1218 redis‘l
607 1163 675 1236 quid
688 1165 757 1220 Cain
767 1165 866 1220 similis
881 1165 998 1222 existis?
1012 1167 1064 1222 llo·
1114 1161 1188 1236 pulis
1201 1161 1259 1217 suis
1273 1161 1423 1228 Dominus,
1445 1159 1515 1232 quid
1531 1160 1609 1216 iuter
1627 1159 1766 1216 salutaria
1779 1161 1878 1215 monita
1888 1165 1914 1215 et

248 1253 355 1312 micidii
376 1272 500 1329 namque
518 1257 644 1313 facinore
662 1259 817 1331 constringi
839 1275 904 1315 enm
918 1261 967 1332 qui
989 1261 1062 1315 zela·
1114 1259 1254 1328 praecepta
1265 1254 1390 1311 coelestia
1402 1253 1623 1310 custodiendum
1640 1255 1734 1324 magis
1745 1253 1913 1309 servandum·

248 1349 426 1406 veritatodio
433 1349 564 1406 babuerit
571 1350 690 1406 tratrem
700 1367 794 1419 soum,
807 1352 933 1408 declarat
941 1355 1063 1410 ioannes
1114 1365 1169 1422 que
1183 1347 1337 1416 mandavit,
1347 1365 1435 1419 quam
1449 1350 1481 1403 nt
1496 1348 1595 1402 eadem
1611 1347 1764 1402 dilectione
1779 1363 1829 1418 qna
1840 1347 1913 1402 disci-

247 1442 391 1514 apostolus
404 1443 433 1499 in
447 1443 571 1514 Epistola
584 1461 635 1500 sua
654 1445 751 1500 dicens
767 1462 773 1501 :
787 1445 840 1512 Qui
853 1449 969 1515 fratrem
984 1463 1064 1503 snum
1114 1443 1194 1515 pulos
1208 1442 1267 1514 ipse
1281 1442 1390 1509 dilexit,
1406 1458 1458 1496 nos
1468 1457 1583 1513 qnoque
1598 1439 1723 1496 invicem
1739 1441 1763 1476 ⁵³
1776 1439 1914 1511 diligamus

248 1537 306 1591 odit
328 1537 381 1608 (25)
403 1535 499 1609 646
521 1538 656 1594 homicida
677 1543 735 1602 est,
755 1546 781 1594 et
802 1542 876 1596 scitas
891 1543 957 1611 quio
978 1544 1064 1598 omnis
1115 1538 1286 1609 (tonnam,
1298 1534 1527 1606 tilionomodo
1540 1537 1639 1588 autem
1653 1535 1697 1589 vel
1709 1535 1914 1605 pacemhomini

249 1629 452 1686 bomie'ctanon
468 1631 546 1687 hebet
567 1633 597 1688 in
620 1646 648 1688 ae
670 1637 754 1688 eiiam
780 1639 930 1690 manentem
945 1637 969 1698 11
982 1637 1062 1691 ioan.
1115 1632 1158 1687 vel
1175 1631 1339 1686 charitatem
1360 1633 1439 1686 tenet
1464 1629 1526 1701 qni,
1556 1627 1756 1684 intercedente
1779 1629 1845 1695 zelo,
1871 1643 1916 1682 nec

247 1739 288 1791 ιιι,
306 1722 358 1796 ts).
380 1720 415 1780 Et
430 1725 553 1780 iterum:
576 1727 629 1793 Qui
647 1727 715 1783 dicit
731 1743 758 1784 se
771 1730 800 1783 in
814 1729 948 1792 luccesse,
962 1733 988 1784 et
1000 1731 1062 1797 tro·
1116 1723 1247 1797 pacificus
1261 1728 1426 1796 potestesse
1439 1738 1491 1779 nec
1504 1723 1632 1778 charus?
1663 1721 1666 1728 ’

249 1823 316 1872 trem
338 1832 417 1873 suum
441 1820 509 1884 odit,
531 1821 688 1876 intenebris
710 1827 849 1892 estusque
869 1821 970 1891 adbuc,
990 1829 1015 1879 et
1035 1788 1103 1878 inB
1151 1820 1223 1875 hill.
1252 1819 1317 1873 ldeo
1338 1821 1367 1874 et
1393 1817 1542 1890 Apostolus
1568 1816 1682 1884 Paulus,
1711 1831 1775 1870 cum
1804 1815 1874 1886 pacis
1894 1819 1918 1870 et

248 1912 362 1967 tenebris
378 1913 510 1980 ombnlut,
530 1919 556 1969 et
579 1929 633 1969 non
660 1917 711 1970 scit
731 1931 785 1986 qno
805 1921 849 1972 eot
870 1917 911 1986 ⁸⁹3
938 1920 1066 1987 qnoniam
1115 1912 1259 1969 charitatis
1274 1911 1376 1967 merita
1387 1912 1577 1984 depromeret,
1588 1913 1917 1981 cumqneasseveraretet

248 2006 362 2060 tenebra
387 2013 589 2064 excecaverunt
613 2010 701 2065 ocntm
725 2009 781 2079 eins
807 2009 900 2082 libid..
925 2027 952 2078 ιι,
976 2011 1064 2083 9-11).
1115 2007 1235 2062 tirmiter
1245 2011 1273 2061 et
1286 2005 1402 2061 doceret
1416 2021 1470 2060 nec
1483 2004 1570 2060 fidem
1585 2003 1647 2072 sibi,
1666 2019 1720 2058 nec
1729 2003 1915 2073 eleemosynas,

249 2093 302 2158 Qui
313 2095 380 2164 odit,
394 2096 622 2168 inquit,iratrem
637 2115 732 2168 suum,
750 2099 911 2156 intenebris
925 2101 1064 2170 ambulat,
1114 2116 1166 2155 nec
1186 2099 1280 2173 647
1302 2099 1465 2171 passionem
1482 2114 1598 2170 quoque
1614 2097 1709 2169 ipsam
1723 2097 1881 2152 contessoris
1893 2099 1916 2148 st

250 2188 279 2240 ot
293 2200 353 2239 non
365 2185 417 2240 scit
430 2201 487 2257 qno
500 2190 555 2242 eat.
575 2188 597 2243 lt
616 2189 695 2242 enirn
715 2189 825 2244 nescius
841 2190 871 2244 in
886 2191 1064 2262 gebennam,
1116 2194 1277 2265 martyris⁵⁸
1286 2193 1342 2264 (16)
1356 2193 1545 2264 profuturam,
1556 2191 1611 2246 nisi
1622 2189 1915 2246 eharitatisioederaiu·

249 2275 366 2346 ignarus
379 2281 409 2333 et
424 2294 514 2336 caseus
530 2280 723 2352 praecipitetur
738 2283 766 2337 in
782 2299 910 2355 poenam,
929 2285 1065 2341 recedens
1116 2291 1195 2360 tegra
1203 2291 1288 2360 atqua
1300 2286 1433 2342 inviolata
1440 2291 1586 2354 servasset,
1597 2283 1917 2356 adjeciietdiritzcmri-

248 2369 354 2426 scilicet
368 2373 503 2428 aChristi
522 2374 633 2430 lumine
649 2376 790 2431 mouentis
807 2383 836 2432 et
849 2378 969 2432 dicentis
985 2396 991 2434 :
1008 2383 1065 2450 ligo
1115 2389 1157 2438 tus
1168 2384 1345 2452 magnanime
1362 2381 1539 2443 estclinritos
1554 2380 1734 2447 benignam,
1748 2378 1917 2432 chemissem

248 2479 309 2520 sant
334 2467 426 2522 lumen
450 2469 557 2524 masidi.
586 2470 638 2536 Qui
657 2486 698 2525 me
718 2477 825 2528 secatus
841 2474 927 2540 luerit
941 2489 996 2529 non
1010 2489 1066 2530 om·
1115 2475 1368 2546 reinitiCor.,rm,
1384 2471 1917 2546 i);doceussciiicetatostendenseum

249 2559 356 2615 bnlnhit
368 2563 398 2615 in
409 2562 534 2628 tenebris,
545 2563 591 2619 sed
600 2564 708 2619 babebit
722 2565 813 2620 lumen
823 2568 887 2622 vita
900 2567 1001 2638 (ioum,
1017 2585 1064 2632 ιιι,
1116 2586 1198 2642 posse
1216 2569 1383 2624 charitatem
1401 2573 1496 2622 tenere
1511 2566 1639 2638 quisquis
1653 2565 1853 2637 magnanimus
1867 2563 1918 2617 ine-

251 2653 303 2723 12).
319 2653 458 2725 Sequitur
473 2661 569 2712 autem
595 2658 740 2714 Christum
760 2659 809 2730 qui
833 2663 983 2732 praeceptis
1005 2663 1066 2734 ejus
1115 2663 1154 2720 rit
1166 2669 1195 2720 et
1207 2662 1348 2733 benignus
1360 2668 1389 2717 et
1403 2661 1455 2717 zeli
1468 2677 1500 2716 ac
1523 2660 1623 2716 livoris
1642 2659 1765 2716 alienus.
1785 2661 1850 2714 ltem
1870 2657 1917 2712 alio

248 2746 362 2816 insistit,
377 2749 426 2820 qui
441 2765 492 2820 per
512 2751 667 2822 magisterii
681 2753 744 2825 ejus
759 2754 835 2810 viam
859 2755 1000 2827 graditur,
1016 2757 1065 2829 qni
1115 2757 1187 2828 loce,
1198 2773 1263 2812 cum
1275 2758 1404 2811 moueret
1415 2761 1445 2810 ut
1459 2753 1548 2808 bomo
1561 2754 1622 2825 jam
1638 2759 1741 2813 sancto
1753 2751 1853 2823 Spiritu
1867 2751 1917 2821 ple·

248 2839 369 2912 vestigia
402 2843 463 2914 ejus
482 2849 567 2915 atque
587 2846 689 2902 itinera
713 2853 849 2918 sectatur,
866 2850 916 2921 qui
937 2850 967 2905 id
990 2850 1066 2923 quod
1117 2869 1169 2908 uus
1185 2853 1214 2906 et
1232 2850 1379 2906 nativitate
1397 2848 1502 2904 coelesti
1518 2847 1566 2902 hei
1589 2847 1665 2902 tilius
1685 2847 1786 2902 iactus
1800 2863 1852 2900 nen
1873 2843 1918 2898 nisi

248 2934 375 2990 Christus
387 2941 416 2992 et
431 2936 528 2992 docuit
544 2941 573 2994 et
588 2939 655 2995 iacit
668 2939 805 3011 imitatur,
820 2944 978 3000 seeundum
989 2946 1065 3017 qnod
1116 2944 1254 3018 spiritalia
1270 2949 1299 2999 et
1313 2943 1408 2998 divina
1428 2945 1561 3010 sectetur,
1578 2939 1661 3012 pouit
1683 2947 1713 2996 et
1728 2939 1817 2995 dicit:
1837 2941 1867 2994 nt
1880 2951 1917 3005 epo

248 3028 347 3084 Petrus
360 3029 384 3065 ⁵⁰
399 3047 512 3103 quoque
525 3031 656 3089 hortatur
672 3037 700 3090 at
727 3039 825 3090 monet
839 3036 937 3092 dicens
954 3037 1062 3096 :Chris-
1115 3040 1232 3112 quidem,
1245 3039 1355 3106 finires,
1371 3051 1423 3092 non
1443 3035 1604 3106 potuissetis
1623 3035 1701 3104 toqui
1718 3035 1796 3104 qnasi
1813 3034 1912 3104 spirite·

248 3126 291 3178 Μ
307 3137 405 3193 1)(ῑῦδαὶς
427 3129 467 3178 ⁶⁸⁸
490 3141 539 3194 Pii>
562 3127 638 3181 '²⁰1²ss
653 3127 688 3195 ⁵¹,
704 3129 858 3200 relinquens
880 3131 954 3186 uobis
971 3148 1058 3188 ecem·
1072 3152 1098 3226 (ι
1114 3139 1195 3204 tibus,
1212 3135 1258 3191 sed
1275 3133 1356 3203 qnasi
1370 3130 1536 3194 carnotibus,
1556 3128 1760 3200 torquemini)
1776 3125 1917 3194 tutantibus

244 3216 323 3285 ptum
334 3223 365 3271 nt
377 3221 528 3287 sequemini
537 3221 652 3288 vestinis
659 3221 716 3290 pris
724 3223 749 3292 (1
756 3226 842 3291 Petn,
856 3239 885 3290 u,
900 3226 958 3297 21).
1087 3199 1167 3308 ¹(27t
1182 3233 1212 3284 in
1227 3228 1343 3286 Christo.
1358 3226 1492 3280 hactenns
1507 3223 1637 3293 potentii
1653 3221 1708 3293 (aa)
1719 3238 1774 3278 non
1786 3221 1848 3286 cibo,
1861 3234 1917 3273 non·

284 3309 325 3364 111.
355 3310 517 3366 Meminisse
540 3311 678 3370 debemus
703 3330 758 3386 qrro
787 3318 924 3374 vocabulo
948 3319 1062 3392 plebem
1111 3329 1178 3383 dam
1189 3324 1259 3379 enim
1270 3313 1917 3390 poteratis,sedneqnennncpotestis“Aldine

248 3416 330 3458 mam
344 3403 472 3459 Chrifflss
496 3405 629 3477 &Pleuit
653 3423 711 3480 (lU0
736 3409 819 3464 [ilitio
840 3427 960 3483 gregem
978 3429 1062 3469 sirum
1112 3422 1185 3476 enim
1194 3417 1257 3473 estis
1268 3414 1402 3469 cornutas.
1419 3412 1469 3468 nti
1480 3412 1552 3466 enim
1568 3413 1597 3465 in
1610 3410 1686 3466 vobis
1701 3407 1723 3445 ⁵²
1737 3410 1810 3464 aelus
1821 3413 1844 3463 et
1856 3421 1911 3461 een-

250 3502 405 3568 nnucnpet.
425 3497 495 3554 Oves
518 3499 657 3570 nominat,
674 3507 705 3557 ut
724 3502 885 3560 innocentia
904 3506 1064 3564 Christiana
1113 3514 1197 3570 tentio
1217 3517 1243 3568 et
1268 3509 1443 3564 dissessiones
1458 3512 1535 3568 sunt,
1561 3519 1650 3560 nonne
1671 3505 1797 3560 carnutes
1815 3503 1872 3558 estis
1895 3503 1916 3553 et

250 3589 348 3646 ovibus
367 3592 606 3664 equeturlioon,
623 3611 649 3663 x,
668 3599 699 3666 25
715 3598 825 3661 Metti„
842 3615 869 3667 x,
890 3599 933 3672 td)
949 3617 956 3656 τ
973 3617 1064 3674 agnos
1113 3606 1261 3664 seeundum
1272 3603 1404 3656 hominem
1418 3599 1567 3654 ambulatis
1581 3599 1606 3668 (l
1620 3599 1693 3662 Cor„
1711 3613 1750 3664 ru,
1765 3595 1839 3666 1-311

248 3687 338 3753 vocat,
356 3689 388 3739 nt
409 3699 551 3757 agnorum
568 3691 698 3744 naturam
722 3689 880 3764 simplicem
900 3693 1064 3764 simplicitas
1149 3700 1213 3755 itv.
1230 3693 1392 3753 obterenda
1405 3695 1480 3760 suut,
1498 3691 1601 3746 iratres
1613 3689 1800 3757 dilectissimi,
1814 3687 1874 3742 vitia
1893 3687 1916 3739 et

249 3776 354 3832 mentis
380 3778 519 3836 imitetur.
546 3779 621 3845 Ouid
654 3782 706 3837 sub
733 3785 836 3842 vestitu
861 3786 958 3842 ovium
981 3787 1065 3861 lupus
1114 3797 1229 3865 peccata
1248 3786 1385 3854 carnalia,
1409 3789 1437 3841 et
1456 3785 1562 3840 terreni
1586 3784 1715 3856 corporis
1732 3783 1832 3838 iniecta
1850 3779 1916 3834 labes

249 3869 364 3927 latitat?
386 3870 455 3943 qnid
480 3889 600 3946 gregem
625 3875 727 3933 Christi
747 3878 795 3950 qni
819 3895 849 3934 se
872 3881 1063 3939 Christianum
1115 3884 1232 3958 spiritali
1246 3883 1342 3956 vigore
1363 3879 1509 3947 calcanda,
1531 3893 1577 3947 ne,
1598 3877 1668 3933 dum
1680 3877 1783 3933 iterum
1800 3875 1832 3930 ad
1850 3877 1914 3927 rete·

250 3965 1067 4049 mentituriniamatiCbristinomeninduereetnonper
1116 3979 1155 4036 ris
1168 3977 1293 4035 hominis
1315 3972 1564 4031 conversationem
1580 3971 1764 4040 revolvimur,
1784 3965 1915 4026 lethalibus
1968 3961 1969 3968 ’

248 4058 351 4116 Christi
366 4059 440 4116 viam
450 4065 656 4137 pergere,qnid
672 4065 750 4122 aliud
764 4083 850 4139 qnam
867 4071 1066 4141 pravaricatio
1117 4072 1227 4145 laqueis
1239 4069 1430 4142 implicemur,
1447 4067 1579 4138 apostolo
1592 4065 1647 4122 hoc
1663 4065 1741 4122 idem
1750 4061 1915 4137 providenter

248 4159 289 4209 est
300 4154 389 4211 divini
405 4155 539 4222 nominis,
552 4175 639 4230 qoam
654 4159 778 4215 desertio
791 4160 902 4218 itineris
917 4165 1068 4222 salutaris?
1120 4167 1144 4202 ⁵⁸
1160 4161 1348 4222 etsalubritsr
1361 4163 1575 4234 praemoneute:
1595 4162 1704 4230 tropis,
1715 4157 1816 4230 inquit,
1827 4157 1914 4224 iratres
1967 4239 1968 4252 χ

932 4282 1039 4349 Variae
1067 4283 1237 4349 lectiones.

278 4386 451 4441 ⁴*litlnxet
473 4389 612 4443 diesBod.
637 4396 659 4445 i.
693 4395 715 4428 ⁴³
730 4395 825 4448 Nescit
839 4411 895 4462 quo
915 4404 960 4450 eat
975 4399 1035 4450 hod.
1050 4401 1073 4452 Ξ.
1106 4402 1128 4434 ⁵³
1147 4400 1244 4451 Petrus
1268 4397 1410 4462 apostolus
1425 4395 1486 4446 hod.
1498 4395 1522 4446 3.
1557 4395 1577 4426 ⁵·
1596 4393 1698 4443 Passus
1714 4393 1755 4442 est
1774 4401 1821 4453 pro
1840 4383 1907 4434 vebis

247 4459 318 4508 Lam.
334 4459 396 4508 hod.
407 4461 431 4521 l,
446 4461 471 4523 2,
487 4462 548 4512 Thu.
570 4466 639 4516 Voss.
651 4464 704 4515 vid.
722 4467 782 4516 tm
800 4465 836 4517 oet
851 4469 923 4529 Qun.
938 4484 993 4533 rep.
1007 4475 1046 4522 aa.
1080 4475 1101 4506 ⁵¹
1120 4470 1250 4522 Mandata
1263 4470 1322 4533 ejas
1341 4471 1397 4520 Ver.
1413 4466 1475 4517 iisd.
1491 4465 1514 4515 Ξ.
1548 4467 1569 4499 ⁵³
1588 4463 1644 4513 Nos
1658 4463 1778 4513 invicem
1794 4460 1833 4508 ir.
1853 4451 1903 4504 iod.

251 4529 349 4589 ²»Titia
371 4533 438 4582 Voss.
472 4534 493 4566 ⁵⁴
504 4533 548 4585 Sic
562 4533 624 4584 Bod.
642 4535 664 4596 l,
681 4535 707 4596 Ξ,
721 4541 744 4598 a,
758 4539 780 4586 1.
799 4537 862 4587 Thu.
896 4538 1087 4593 Confessiouis
1115 4545 1163 4592 aut
1181 4540 1305 4605 martyrii
1320 4540 1400 4589 Onon.
1443 4539 1463 4571 ⁵⁵
1481 4535 1524 4585 Sic
1540 4535 1670 4585 aarum.
1688 4529 1830 4583 libentio·
1852 4521 1903 4606 Bai·

247 4603 271 4660 i,
285 4601 310 4662 2,
320 4599 345 4663 3,
360 4601 386 4651 t.
399 4603 460 4653 Tin.
475 4604 558 4656 Lacte
569 4619 618 4656 vos
635 4606 725 4658 cibavi
738 4607 799 4657 bod.
813 4612 835 4658 1.
850 4609 950 4662 iiscam
973 4611 990 4660 1.
1001 4625 1030 4662 ιιι
1042 4612 1078 4662 ad
1097 4613 1168 4675 ocs'r.
1181 4627 1201 4662 e.
1215 4615 1238 4661 s.
1272 4609 1293 4646 ⁵⁸
1306 4609 1425 4662 Potestis
1438 4606 1533 4660 cibum
1546 4607 1616 4656 ierre
1632 4607 1701 4656 Voss.
1716 4605 1738 4654 1.
1771 4599 1791 4636 ⁸⁷
1809 4599 1902 4650 Etenim

246 4673 378 4726 intervos
391 4675 444 4726 NG.
457 4677 480 4727 l.
496 4677 563 4726 Lem.
576 4677 637 4728 lind.
653 4679 676 4729 2.
711 4679 733 4711 ⁵*
754 4678 927 4732 Providente
940 4687 982 4731 dr.
997 4683 1060 4734 liod.
1077 4683 1100 4734 Ξ.

888 4798 999 4882 Steph.
1030 4800 1156 4866 Baiuzii
1183 4805 1283 4865 notae.

276 4917 325 4982 (23)
351 4919 473 4970 Fratrem
492 4932 571 4971 annm
592 4919 658 4972 odit.
680 4919 751 4974 Vide
772 4927 903 4974 sanctum
929 4924 1197 5013 Augusti-Drama
1211 4897 1378 4985 carnotibus,
1399 4926 1547 4986 tamqnam,
1562 4931 1626 4984 qnae
1643 4932 1660 4968 a
1680 4917 1757 4968 textu
1778 4907 1911 4966 Baln2i⁸¹1⁰

246 5002 334 5048 num,
359 4992 478 5042 tractatu
503 4992 520 5042 5
544 4991 573 5042 in
600 4991 745 5056 Epictetum
774 4996 861 5046 sancti
886 4995 1008 5059 ioannis,
1036 5000 1064 5048 et
1116 4994 1369 5055 iornexcidsrant,
1385 4993 1503 5044 restitui.
1518 4991 1631 5042 Ronru.

247 5058 485 5125 Cassianum,lib.
508 5063 852 5127 1,csp.so.viueeuam
870 5066 1065 5130 Hincmarum,
1148 5068 1199 5131 (28)
1226 5064 1387 5130 insentibus.
1415 5063 1479 5114 'iria
1510 5065 1605 5112 vetera
1635 5056 1800 5136 exemplaria
1821 5045 1910 5102 nabent

246 5131 313 5180 tom.
327 5131 349 5192 1,
365 5146 427 5196 pag.
441 5135 481 5182 ii.
1114 5135 1244 5201 porentia.
1273 5136 1305 5186 ln
1333 5134 1405 5186 libro
1431 5145 1461 5184 ru
1490 5130 1708 5184 Testimoniorum
1731 5117 1910 5190 scriptumest

278 5201 326 5261 (biit
347 5202 510 5266 contessoris
531 5208 555 5254 st
579 5207 715 5269 snartpris.
736 5207 776 5257 lta
801 5207 981 5260 scribendum
1003 5221 1065 5262 asse
1117 5207 1276 5272 intuentibus.

247 5272 413 5333 existimavi,
431 5287 480 5338 pro
502 5288 537 5327 eo
557 5275 632 5341 quod
656 5280 737 5329 autea
757 5278 912 5344 legebatur,
925 5279 1065 5342 corcisssio-
1146 5281 1197 5342 (191
1223 5281 1300 5330 tacte
1324 5290 1370 5328 oos
1396 5275 1495 5340 poteri.
1523 5276 1612 5326 Antea
1632 5271 1782 5338 legebatur,
1802 5267 1848 5348 tue
1868 5271 1909 5309 ¹³⁰·

246 5341 288 5393 nis
305 5347 329 5393 st
344 5346 481 5409 martyrii,
495 5347 561 5410 quia
575 5347 613 5397 ita
634 5349 768 5412 scripturn
782 5349 840 5400 vidi
854 5351 883 5400 iu
904 5351 1064 5415 septemde-
1114 5349 1154 5401 bic
1169 5354 1259 5415 potum
1273 5348 1344 5410 dedi,
1366 5361 1416 5400 non
1434 5345 1528 5398 eibum.
1545 5345 1680 5409 Quamvis
1701 5353 1734 5393 ea
1755 5339 1831 5392 lectio
1849 5333 1909 5382 bena

246 5414 301 5466 cim
328 5413 407 5464 libris
434 5417 537 5468 nostris
562 5421 589 5469 et
612 5417 640 5468 in
670 5423 792 5483 quatuor
818 5421 991 5488 anglicanis.
1015 5421 1063 5474 Sic
1113 5422 1159 5482 ait,
1187 5434 1249 5474 eam
1278 5424 1372 5472 tamen
1403 5417 1526 5483 praeierrl
1558 5415 1661 5468 debere
1691 5413 1830 5465 arbitratus
1856 5411 1909 5480 rutil

245 5485 330 5536 etiarn
351 5485 452 5550 legisse
476 5501 506 5539 se
528 5489 557 5538 in
578 5487 797 5542 camberonensi
823 5495 938 5543 testatur
961 5494 1064 5546 Pame·
1113 5505 1198 5558 quam
1225 5491 1360 5544 exhibent
1380 5490 1478 5555 viginti
1500 5487 1564 5540 iibri
1586 5485 1674 5538 nostri
1695 5489 1723 5536 et
1745 5485 1803 5564 octo
1824 5471 1908 5536 Angit·

245 5559 300 5610 lius
325 5557 355 5608 ln
374 5557 497 5611 editions
518 5572 582 5624 quea
604 5558 705 5612 dicitur
728 5560 823 5613 Gravii
844 5563 947 5628 legitur
961 5565 1062 5629 conses-
1113 5563 1188 5626 cani,
1209 5566 1269 5616 tum
1294 5563 1380 5614 etiam
1400 5559 1634 5613 camberonensis
1654 5571 1670 5608 a
1691 5551 1807 5632 Parasite
1826 5541 1907 5622 ¹⁸¹¹,dl3

244 5628 300 5681 aori
317 5633 341 5679 et
364 5630 488 5693 morteri.
511 5629 581 5693 Quas
607 5631 691 5683 lectio
712 5631 792 5684 vaide
814 5633 921 5686 accedit
941 5635 977 5685 ad
1001 5649 1062 5688 eam
1113 5637 1168 5696 tna,
1190 5639 1217 5686 at
1242 5636 1372 5699 excerpta
1393 5631 1475 5683 niori.
1502 5631 1593 5682 Aliam
1612 5629 1716 5680 babent
1740 5621 1837 5698 aliquot
1856 5611 1908 5664 hbn

244 5715 328 5767 qnam
343 5713 395 5768 ego
409 5702 549 5753 substitui.
569 5703 639 5756 Octo
657 5707 750 5756 vetera
770 5706 939 5772 exemplaria
956 5706 1063 5760 habent
1113 5709 1221 5757 veteres
1247 5710 1275 5758 et
1299 5704 1445 5757 editiones.
1475 5701 1506 5752 ln
1536 5701 1607 5753 libro
1633 5713 1662 5751 m
1693 5695 1902 5748 Testimoniorum.

245 5785 307 5825 sam
321 5785 407 5839 quam
421 5773 515 5838 rejeci.
1111 5791 1172 5843 cap.
1196 5777 1221 5840 3,
1244 5777 1362 5844 tegitur:
1382 5775 1436 5829 hoc
1456 5773 1530 5828 cotia
1552 5777 1642 5840 potum
1661 5767 1730 5832 dedi,
1748 5777 1799 5816 non
1820 5767 1899 5812 nmo·

277 5843 325 5914 iiii
365 5843 545 5912 conmittes„
585 5849 731 5915 tamqnam.
768 5847 801 5902 in
837 5847 965 5917 Apostoli
993 5850 1061 5920 pam
