3986 6208
74 271 117 326 ιιι
570 266 671 327 truse
691 269 735 326 DE
753 265 865 326 OPERE
884 266 926 324 El
945 261 1194 324 eteauostrtts.
1683 257 1737 316 630

71 417 105 466 ιι,
117 401 149 467 ιι.
164 397 286 461 Quorum
308 401 514 469 praeceptorum
537 414 650 454 mernor
669 399 780 467 Daniel,
795 415 858 454 eum
873 401 1018 482 Arentes.
1032 395 1126 451 Sensit
1140 397 1238 450 Petrus
1253 392 1400 466 impetrari
1417 406 1498 464 posse
1521 385 1597 462 quod
1621 387 1661 444 sie
1682 403 1734 460 pe-

71 509 108 546 res
120 490 375 546 Nabuchodonosor
385 491 504 548 adverso
518 493 627 548 somnio
642 493 754 548 territus
767 495 864 546 aestua-
917 489 1039 556 tebatur,
1060 505 1113 544 nec
1128 489 1293 544 delaturum
1309 486 1413 544 Christi
1427 484 1564 540 arrsilium
1582 483 1672 538 viduis
1686 482 1735 536 de·

71 593 114 650 ret,
130 601 175 655 pru
189 585 350 640 avertendis
363 585 446 642 usalis
463 587 497 641 ad
521 585 645 642 divinam
664 603 748 659 opem
772 587 864 660 impe·
915 583 1107 656 precantibus,
1130 581 1246 654 quaudo
1271 584 1344 636 esset
1362 580 1391 635 in
1410 579 1501 634 viduis
1524 579 1583 650 ipse
1604 577 1730 634 vestitus.

70 677 186 734 trandum
210 679 369 734 remedium
393 679 470 735 dedit
496 681 613 736 dicens:
638 683 792 752 Propterea,
819 699 867 738 ren
916 679 986 734 Cum
1000 677 1099 750 itaque
1116 675 1237 748 genibus
1258 674 1341 730 nixus
1355 673 1377 710 ι·
1399 675 1516 740 orasset,
1532 672 1681 729 viduarum
1703 683 1736 724 ac

71 773 195 826 eonsilium
218 789 304 828 meum
318 773 427 844 plereent
446 775 545 836 rihtet
560 781 672 846 percerte
689 781 736 831 teu
757 776 866 831 eleemn-
917 787 1077 845 pauperum
1089 771 1211 827 idoneus
1224 769 1375 824 advocatus
1391 767 1497 837 legatas
1511 765 1565 820 sibl
1587 781 1685 836 preces
1699 761 1736 816 ad

70 869 131 936 spuis
149 868 250 922 redime
263 873 289 923 et
308 868 459 936 injustitias
473 873 536 924 tuns
556 871 773 926 miserationibus
795 887 866 942 porr·
919 867 1073 922 Dominum
1097 864 1270 938 pertulisset,
1293 877 1447 917 conversus
1469 859 1505 914 ad
1528 875 1639 929 corpus,
1660 857 1734 928 quod

69 977 160 1031 perum,
187 967 214 1014 et
240 964 292 1016 erit
317 965 385 1018 Deus
404 979 520 1032 parcens
541 963 566 998 ³⁰
595 964 648 1034 (tt)
667 967 786 1034 percutis
814 965 868 1020 tuis
918 961 948 1016 in
971 960 1069 1016 tabula
1083 959 1143 1031 jam
1169 959 1261 1014 lotum
1282 955 1405 1028 jacebat.
1429 951 1671 1023 Tubitbn,inqnit,
1693 965 1737 1004 rc·

70 1057 148 1124 illurn,
163 1070 199 1122 ιι,
224 1054 279 1122 til.
303 1056 351 1112 Cui
375 1073 421 1110 rex
434 1059 504 1111 'non
527 1057 737 1129 obtemperans,
751 1057 870 1114 adversa
918 1071 998 1124 surus
1010 1057 1040 1109 in
1054 1055 1161 1110 stamine
1172 1055 1235 1108 lesu
1250 1051 1353 1110 Christi
1367 1049 1388 1092 θ’
1401 1047 1534 1120 (dctus,
1550 1047 1606 1114 to).
1622 1045 1676 1099 Neu
1690 1043 1740 1098 de·

70 1165 120 1219 que
134 1148 242 1203 riderat
258 1157 286 1204 et
306 1148 409 1204 intesta
424 1167 572 1222 perpessus
586 1157 628 1206 est
642 1169 649 1206 ε
664 1169 728 1223 queo
749 1151 870 1206 eradere
919 1149 973 1206 tuit
988 1150 1071 1203 Petro
1085 1147 1242 1219 quominus
1255 1144 1351 1200 statim
1372 1143 1460 1199 terret
1479 1140 1616 1196 auxilium
1638 1137 1686 1210 qui
1707 1136 1737 1191 in

70 1249 90 1297 rt
102 1241 185 1296 ritare
199 1243 348 1314 potuisset,
362 1245 384 1298 si
408 1249 519 1315 praecata
541 1261 593 1299 sua
613 1245 800 1317 eleemosynis
824 1263 869 1299 ru·
921 1241 1074 1314 Evangelio
1088 1242 1112 1278 ⁸⁰
1127 1239 1188 1296 dari
1204 1239 1313 1294 dixerat
1331 1235 1470 1310 quidquid
1485 1234 1585 1290 luisset
1602 1232 1664 1304 ejus
1685 1247 1735 1284 no-

71 1337 199 1392 demisset.
224 1337 353 1409 llaplrael
369 1354 484 1410 quoque
504 1339 623 1411 augelus
645 1340 724 1410 paria
738 1339 758 1374 ³¹
782 1343 869 1395 testa·
920 1337 997 1391 nriue
1018 1335 1204 1407 postulatum.
1219 1333 1290 1388 ldors
1311 1331 1406 1403 itaque
1431 1327 1614 1399 suspenditur
1635 1332 1660 1381 et
1684 1325 1738 1396 spi-

71 1436 116 1496 tnr,
129 1436 156 1486 et
174 1437 205 1485 ιιι
220 1431 397 1502 eleemosyna
412 1431 534 1487 libenter
552 1449 584 1488 ac
604 1432 720 1504 largiter
735 1433 782 1488 liat
803 1433 870 1488 lror-
921 1430 990 1485 ritus
1005 1429 1144 1498 redditur,
1157 1433 1195 1495 et,
1213 1425 1383 1482 mirantibus
1397 1440 1429 1478 ac
1450 1421 1631 1494 stupentibus
1650 1435 1737 1475 crane-

71 1529 135 1578 tatur
147 1525 244 1579 dicens
261 1543 268 1580 :
283 1529 354 1581 boran
373 1530 411 1582 est
424 1529 511 1581 orrrtio
525 1527 548 1561 ³²
564 1543 623 1582 cunr
633 1527 738 1596 jejunio
760 1533 785 1582 et
808 1528 872 1582 elee-
921 1525 966 1590 tis,
981 1523 1017 1578 ed
1034 1523 1106 1578 hanc
1121 1521 1219 1576 muudi
1241 1521 1335 1576 detrun
1350 1519 1442 1572 lrruom
1464 1515 1620 1570 redivivum
1635 1529 1739 1584 corpus

71 1635 190 1688 rrospnu:
212 1623 282 1690 quio
301 1621 466 1690 eleemosyna
487 1637 504 1674 u
527 1628 613 1676 morte
636 1621 743 1682 liberet,
763 1627 788 1676 st
813 1623 873 1690 ipsu
922 1617 1078 1672 animatur.
1092 1617 1210 1672 Tantum
1227 1616 1381 1686 potuerunt
1403 1609 1606 1665 misericordie
1624 1608 1737 1672 urerita,

69 1719 155 1781 praepo
175 1719 291 1784 precato
319 1715 407 1786 (Tob,
435 1730 482 1776 ιιι,
510 1714 548 1784 8).
574 1713 703 1769 Ostendit
728 1713 871 1769 orationes
924 1715 1034 1766 tantum
1051 1709 1261 1781 operajusra⁸¹
1278 1705 1525 1768 valueruntlQuae
1547 1702 1738 1757 laborantibus

70 1811 164 1860 nostras
188 1824 221 1862 ac
243 1807 356 1878 jejunia
378 1807 474 1862 uriarus
496 1823 578 1880 posse
605 1808 659 1862 nisi
683 1783 1014 1879 eleemosynisBriduis
1038 1803 1143 1875 largita
1166 1803 1259 1857 iuerat
1279 1799 1402 1854 subsidia
1428 1797 1550 1866 vireudi,
1572 1795 1676 1851 meruit
1701 1794 1737 1850 ad

69 1901 223 1969 adjureutur
237 1902 275 1967 ³³,
289 1901 506 1972 deprecationes
519 1901 591 1956 solas
606 1917 710 1974 parum
727 1901 760 1956 ad
778 1903 869 1974 impa-
921 1899 1009 1954 vitam
1025 1897 1178 1952 viduarum
1195 1893 1333 1967 petitione
1349 1893 1485 1948 resecari.

70 1993 186 2049 trandum
212 1996 324 2062 valere,
343 1995 397 2050 uisi
420 1995 561 2051 sactorum
584 2001 612 2050 et
634 2011 754 2066 operum
777 2013 869 2052 acces·
957 1993 1012 2046 l'll.
1037 1994 1134 2062 ltaque
1156 1989 1183 2044 iu
1211 1987 1365 2059 Evangelio
1389 1985 1533 2054 Dominus,
1557 1983 1654 2040 doctor
1676 1984 1739 2038 viras

70 2089 133 2141 sione
151 2089 293 2143 satientur
306 2090 330 2124 ³⁸
354 2089 420 2160 (lb).
443 2090 560 2146 llerelat
578 2090 705 2160 Angelus
728 2096 755 2144 et
780 2091 869 2144 nrani-
920 2085 1023 2141 nostrai
1040 2089 1069 2139 et
1092 2083 1228 2156 nangister
1250 2081 1348 2136 salutis
1373 2079 1499 2148 a'eternae,
1513 2077 1656 2134 rivilieans
1678 2093 1739 2132 ere-

69 2181 178 2236 insistet
193 2183 664 2255 tir-maleleemospnispetitiones
682 2190 791 2238 nostras
809 2185 869 2238 elli·
922 2179 1050 2234 dantium
1067 2178 1205 2250 populum
1219 2182 1248 2231 et
1264 2175 1408 2230 viviticatis
1426 2173 1577 2230 consulens
1600 2171 1629 2226 in
1651 2177 1736 2226 aeter-

70 2291 133 2328 raees
147 2275 218 2336 lieri.
234 2277 423 2348 elucemusynis
439 2276 525 2332 ritem
546 2277 581 2332 de
603 2277 737 2349 perieulis
757 2277 870 2344 redimi,
921 2288 1001 2339 num,
1020 2271 1095 2326 iuter
1116 2287 1167 2326 sua
1190 2269 1324 2325 mandata
1347 2268 1442 2324 divina
1467 2272 1495 2322 et
1521 2270 1664 2338 praecepta
1684 2281 1739 2320 coa·

71 2369 243 2440 eleemosynis
257 2371 400 2425 auimasa
418 2377 511 2426 morta
524 2370 649 2426 liberari.
922 2365 1001 2421 lestia
1025 2365 1095 2420 nihil
1109 2363 1235 2420 erebrius
1259 2362 1377 2418 mandat
1394 2367 1423 2418 et
1445 2360 1573 2433 praecipit
1596 2375 1682 2432 quarn
1707 2363 1739 2414 ut

98 2463 133 2518 l't.
156 2465 209 2518 llee
232 2463 285 2532 sic,
308 2465 413 2520 iratres
433 2464 603 2523 charissimi.
627 2464 677 2518 ista
699 2463 872 2535 proterimus
920 2459 1084 2514 insistamus
1103 2455 1293 2528 eleemosynis
1315 2453 1425 2522 dandis,
1452 2470 1504 2509 uec
1526 2454 1648 2508 terrenis
1675 2469 1740 2524 pos·

9 2591 10 2630 3
71 2561 155 2611 utnon
169 2559 245 2629 quod
269 2558 395 2630 Raphael
419 2559 541 2630 angelus
552 2559 624 2613 dixit
645 2559 770 2614 veritatis
791 2559 870 2614 testi·
922 2553 1092 2608 sessionibus
1114 2551 1293 2616 incubemus,
1309 2549 1357 2604 sed
1373 2550 1499 2604 caelestes
1521 2548 1671 2602 thesaurus
1689 2563 1738 2618 po-

71 2651 151 2706 neuin
176 2652 425 2724 comprobemus:
445 2653 474 2707 iu
497 2651 612 2707 neribus
626 2653 649 2686 ³⁵
670 2652 871 2723 Apostolorum
923 2648 980 2702 lius
1009 2645 1211 2701 recondamus.
1236 2644 1361 2707 Vendite,
1386 2643 1490 2715 inquit,
1515 2657 1559 2696 res
1581 2647 1694 2704 uestros,
1717 2645 1744 2697 et

70 2744 124 2800 laeti
147 2745 215 2802 tides
240 2747 335 2818 posita
358 2752 409 2817 est,
433 2750 462 2802 ct
487 2747 565 2820 quod
592 2747 790 2818 eleemosynis,
815 2764 871 2802 nou
923 2747 988 2802 dute
1002 2748 1199 2814 eteenospnnn
1221 2745 1306 2814 (buu,
1323 2758 1372 2810 xn,
1386 2741 1442 2810 33).
1457 2743 1490 2796 Ει
1509 2741 1612 2794 iterum
1629 2756 1635 2794 ι
1653 2740 1742 2797 Nolite

70 2843 192 2894 butema
209 2840 348 2904 secunda,
363 2839 412 2896 sed
426 2840 549 2912 aprima
562 2847 655 2896 morte
673 2840 779 2894 animae
799 2841 871 2896 libe·
922 2843 998 2898 uobis
1010 2843 1121 2898 condere
1137 2843 1277 2898 thesauros
1295 2855 1376 2911 super
1396 2846 1506 2900 terrum.
1526 2839 1573 2894 ubi
1592 2839 1665 2893 tineo
1684 2837 1741 2908 (ιιι)

71 2939 153 2986 rentur
165 2938 254 3004 gestae
270 2938 299 2989 et
313 2932 407 3008 607
425 2935 552 3006 implete
565 2935 606 2990 rei
620 2933 787 3005 probatione
798 2951 873 2990 eum·
922 2944 947 2993 et
965 2942 1117 2993 comesturo
1138 2937 1313 2998 salernitani,
1342 2939 1367 2989 et
1390 2935 1439 2989 ubi
1459 2937 1536 3002 sures
1560 2931 1693 3002 effodiunt
1715 2937 1742 2988 et

71 3033 165 3095 perluor
188 3032 233 3083 est
255 3029 292 3084 ²⁶.
317 3027 436 3083 Tabitha
452 3029 486 3096 ³³,
503 3027 719 3100 operationibus
736 3028 823 3100 justis
845 3034 873 3084 et
920 3033 1063 3099 feruutur.
1097 3031 1288 3086 Tbesuurieote
1316 3033 1406 3084 erotem
1437 3028 1513 3084 uobis
1541 3028 1680 3082 thesauros
1710 3027 1740 3080 r'n

72 3120 244 3193 eleenrnsyuis
266 3121 437 3194 praestandis
455 3121 612 3193 plurimum
628 3121 735 3191 dedita,
749 3138 813 3176 eurn
828 3121 870 3178 in·
884 3151 911 3225 C
923 3126 998 3186 creto.
1019 3126 1068 3180 nbi
1090 3139 1174 3195 raeque
1197 3125 1269 3179 tinea
1290 3137 1375 3192 nepae
1399 3126 1547 3176 emnesturn
1566 3123 1739 3184 euterminut,

73 3211 168 3270 firmata
182 3221 259 3272 esset
274 3223 302 3272 et
316 3219 440 3280 mortua,
456 3216 491 3271 ad
502 3215 623 3270 raderer
632 3216 762 3270 exanime
777 3217 874 3272 Petrus
923 3224 949 3274 et
967 3219 1016 3273 ubi
1033 3220 1110 3285 [ures
1134 3233 1188 3272 non
1207 3217 1339 3287 effodiunt
1359 3231 1407 3270 nee
1425 3217 1569 3283 seruntur.
1598 3215 1650 3269 Ubi
1669 3217 1742 3270 enim

72 3308 159 3362 arcitus
184 3315 226 3365 est
242 3327 250 3364 :
276 3309 325 3382 qui
347 3325 413 3364 carm
433 3308 556 3381 impigre
574 3325 625 3380 pru
645 3310 797 3381 apostolica
819 3309 874 3365 hu·
923 3315 1008 3380 feeerit
1023 3313 1167 3368 thesaurus
1183 3316 1255 3374 tuus,
1270 3311 1312 3366 ibi
1323 3311 1375 3366 erit
1388 3314 1412 3364 et
1424 3313 1554 3365 cortuum
1566 3307 1687 3378 (haren,
1701 3323 1739 3375 vr,

72 3402 191 3458 uanitate
206 3403 342 3470 venisset,
355 3403 605 3459 circumsteterunt
618 3419 684 3457 eum
699 3402 793 3458 viduus
806 3403 874 3458 ileu-
926 3407 1024 3476 ιι-ιι).
1045 3408 1079 3463 Ει
1100 3421 1165 3460 eum
1189 3404 1337 3460 obseruata
1358 3404 1421 3475 lege
1445 3403 1604 3475 perlectum
1626 3406 1655 3457 et
1673 3417 1739 3456 oon·

72 3497 102 3547 tes
114 3501 139 3549 et
152 3500 301 3568 rogantes,
318 3495 405 3567 pallia
420 3495 571 3551 ettuuieas
586 3496 727 3551 alumnia
747 3497 793 3552 illa
809 3513 873 3568 qure
924 3503 1100 3554 summatum
1120 3497 1204 3552 rellet
1224 3497 1373 3552 ostendere
1389 3511 1395 3550 :
1410 3497 1441 3553 Si
1451 3499 1500 3566 uis,
1517 3495 1621 3567 inquit,
1638 3498 1741 3565 persec-

71 3587 133 3656 pn'us
151 3596 339 3663 sumpserant
352 3589 519 3645 indumenta
539 3592 742 3658 monstrantes,
756 3607 807 3646 nee
822 3606 873 3662 pro
923 3597 967 3648 tus
981 3608 1045 3659 esse,
1060 3593 1130 3648 verde
1143 3598 1168 3648 et
1181 3591 1266 3648 verrde
1284 3593 1374 3646 omerio
1398 3596 1445 3644 tun
1460 3590 1484 3625 ⁸¹
1509 3589 1574 3657 llll,
1587 3595 1613 3645 et
1632 3590 1668 3644 du
1681 3605 1739 3659 epe·

71 3679 186 3740 deluueta
207 3685 270 3740 suis
291 3683 419 3746 vocibus,
434 3684 483 3740 sed
505 3683 594 3756 ipsius
613 3683 747 3755 operibus
768 3685 871 3756 depre·
923 3688 978 3753 nis,
995 3692 1021 3741 et
1041 3687 1151 3742 lnrbebis
1173 3687 1330 3741 thesaurum
1352 3685 1383 3739 ιἰι
1402 3685 1484 3754 eoelo,·
1505 3689 1530 3739 rt
1549 3685 1619 3747 uerri,
1634 3697 1742 3754 sequere

751 3837 856 3904 Variae
882 3839 1054 3904 lectiones.

94 3967 184 4020 ”Deus
198 3984 318 4037 parcens
334 3973 400 4022 bam.
413 3975 466 4023 tin.
485 3975 553 4024 Pena.
574 3975 639 4023 Voss.
660 3976 682 4026 t.
702 3974 725 4024 Ξ.
740 3973 801 4024 bort.
816 3975 840 4037 ι,
856 3975 878 4028 3.
890 3975 967 4027 Deus
991 3977 1098 4041 patiens
1122 3977 1201 4026 Oeen.
1236 3977 1255 4007 ¹¹
1271 3975 1348 4025 l‘aria
1361 3975 1457 4025 Tobiae
1481 3973 1525 4023 tr.
1550 3973 1621 4022 tam.
1638 3973 1701 4022 uod.
1714 3973 1740 4024 Ξ.

71 4041 158 4091 ”Bana
169 4049 220 4104 est,
231 4045 326 4109 iuquit
342 4045 411 4095 Lam.
424 4049 447 4095 Α
462 4047 583 4109 peccatis
606 4046 660 4094 Ver,
673 4045 860 4110 eleemosyna
875 4059 939 4097 uum
952 4046 1165 4110 mentiamur.
1201 4049 1220 4080 ⁸¹
1233 4045 1426 4110 Eleemosynts
1440 4043 1582 4095 socientur
1592 4044 1637 4092 Ar.
1664 4044 1738 4094 lt'est.

71 4109 207 4161 trusirent.
224 4116 360 4178 ι,Ξ,3,ι.
378 4115 539 4166 ιιιιοιιιιιιιι
559 4115 677 4178 eliiposr
698 4116 793 4166 Punrel.
829 4117 848 4150 ³⁴
862 4115 1050 4168 subveniatur
1065 4118 1118 4168 tin.
1153 4117 1172 4151 ³⁵
1197 4115 1244 4168 Sio
1272 4117 1300 4167 in
1316 4119 1378 4168 Act.
1398 4117 1474 4166 West.
1507 4114 1682 4164 ³⁸‘testatum
1698 4117 1741 4164 est

72 4181 137 4232 Surie
169 4183 329 4238 ³⁷Tabitha
354 4187 574 4251 eleemosynaria
594 4187 658 4237 rou.
677 4188 701 4238 3.
728 4186 908 4239 Orationibus
935 4189 981 4238 Ar.
1005 4188 1086 4238 Suria.
1110 4188 1171 4240 llud.
1192 4189 1215 4239 ι.
1251 4187 1272 4224 ³⁸
1296 4189 1375 4239 Nixis
1403 4187 1458 4236 Ver.
1473 4185 1587 4238 Orssset
1602 4187 1628 4235 et
1657 4183 1739 4234 Snrir.

72 4251 199 4308 tramine
211 4257 327 4308 Domini
345 4260 422 4308 tt'eer.
456 4261 477 4291 ⁴⁰
500 4259 651 4325 Evangelio
674 4271 725 4310 suo
744 4258 851 4309 Verus.
871 4257 938 4308 Pem.
972 4260 993 4293 ⁴¹
1017 4258 1107 4325 Opera
1123 4261 1275 4324 justitiet.
1293 4261 1355 4311 aen.
1373 4258 1436 4310 liud.
1458 4259 1481 4308 ι.
1515 4255 1649 4309 “Omnia
1675 4269 1738 4321 quae

71 4322 142 4376 habes
156 4330 222 4380 Voss.
235 4331 259 4380 ι.
278 4329 404 4382 Possides
414 4331 468 4382 NG.
487 4334 510 4380 ι.

706 4419 818 4501 Staph.
842 4418 965 4484 llaluzii
987 4426 1084 4486 uotae.

96 4552 135 4612 tn
159 4553 281 4604 Parcens.
309 4553 339 4602 ln
362 4551 460 4603 codice
484 4551 606 4602 Fuxsusi
632 4551 673 4601 eet
695 4564 806 4614 parcens
830 4542 968 4619 aethui
990 4557 1065 4605 certe
1087 4556 1203 4606 mutilus
1221 4557 1262 4606 est
1287 4554 1314 4604 in
1336 4553 1391 4604 hoc
1411 4553 1482 4616 loeo,
1501 4553 1601 4618 legitur
1621 4553 1738 4616 [arcien-

71 4623 164 4679 pariens.
187 4625 262 4676 Hinc
291 4629 351 4675 orta
378 4627 419 4674 est
442 4624 525 4674 lectio
550 4623 661 4673 diversa
684 4622 869 4687 quorumdum
925 4629 979 4687 tur,
1000 4639 1033 4677 eo
1059 4625 1220 4690 modoque
1248 4637 1298 4688 per
1323 4637 1443 4676 errorem
1465 4637 1579 4688 quoque
1603 4625 1738 4688 scriptum

73 4688 195 4756 librorum,
208 4698 237 4746 in
254 4694 359 4761 quibus
380 4695 514 4758 scriptum
536 4698 578 4744 est
597 4695 709 4759 potiens.
733 4693 871 4744 Castorum
922 4697 964 4746 est
988 4697 1016 4746 in
1039 4696 1160 4746 Furensi
1185 4701 1343 4755 sacrentur,·
1373 4693 1520 4754 Pemelius,
1548 4695 1675 4758 inquam,
1701 4708 1736 4744 ex

74 4760 203 4825 legendum
231 4781 294 4819 esse
316 4770 383 4830 puto
407 4779 529 4830 parcens,
557 4777 590 4815 eo
614 4766 643 4814 in
668 4765 764 4828 primis
787 4778 871 4828 argu·
921 4765 1040 4818 lectione
1064 4767 1139 4816 illius
1163 4765 1294 4818 editionis
1320 4769 1347 4815 et
1372 4763 1477 4816 codicis
1501 4763 1677 4816 Coloniensis
1697 4765 1738 4815 le-

73 4839 360 4903 nentoquod,praeter
377 4837 571 4888 auctoritatem
593 4841 717 4886 veterum
739 4834 871 4885 librorum
922 4839 959 4889 cit
985 4838 1152 4902 sarciuntur,
1180 4836 1295 4886 minime
1320 4835 1451 4886 dubitans
1476 4836 1544 4900 quin
1570 4835 1632 4887 haee
1654 4835 1738 4887 lectio

74 4909 94 4952 rt
105 4906 262 4968 editionum,
277 4908 415 4972 scriptum
434 4912 476 4958 est
493 4909 522 4958 ιιι
543 4907 614 4958 libro
637 4905 766 4968 Danielis,
780 4907 872 4958 Forat·
922 4915 996 4960 asset
1015 4910 1127 4973 optima.
1143 4905 1224 4969 Quod
1244 4911 1319 4958 certe
1342 4920 1397 4957 non
1422 4906 1494 4957 lieet.
1520 4907 1600 4967 Num,
1621 4907 1646 4956 si
1669 4919 1737 4957 con·

74 4979 110 5022 ιιιιι
121 4979 226 5040 ipnoscet
239 4981 341 5031 delictis
353 4982 414 5030 tur'r.
919 4981 1036 5046 jecturis
1048 4981 1086 5030 ita
1103 4979 1185 5030 facile
1210 4977 1353 5041 indulgere
1376 4978 1484 5028 licitum
1507 4981 1588 5038 esset,
1601 4991 1653 5042 ego
1671 4977 1738 5028 mal-

97 5049 138 5106 ils)
160 5051 303 5102 Sutirnlur.
336 5052 376 5101 lta
401 5053 510 5101 veteres
544 5049 680 5100 editiones
711 5053 775 5100 ante
809 5063 870 5100 euru
921 5053 976 5102 lem
995 5065 1098 5116 ponere
1120 5064 1185 5101 oum
1201 5048 1345 5101 Goulartio
1363 5047 1622 5113 [reicientemqunm
1643 5049 1739 5100 lectio·

73 5131 124 5179 uua
146 5121 247 5173 dicitur
273 5135 332 5174 esse
356 5122 459 5174 Gratti.
484 5121 531 5172 Sic
556 5122 640 5172 ettam
665 5121 747 5171 habet
774 5121 872 5172 hlorel·
921 5137 986 5175 nem
1010 5124 1069 5173 suto
1093 5121 1236 5186 probatam
1256 5120 1341 5170 luisse
1367 5119 1480 5170 Nicolao
1506 5119 1605 5171 Fabro.
1631 5119 1737 5171 Eadem

74 5185 141 5240 luna.
159 5191 340 5244 Consentiunt
355 5197 446 5244 autem
469 5193 565 5258 viginti
590 5192 655 5242 libri
675 5194 769 5251 nostri,
787 5191 870 5242 etiem
922 5193 1039 5244 audacia
1061 5191 1201 5245 l‘amellus
1223 5192 1252 5240 iu
1276 5190 1394 5256 epistola
1416 5191 1455 5250 ιιι,
1471 5191 1563 5254 posuit
1586 5197 1665 5241 suant
1687 5205 1737 5255 pro

75 5255 254 5322 Seguierinuus
279 5269 305 5316 st
326 5264 496 5314 Veronensis
519 5264 645 5314 omnium
672 5263 869 5327 antiquissimi.
920 5267 1012 5326 satiat,
1026 5264 1127 5314 utlllie
1146 5263 1315 5314 monuimus.
1336 5261 1473 5325 Apuleius
1490 5261 1538 5312 lib.
1559 5275 1578 5312 ιι
1597 5264 1737 5315 Metamor-

76 5325 232 5385 Sunttamen
248 5334 304 5386 dun
323 5335 371 5400 qul
393 5335 497 5386 habent
515 5335 649 5386 socientur
672 5335 709 5384 urt
730 5334 870 5395 socientur,
920 5335 1057 5399 phasson:
1078 5353 1093 5384 «
1115 5335 1183 5386 lloec
1197 5337 1289 5384 autern
1308 5334 1468 5396 novissima,
1488 5347 1573 5396 quam
1594 5334 1671 5386 sonte
1694 5349 1737 5386 sa·

76 5401 112 5451 alii
122 5418 166 5454 sex
182 5407 315 5457 socientur
332 5411 450 5458 tantum.
464 5407 531 5457 Eam
544 5411 711 5471 postremam
723 5407 870 5456 lectionem
920 5408 1007 5458 tiante
1020 5411 1175 5471 postremus
1188 5409 1283 5470 partus
1297 5403 1404 5456 effudit.
1417 5419 1433 5452 r
1546 5453 1547 5458 ,

75 5475 205 5532 prelemut
223 5483 327 5542 septem
348 5477 505 5544 anglicani,
519 5477 569 5528 sed
590 5491 646 5528 nun
672 5479 699 5527 in
720 5478 774 5528 hoc
798 5477 868 5527 locu.
952 5480 1000 5538 dtr
1014 5480 1101 5530 Tinea.
1117 5477 1187 5529 Vide
1201 5478 1347 5528 Frontonis
1357 5475 1455 5527 Ducaei
1467 5479 1548 5526 notas
1560 5476 1588 5526 in
1601 5474 1737 5526 Humilias

77 5541 169 5610 Quippe
183 5562 279 5600 rocam
292 5551 425 5601 socientur
436 5554 545 5614 ponunt
566 5551 595 5600 in
609 5549 702 5614 phrasi
718 5549 870 5614 superiore,
920 5550 1010 5600 sancti
1024 5549 1112 5599 Basilii
1125 5547 1157 5598 d'e
1171 5548 1286 5611 JeJ'uniu,
1300 5561 1361 5612 pap.
1378 5547 1417 5598 eu.

78 5615 226 5684 eleeumspuis
247 5623 389 5676 socientur.
414 5623 562 5686 Pamelius,
575 5626 670 5673 contra
688 5627 728 5674 ιοι
747 5619 871 5673 auctori·
951 5623 1001 5684 (ιι)
1018 5619 1103 5670 Vende
1119 5620 1209 5674 omnin
1225 5623 1279 5670 luo.
1297 5618 1392 5670 Codex
1405 5619 1540 5681 Lemouii,
1554 5615 1635 5668 nendo
1647 5616 1737 5666 omniu

79 5690 142 5752 tate,
158 5693 261 5758 absque
279 5695 362 5747 ullius
384 5695 448 5748 libri
471 5695 573 5748 veteris
597 5693 737 5758 suffragio,
762 5697 870 5744 mutum
920 5691 1227 5757 praeposterando
1252 5693 1347 5753 spanis.
1371 5691 1446 5741 alibi
1471 5703 1584 5756 quoque
1601 5687 1735 5753 scriptum

80 5763 132 5820 luia
154 5763 179 5814 iu
202 5765 322 5818 editione
347 5766 394 5818 illa
424 5781 488 5833 quus
519 5767 622 5818 dicitur
648 5765 742 5818 Grarii
769 5765 871 5828 legitur
920 5763 1136 5830 ridicpcnispro
1153 5759 1324 5830 puaperibus.

80 5827 220 5898 tornantur,
247 5839 363 5906 atquin
391 5839 421 5890 ln
452 5837 572 5906 quodam
599 5837 670 5890 libro
699 5835 870 5899 Coloniensi,
