4076 6190
127 252 166 308 uu
779 243 904 334 turus.
923 242 1095 308 urentem.
1731 243 1783 303 ras

124 376 272 448 quicumque
287 371 529 428 inhumanissime
544 375 573 428 et
589 389 605 428 a
624 373 750 430 traterna
772 373 910 429 charitate
921 385 951 460 Α
961 373 1077 444 ejusque
1090 369 1209 443 college
1219 369 1322 443 quibua
1335 367 1470 426 scriberet
1484 373 1513 428 et
1528 385 1545 424 a
1559 367 1663 441 quibus
1672 368 1783 424 litteras

124 470 206 526 ahena
217 469 274 540 ejus
286 467 410 538 opinioni
423 467 582 522 consentire
597 474 828 539 presumpserat,
841 467 910 522 alie·
961 474 1061 524 mutuo
1087 466 1215 538 accipere
1240 470 1399 538 oporteret,
1421 466 1443 520 si
1471 465 1535 538 quis
1554 471 1652 521 autem
1676 469 1782 537 praeter

123 581 165 619 nus
181 562 214 618 ab
232 561 351 617 Ecclesia
374 560 519 617 habendos
545 577 617 618 esse.
638 583 652 612 ιι
677 566 712 618 st
735 562 911 617 confessores
960 579 1090 634 esusquos
1104 561 1260 634 Cyprianus
1283 560 1402 632 epistola
1421 575 1472 616 sua
1493 561 1658 632 complexus
1675 559 1780 629 tuerat,

122 659 152 712 sic
167 673 193 712 se
212 661 274 711 ante
293 655 416 712 reditum
432 671 553 728 gessere,
568 655 608 712 sic
628 655 783 712 redeuutes
802 655 911 726 excepti
961 655 1083 712 scribere
1109 653 1246 723 auderet,
1273 653 1380 710 scirent
1406 669 1473 709 eum
1499 654 1544 708 sel
1570 654 1710 710 sacrificio
1737 657 1784 712 rel

122 749 911 820 smt,utercommunieatituissenonvideanturaoon·
960 748 1058 804 libello
1086 764 1146 804 esse
1174 747 1359 810 maculatum,
1386 747 1429 802 uel
1452 763 1541 802 unum
1571 747 1607 803 de
1630 748 1781 818 hereticis,

121 845 173 900 ultio
186 843 322 914 sexaginte
335 842 532 915 opiscoporum
543 860 551 897 ε
563 859 641 911 nam,
651 843 674 898 si
688 844 725 898 ab
739 843 793 898 hec
802 843 910 915 syuodo
960 858 1125 915 perversum
1140 841 1248 896 scilicet
1259 846 1288 896 et
1303 839 1469 912 profanum.

121 935 200 1010 136
212 936 239 991 iu
248 936 385 1007 judicium
393 937 481 992 vocati
490 940 521 992 et
530 937 769 994 exeommunicati
784 937 909 992 inachia-
998 935 1092 1011 137
1109 935 1251 1007 Scriptum
1268 933 1447 990 existimatur
1467 934 1522 988 hoc
1542 950 1617 990 auno
1641 938 1781 1007 praesten-

119 1037 180 1086 mate
202 1029 407 1099 obduruisseut,
426 1047 463 1086 an
490 1031 586 1086 dicere
607 1029 767 1101 potuissent
788 1029 910 1086 circum·
961 1031 1103 1086 tissimum
1116 1028 1251 1102 Cypriani
1265 1045 1337 1100 opus
1347 1029 1380 1083 de
1401 1029 1529 1086 Oreticum
1548 1030 1700 1084 Doudnico.
1726 1031 1778 1086 lte-

120 1128 311 1180 ueutosseesse
328 1129 356 1180 et
378 1123 567 1197 imposturam
594 1141 702 1196 passos,
725 1141 758 1180 ar
783 1129 911 1180 mentem
962 1123 1233 1181 censetureFontio
1259 1126 1326 1194 post
1337 1121 1442 1178 librum
1458 1123 1491 1178 de
1515 1124 1625 1178 Unitote
1648 1123 1783 1186 Ecclesia,

120 1234 184 1272 suam
197 1233 309 1287 semper
327 1218 357 1273 in
380 1218 500 1274 Ecclesia
522 1217 632 1274 fuisset
650 1217 714 1290 quis
732 1217 822 1274 credit
842 1219 910 1274 Cor·
964 1221 993 1274 el
1006 1235 1071 1274 eum
1088 1218 1177 1273 multa
1199 1217 1230 1272 in
1251 1216 1352 1272 eodem
1374 1215 1447 1271 libro
1465 1215 1602 1271 aduersus
1625 1215 1783 1272 schismati·

120 1310 211 1366 aelium
222 1311 261 1364 sie
274 1327 323 1365 eos
334 1317 517 1383 recepturum
530 1311 629 1381 fuisse,
653 1316 685 1367 ut
706 1311 803 1367 omnia
817 1312 912 1368 remit·
962 1328 1008 1367 eos
1021 1312 1208 1367 uehementer
1223 1313 1252 1365 et
1266 1309 1380 1381 copiose
1395 1309 1536 1378 dicantur,
1550 1325 1607 1364 nou
1628 1310 1702 1366 male
1716 1327 1781 1366 oon·

120 1405 244 1460 teretbeo
261 1404 466 1476 omnipotenti!
483 1405 593 1460 oonsic
612 1405 659 1476 agi
680 1405 753 1460 solet
772 1421 838 1460 cum
858 1405 912 1461 ho·
961 1405 1088 1461 eluditur
1115 1405 1176 1476 jam
1208 1402 1346 1476 prodiisse
1381 1401 1544 1457 Felicissimi
1577 1406 1607 1458 et
1637 1403 1797 1460 Novatiaui‘

120 1497 226 1553 minibus
235 1497 438 1569 jamjudieatis
450 1503 480 1554 et
493 1497 753 1556 excommunicatis.
770 1499 912 1555 Posterius
962 1499 1116 1554 schismata
1129 1514 1194 1553 cum
1206 1498 1266 1553 heac
1282 1495 1418 1552 scriberet
1433 1495 1603 1567 Cyprianus.

121 1607 175 1661 ergo
187 1591 331 1646 concilium
344 1591 437 1647 reditu
451 1593 646 1650 confessorum
662 1609 669 1647 ι
685 1593 733 1648 sed
744 1598 840 1649 tamen
854 1609 911 1648 non
997 1592 1075 1650 Circa
1090 1592 1203 1648 Paschae
1218 1590 1312 1661 prima
1332 1589 1471 1645 solemnia
1495 1589 1607 1661 scripsit
1624 1589 1784 1662 Cyprianus

119 1684 194 1740 multo
214 1685 365 1755 pastorium
388 1701 456 1740 nam
478 1685 652 1758 grauissimae
668 1702 753 1742 causa
776 1686 912 1742 suberant
961 1687 1043 1759 epist.
1060 1689 1093 1741 53
1106 1684 1143 1740 ad
1163 1683 1309 1756 episcopos
1322 1683 1519 1751 Fortunatam,
1532 1683 1708 1755 thymuum,
1729 1684 1782 1758 Op·

119 1778 216 1832 cursito
228 1777 391 1846 haberetur,
406 1782 466 1835 tum
483 1782 514 1834 ut
530 1778 678 1837 Novatiani
694 1784 788 1852 partes
800 1780 912 1851 penitus
922 1755 951 1828 Β
963 1784 1064 1848 tatum,
1084 1777 1284 1846 horatianum,
1306 1777 1504 1846 Fortunatam,
1521 1781 1550 1832 et
1570 1776 1700 1844 Felicem,
1721 1779 1781 1850 quui,

118 1869 308 1941 frangerentur,
336 1873 399 1926 tum
429 1875 461 1927 ut
485 1872 632 1943 lapsorum
662 1888 754 1940 causa,
783 1887 848 1945 quae
877 1872 915 1927 ad
963 1868 1782 1942 comessantinciritatoCapsensipropterordiuationem

119 1963 248 2018 concilium
261 1964 369 2035 rejecta
386 1965 488 2034 luerat,
508 1964 723 2038 dijudicaretur.
963 1965 1086 2040 episcopi
1100 1964 1256 2038 (donatuli,
1273 1968 1303 2018 ut
1317 1962 1469 2019 verisimile
1484 1968 1538 2034 est,
1555 1964 1704 2036 Capsensis
1722 1966 1784 2038 epi-

119 2064 189 2122 utut.
201 2096 233 2106 -
245 2068 283 2122 lte
294 2071 378 2134 gestis
392 2071 418 2123 et
432 2069 542 2138 scriptis
556 2069 585 2126 S.
610 2051 744 2139 Cypriani
768 2083 842 2124 cauo
861 2070 915 2123 ιιι
964 2061 1051 2134 scopi,
1065 2060 1114 2132 qui
1129 2060 1190 2116 loco
1203 2057 1384 2130 sexagesimo
1398 2073 1475 2112 suono
1489 2059 1662 2114 sententiam
1673 2058 1742 2114 dicit
1754 2059 1785 2115 in

355 2153 419 2202 oute
431 2149 652 2218 persecutionem.
963 2153 1083 2212 coneilio
1096 2149 1315 2224 Carthaginensi
1330 2167 1406 2207 anuo
1419 2151 1496 2220 257),
1512 2152 1630 2208 consulti
1643 2152 1759 2208 fueraut
1770 2171 1787 2208 a

145 2243 287 2300 bennatus
302 2248 362 2301 toto
377 2245 447 2301 orbe
457 2246 630 2302 Nouatianus
645 2262 704 2302 non
718 2243 915 2318 despondebat
966 2247 1087 2320 Superio
1100 2263 1137 2302 an
1147 2245 1182 2302 ad
1192 2245 1428 2301 communionem
1441 2245 1679 2316 jamadmittendi
1691 2253 1786 2324 essent

118 2336 235 2406 animum,
249 2338 298 2394 sed
313 2339 516 2410 perplurimas
531 2339 661 2396 ciuitates
684 2355 772 2396 noros
801 2346 912 2412 aposto·
975 2343 1075 2411 Ninus,
1091 2339 1308 2398 Clementianus
1324 2344 1354 2394 et
1370 2339 1479 2406 Florus,
1495 2339 1546 2412 qui
1561 2339 1704 2396 Christum
1718 2357 1783 2396 con·

117 2429 217 2486 lussuos
227 2431 372 2501 mittebat,
389 2436 420 2488 ut
440 2432 571 2504 quaedam
590 2433 716 2490 recentia
730 2432 915 2490 iustitutionis
963 2431 1030 2488 fessi
1055 2446 1151 2487 coram
1180 2428 1352 2500 magistratu
1390 2431 1419 2484 et
1443 2427 1539 2499 plebe,
1572 2431 1673 2500 postea
1710 2429 1785 2484 iuter

117 2539 162 2578 sua
182 2523 365 2582 fundamenta
387 2527 581 2592 constitueret,
614 2533 643 2581 et
664 2543 751 2599 super
770 2527 915 2600 legitimos
963 2527 1106 2582 tormenta
1118 2539 1214 2580 eoram
1234 2521 1402 2594 proconsule
1426 2521 1563 2594 superati,
1586 2523 1783 2594 poenitentiam

117 2616 244 2689 episcopos
257 2625 372 2674 crearet
386 2619 457 2674 alios
470 2619 736 2692 pseudoepiscopos.
752 2622 781 2676 ld
796 2625 916 2677 testatur
964 2635 1050 2692 agere
1064 2635 1120 2674 non
1136 2617 1305 2673 destiterant
1318 2631 1370 2687 per
1390 2615 1444 2670 hoe
1457 2615 1624 2679 triennium,
1640 2633 1697 2672 non
1714 2617 1785 2672 illud

117 2711 294 2780 Cyprianusin
311 2713 438 2782 Epistola
452 2713 488 2768 ad
508 2715 706 2781 Antonianum,
720 2715 914 2788 scriptaanno
965 2713 1080 2786 quidem
1108 2717 1238 2766 exactum
1268 2709 1316 2766 sed
1349 2709 1525 2770 inchoatum.
1555 2711 1625 2765 Rem
1655 2709 1784 2766 decidere

117 2805 154 2857 ret
170 2807 284 2860 exeunte
309 2811 360 2860 aut
382 2807 434 2860 252
456 2805 581 2862 ineunte.
609 2807 784 2862 iamdudum
808 2809 915 2863 litteras
964 2805 1106 2874 nonensi,
1131 2803 1168 2859 ad
1189 2803 1367 2875 Cyprianum
1382 2801 1556 2872 detulerant,
1569 2807 1597 2858 et
1613 2803 1786 2876 scripserant

116 2904 245 2969 acceperut
268 2899 430 2970 Cyprianus
460 2899 494 2954 ab
521 2901 578 2956 hoc
603 2901 745 2956 Numidia
771 2901 913 2972 episcopo,
966 2921 980 2950 ιι
994 2903 1026 2956 ut
1039 2915 1104 2956 oum
1120 2896 1251 2970 pluribus
1265 2895 1383 2967 collegis
1394 2895 1430 2950 de
1443 2895 1496 2950 hoc
1510 2896 1573 2968 ipso
1587 2897 1754 2969 plenissime
1770 2919 1784 2948 ιι

117 2990 202 3059 quibus
219 3007 248 3047 se
269 3007 337 3047 cum
361 2993 516 3050 Nouatiano
541 3010 598 3049 non
619 2994 845 3062 communicare,
864 2994 915 3050 sed
965 2995 1107 3048 tractaret.
1125 2989 1289 3061 Respondet
1301 2988 1462 3060 Cyprianus
1475 2988 1653 3046 reddendam
1661 2991 1785 3063 ejusmo-

116 3083 226 3140 Cornelio
236 3083 357 3141 alhaum
372 3102 434 3141 esse
451 3087 638 3158 significabat,
653 3092 741 3160 atque
754 3094 784 3144 ut
799 3103 912 3145 earum-
928 3087 996 3201 Cdi
1012 3085 1173 3142 bominibus
1186 3081 1429 3150 communionem,
1453 3098 1540 3156 seque
1561 3099 1596 3138 ea
1613 3083 1648 3140 de
1668 3100 1700 3140 ro
1720 3102 1786 3142 eum

117 3176 169 3232 dem
182 3177 340 3234 litterarum
360 3181 525 3253 exemplum
547 3181 585 3236 ad
607 3181 770 3238 Cornelium
793 3183 918 3238 mittere·
971 3178 1109 3253 episcopis
1124 3177 1348 3234 deliberaturum
1361 3175 1504 3248 promittit
1517 3197 1531 3228 ιι
1548 3177 1663 3249 quiando
1683 3179 1786 3236 solem-

117 3272 339 3342 tur,pustulabat.
355 3273 408 3329 Sed
426 3275 523 3344 postea
542 3273 605 3329 alia
626 3273 728 3330 littera
749 3290 909 3347 superuene
970 3274 1051 3332 nitati
1076 3272 1153 3344 apud
1183 3287 1248 3326 suos
1276 3269 1453 3326 celebrande
1487 3269 1685 3340 satisfecerint,
1711 3295 1726 3324 ιι
1756 3275 1787 3330 et

118 3369 180 3430 mut,
193 3364 220 3420 iu
234 3366 338 3438 quihus
355 3369 455 3422 nutare
477 3367 635 3432 uidebatur,
655 3369 804 3424 Nouatiani
819 3367 920 3424 litteris
970 3367 1173 3438 Carthaginem
1186 3386 1200 3416 ιι
1215 3363 1358 3420 venenat.
1375 3384 1389 3416 ιι

116 3463 201 3527 notus,
221 3465 248 3516 et
269 3477 360 3532 qnam
388 3461 442 3516 iste
467 3462 600 3517 haeresim
624 3461 837 3532 introduxisset,
862 3477 919 3536 qua
1005 3459 1185 3518 Vixdubium
1206 3463 1248 3514 est
1273 3457 1343 3529 quin
1375 3457 1549 3529 promissum
1575 3458 1729 3530 perfecerit
1755 3461 1785 3516 in

121 3551 218 3606 ratione
246 3553 397 3610 Cornelius
428 3570 493 3610 cum
525 3555 678 3628 Trophimo
700 3561 726 3612 et
749 3555 920 3612 thurificatis
970 3555 1088 3612 coneilio
1103 3553 1181 3619 cuod
1193 3551 1366 3624 Carthagine
1383 3550 1512 3606 habitum
1527 3551 1580 3608 hoe
1595 3569 1672 3610 anno
1689 3553 1786 3610 Idibus

117 3645 334 3718 communicarat,
358 3648 562 3718 sciscitabatur,
581 3664 613 3704 ac
639 3665 675 3706 ne
692 3651 779 3722 ipsius
802 3650 919 3722 quidem
969 3649 1042 3716 tteii,
1073 3654 1104 3703 ut
1128 3647 1190 3719 ipse
1218 3649 1339 3702 testatur
1360 3643 1441 3717 epist.
1470 3648 1504 3701 tt
1531 3645 1570 3718 (p.
1597 3645 1652 3718 ss).
1682 3647 1787 3704 Scribit

117 3739 231 3810 Cypriani
245 3741 457 3798 humanitatem
471 3741 499 3797 in
513 3743 608 3814 lapsos
620 3759 704 3816 equo
726 3743 824 3800 animo
844 3744 918 3802 acei-
970 3742 1078 3800 ibidem
1092 3762 1107 3792 ιι
1118 3741 1275 3808 Privatum,
1290 3743 1417 3795 ueterem
1432 3739 1600 3796 hereticum
1623 3741 1650 3795 ιιι
1665 3741 1785 3798 Lambe-

116 3831 203 3902 piebet.
215 3819 259 3892 Sic
273 3836 301 3892 ei
316 3835 468 3906 respondet
486 3837 646 3909 Cyprianus
660 3837 689 3892 iu
712 3837 765 3894 bac
784 3838 917 3910 epictet,
969 3837 1059 3893 sitana
1073 3835 1190 3892 colonia
1200 3838 1265 3890 auto
1281 3833 1387 3888 multos
1402 3833 1462 3888 lere
1473 3849 1564 3888 anuos
1586 3832 1622 3888 oh
1645 3834 1736 3890 multa
1755 3837 1784 3892 et

118 3929 393 3986 utseetCornelium
408 3929 529 3985 mirifice
541 3929 687 4002 detendat,
702 3937 807 3988 etcum
827 3932 917 3990 Noua·
969 3929 1180 4004 graviadelicta
1195 3926 1356 3999 nonafflnta
1377 3932 1406 3982 ct
1424 3927 1625 3998 episcoporum
1641 3931 1786 3985 sententia

117 4019 179 4076 tuno
206 4023 352 4078 neminem
375 4024 588 4080 communicare
613 4041 696 4096 posse
727 4025 916 4097 demonstret,
967 4025 1203 4088 condemnatum,
1217 4023 1247 4077 et
1271 4019 1386 4076 Fabiani
1409 4040 1424 4072 ιι
1447 4035 1526 4091 papm
1544 4036 1577 4075 ac
1597 4021 1698 4076 Donati
1716 4023 1783 4079 Car·

117 4111 209 4186 ntiqui
223 4118 311 4172 totiurs
326 4116 458 4172 Ecclesiae
471 4119 706 4174 communionem
732 4119 849 4190 rejiciat.
874 4119 919 4174 Li·
968 4115 1144 4189 thaginensis
1158 4113 1283 4187 episcopi
1301 4135 1314 4164 ιι
1331 4113 1433 4169 litteris
1449 4112 1625 4170 seuerissime
1639 4119 1779 4184 notatum,

117 4212 173 4277 quet
184 4209 315 4283 scriptam
326 4227 387 4266 esse
401 4210 550 4282 epistolam
571 4218 635 4284 post
655 4213 781 4268 reditum
806 4214 916 4270 contes-
967 4227 1034 4268 cum
1047 4224 1166 4265 caussam
1183 4207 1211 4262 in
1225 4208 1278 4263 hoc
1290 4206 1410 4262 concilio
1430 4221 1517 4278 agere
1532 4207 1603 4262 uelle
1622 4223 1651 4263 se
1675 4209 1789 4266 diceret

117 4305 328 4375 sommquosin
345 4303 467 4360 Ecclesia
484 4321 549 4360 cum
569 4307 700 4362 Cornelio
718 4307 834 4378 junctos
856 4324 918 4363 esse
967 4305 1122 4362 admissum
1144 4317 1202 4358 uon
1219 4300 1316 4356 tuisse.
1345 4299 1413 4356 ltuic
1440 4299 1562 4356 concilio
1587 4300 1784 4360 interfuerunt

117 4391 181 4460 dicit,
195 4402 391 4468 postmortem
412 4398 500 4466 Decii,
516 4414 601 4471 quem
617 4405 766 4470 tyrannum
781 4403 916 4474 appellat,
967 4398 1094 4472 episcopi
1116 4395 1265 4468 sexaginta
1286 4394 1384 4463 ser,si
1408 4394 1459 4461 ibi,
1488 4397 1521 4449 ut
1545 4393 1785 4454 verisimillimum

118 4487 157 4540 sed
168 4493 254 4546 husen
267 4497 333 4563 apto
348 4507 508 4548 concessam
527 4492 613 4565 lapsis
626 4493 683 4550 hoe
697 4511 773 4550 auno
801 4499 852 4551 252
869 4495 910 4550 iu·
922 4497 952 4570 1)
963 4496 1015 4560 sat,
1043 4489 1192 4564 propositis
1205 4507 1222 4544 a
1235 4489 1302 4545 Fido
1330 4489 1464 4573 episcopo
1487 4479 1694 4561 quaestionibus
1721 4506 1783 4546 res·

118 4578 288 4654 dulgentiam,
303 4585 446 4658 siquidem
460 4587 591 4658 Cypriani
604 4587 731 4644 defensio
745 4589 775 4646 in
794 4589 830 4644 iis
852 4592 916 4646 tan·
968 4602 1092 4660 pouaum
1107 4584 1171 4640 fuit.
1196 4585 1221 4640 ls
1235 4599 1286 4656 per
1306 4582 1417 4638 litteras
1441 4585 1558 4654 questus
1586 4582 1681 4638 iuerat
1707 4583 1785 4655 quod

118 4677 167 4730 tum
188 4683 400 4751 versaturque
428 4679 597 4736 Libellaticis
621 4699 697 4740 anuo
720 4683 869 4755 superiore
890 4689 919 4739 et
967 4679 1122 4752 Therapius
1135 4679 1286 4750 episcopus
1311 4676 1398 4732 bullae
1418 4683 1446 4730 et
1465 4675 1619 4742 confessor,
1646 4682 1675 4731 ut
1694 4677 1783 4748 conji-

117 4771 251 4828 oeterisiu
271 4775 373 4830 mortis
388 4773 516 4846 periculo
529 4775 690 4832 constitutis
709 4791 840 4832 concessa
860 4778 920 4833 ine·
968 4775 1006 4832 eit
1033 4772 1174 4830 Pamelius
1201 4788 1236 4827 ex
1263 4770 1364 4827 concil.
1389 4767 1486 4823 Carth.
1512 4785 1559 4823 an.
1586 4771 1650 4837 256,
1681 4769 1785 4826 Victori

117 4869 179 4918 rant.
193 4865 249 4921 Non
270 4866 414 4922 immerito
438 4869 615 4924 hotomanus
635 4869 683 4924 ille
705 4871 782 4926 idem
807 4870 919 4926 uidetur
966 4867 1111 4942 quondam
1125 4866 1303 4938 presbytero,
1328 4866 1487 4934 antequam
1509 4863 1709 4934 poenitentiam
1722 4863 1783 4936 ple·

118 4959 223 5030 esseqm
233 4961 261 5014 iu
278 4960 360 5018 titulo
373 4962 454 5032 epist.
475 4964 519 5026 70,
542 4963 616 5020 inter
644 4962 792 5035 episcopos
819 4964 916 5020 Numi·
968 4979 1036 5019 uam
1058 4961 1172 5034 egisset,
1187 4973 1289 5032 paoem
1312 4959 1468 5013 immaturo
1491 4959 1619 5027 tempore
1645 4956 1782 5013 dedisset.

119 5049 160 5103 das
176 5059 350 5121 recensetur;
374 5055 562 5127 quodetiam
589 5063 760 5128 argumento
783 5062 825 5113 est
852 5074 918 5114 eum
967 5059 1107 5113 Praeterea
1121 5069 1226 5110 norem
1242 5050 1398 5124 quamdam
1420 5049 1455 5106 de
1485 5050 1643 5106 infantibus
1668 5051 1783 5122 opinio·

118 5142 232 5214 Cypriani
246 5148 365 5204 monitis
378 5165 434 5204 nou
451 5151 599 5206 restitisse.
968 5165 1035 5206 uem
1050 5149 1131 5204 Fidus
1146 5147 1344 5220 proposuerat,
1360 5146 1389 5200 in
1413 5144 1515 5217 quibus
1530 5161 1641 5201 morem
1657 5146 1784 5219 antiquae

147 5238 282 5296 Emissarii
299 5243 447 5298 Nouatiaui
466 5245 539 5299 circe
565 5245 619 5300 hoo
636 5248 748 5317 tempus
766 5245 917 5301 hienimum
968 5241 1192 5300 circumcisionis
1218 5239 1375 5296 tenendum
1402 5240 1531 5313 putabat,
1560 5242 1592 5293 ot
1613 5239 1685 5296 intra
1706 5246 1784 5297 oeta·

119 5333 377 5408 pseudoepiscopum
404 5337 660 5410 Carthaginensem
681 5339 811 5394 lecerunt
832 5356 839 5394 ε
869 5339 918 5396 sed
968 5355 1034 5396 uum
1048 5337 1125 5394 diem
1146 5353 1204 5392 non
1225 5335 1449 5407 baptizarentur.
1471 5333 1550 5388 Inter
1569 5334 1639 5388 alias
1660 5335 1785 5390 rationes

120 5421 164 5480 hoe
175 5427 280 5484 lacinus
293 5433 351 5486 tam
366 5430 491 5502 ignobile
512 5438 541 5487 et
556 5431 709 5488 obscurum
727 5431 791 5500 fnit,
809 5436 840 5488 ut
863 5433 917 5505 Cy·
968 5434 1042 5488 huuc
1054 5429 1190 5488 adurebat
1204 5447 1212 5486 ι
1227 5449 1241 5479 ιι
1255 5427 1414 5500 Vestigium
1428 5426 1544 5482 intentis
1556 5426 1585 5481 in
1601 5427 1701 5499 primis
1717 5445 1782 5499 par·

121 5519 219 5588 priauus
238 5523 475 5580 rescribendum
494 5526 609 5598 quidem
633 5543 668 5581 ea
688 5527 723 5584 de
745 5543 776 5582 ro
796 5529 918 5584 Romam
968 5531 1013 5582 lus
1031 5525 1076 5582 sui
1091 5525 1194 5582 diebus
1211 5521 1359 5580 constituti
1371 5521 1513 5578 muudum
1536 5537 1595 5578 non
1610 5537 1684 5592 esse,
1708 5521 1786 5594 quand

119 5610 253 5678 judicaret.
278 5616 346 5672 Nam
367 5619 451 5690 paulo
465 5625 530 5675 ente
550 5619 585 5676 de
608 5621 780 5693 collegarum
802 5621 918 5676 consilio
969 5619 1164 5692 unusquisque
1175 5617 1245 5674 illud
1259 5617 1378 5672 horreat
1388 5614 1555 5671 exosculari.
1569 5635 1583 5666 ιι
1600 5615 1786 5687 Respondent

123 5705 365 5768 miseratComelio
380 5711 500 5768 nomina
521 5712 700 5785 integrorum
721 5720 750 5770 et
763 5713 917 5770 catholico·
969 5715 1115 5787 sexaginta
1129 5727 1176 5768 sex
1202 5709 1327 5782 episcopi
1354 5724 1405 5780 per
1426 5708 1508 5779 epist.
1538 5708 1583 5774 tr,
1601 5707 1784 5778 objurgatum

124 5801 217 5860 mutin
237 5804 325 5862 htrioa
348 5804 559 5879 episcoporum,
585 5811 615 5864 ut
642 5807 745 5866 seirent
771 5809 919 5866 Cornelius
968 5809 1053 5866 tuisse
1066 5803 1248 5880 therapium,
1267 5820 1319 5860 noe
1334 5807 1427 5858 emen
1440 5801 1562 5856 ablatam
1583 5803 1687 5857 Victori
1705 5819 1783 5860 ιιιιιι·

273 5903 470 5976 tiu-uocet.
1610 5907 1629 5967 ιι
