3986 6208
1 239 2 270 ³
75 241 117 296 693
624 239 669 296 AD
688 237 917 296 FDRl'UNATUll
939 237 981 294 DE
1010 235 1194 294 stramem.
1700 241 1752 298 ccl

1 371 2 390 ³
75 363 175 418 silleri
202 366 300 434 potest,
327 363 415 418 etiam
442 361 549 418 electis.
572 362 625 417 Vos
652 366 747 417 autem
774 364 886 436 cavete,
898 364 1003 453 Ateus
1023 375 1074 414 nos
1093 359 1204 430 cripere
1224 359 1259 414 da
1279 359 1389 416 camino
1412 361 1487 434 ignis
1511 362 1648 434 ardentis,
1669 370 1699 418 et
1717 367 1752 420 dc

1 521 2 534 χ
75 474 130 512 cccc
150 456 268 528 praedixi
287 457 364 512 robis
382 455 488 512 omnia.
509 455 538 512 Si
553 452 763 528 ergo'dixerint
777 453 878 512 robe:
938 452 1071 508 manibus
1085 451 1151 520 tuis,
1169 467 1230 518 rex,
1249 451 1383 508 liberabit
1397 471 1459 510 nus.
1473 456 1508 511 Et
1530 456 1635 526 sinon,
1651 463 1752 514 notum

1 599 2 604 ,
74 553 133 608 Ecce
146 550 176 604 in
190 549 342 620 solitudine
353 556 395 606 est
415 551 450 620 ’⁸,
471 550 562 606 nolite
584 549 664 605 exire
671 566 680 620 ;
694 565 759 606 ecce
780 548 810 604 in
830 565 879 604 cu·
931 546 968 602 sit
986 545 1038 602 tihi
1060 545 1127 618 qnia
1145 545 1198 602 diis
1218 545 1275 602 tuis
1295 562 1354 601 nnn
1381 548 1532 617 servimus,
1551 555 1579 606 et
1595 550 1752 623 imaginem

1 627 2 714 s
73 643 163 698 biculis
185 644 224 711 ²⁹,
247 643 336 700 nolite
361 643 489 700 credere.
515 644 595 702 Sicut
620 643 698 698 euim
722 642 879 699 coruscatio
932 639 955 675 ³⁹
979 640 1033 711 (37)
1054 655 1170 696 auream
1194 655 1282 710 quam
1309 639 1444 710 statuisti,
1469 658 1526 696 non
1549 643 1710 700 adoramus.
1735 665 1749 695 a

1 795 2 806 ,
74 737 123 792 exit
136 738 160 772 ³⁰
171 737 208 792 ab
223 735 343 806 oriente,
363 740 391 792 et
404 741 523 809 apparet
539 753 627 809 nsque
647 753 679 793 ac
693 736 879 806 occidentem,
931 735 965 790 Et
986 733 1094 802 Daniel,
1116 734 1174 788 Deo
1197 732 1317 788 devotus
1335 737 1366 788 et
1385 739 1482 790 sancto
1505 735 1613 807 Spiritu
1635 738 1747 809 plenus,

73 831 167 886 itaerit
185 836 214 886 et
227 831 366 888 adremm
384 831 446 887 Filii
465 831 602 888 bominis,
624 831 675 886 Ubi
693 831 782 886 luerit
799 830 881 886 cada·
931 827 1068 883 exclamat
1087 829 1116 882 et
1129 826 1220 882 dicit:
1236 847 1250 878 a
1270 825 1345 881 Nihil
1366 827 1427 883 colo
1446 843 1501 898 ego
1521 828 1575 883 nisi
1595 829 1749 886 Dominum
1841 899 1844 906 .
1866 815 1869 826 ¹

74 941 114 979 rer
126 925 147 959 ³¹
162 924 232 996 (Sl),
246 924 312 980 illuc
331 926 503 996 anigentur
516 925 540 960 ⁸¹
556 923 651 999 667
671 923 785 996 aquile.
805 925 879 980 Con·
931 921 1021 977 Deum
1031 935 1137 989 mcum,
1150 919 1200 991 qni
1210 918 1339 975 condidit
1350 921 1453 976 caelum
1466 926 1494 975 et
1507 919 1604 995 668
1616 928 1722 979 terram
1735 944 1748 977 s

72 1019 142 1074 anno
165 1023 262 1074 numm
287 1023 353 1090 post
378 1035 541 1092 pressuram
564 1018 676 1074 dierum
701 1018 816 1074 iDnrum
839 1020 879 1073 sot
932 1015 1023 1082 (Dua,
1038 1029 1093 1084 xiv,
1108 1015 1145 1086 i).
1160 1013 1261 1069 Tobiae
1275 1029 1400 1086 quoque,
1416 1013 1469 1070 sub
1484 1016 1574 1086 regali
1587 1015 1654 1072 licet
1665 1033 1698 1072 ac
1710 1025 1750 1090 ty-

73 1111 252 1168 tenebricabit
264 1112 287 1146 ³³
303 1113 369 1184 (³5),
381 1116 410 1166 et
423 1112 493 1168 luna
505 1129 565 1168 non
579 1112 659 1167 dabit
672 1112 770 1168 lumen
784 1127 879 1180 sunm,
930 1108 1048 1164 rannica
1063 1107 1304 1176 servitute,sensu
1317 1112 1412 1163 mmcn
1424 1124 1458 1163 ac
1471 1107 1573 1180 spiritu
1587 1109 1669 1180 liber,
1680 1126 1749 1166 con·

73 1204 196 1260 cistellae
209 1204 312 1260 cadent
329 1207 363 1262 dc
381 1207 464 1276 cralo,
481 1210 510 1262 et
523 1206 642 1262 virtutes
661 1205 797 1262 celorum
818 1221 879 1260 mo·
930 1200 1086 1258 sessionem
1107 1216 1188 1256 suam
1208 1201 1266 1255 Deo
1287 1203 1388 1268 servat,
1406 1207 1436 1257 et
1457 1200 1593 1256 virtutem
1616 1202 1749 1274 majesta-

72 1299 216 1354 rebuntur.
239 1302 273 1356 Et
286 1304 352 1355 tunc
370 1301 520 1372 apparebit
536 1301 653 1372 siguum
672 1299 735 1354 Filii
756 1297 881 1354 hominis
930 1297 1048 1366 temque
1063 1293 1189 1348 divinam
1200 1291 1359 1348 sublimiter
1373 1293 1518 1364 praedicat,
1529 1294 1626 1351 dicens
1641 1313 1648 1351 ε
1661 1318 1676 1347 a
1692 1297 1751 1368 Ego

72 1393 96 1448 in
113 1393 192 1462 coelo,
209 1395 241 1450 et
260 1394 496 1450 lamentabuntur
512 1409 613 1450 ornnes
627 1391 719 1448 tribus
734 1397 817 1448 tarroe
831 1409 838 1447 ι
852 1394 881 1448 et
930 1390 960 1446 in
979 1395 1054 1446 terra
1077 1390 1247 1462 captivitatis
1269 1407 1342 1446 mee
1360 1391 1497 1446 confiteor
1517 1391 1568 1458 illi,
1588 1398 1616 1448 et
1631 1395 1750 1450 ostendo

72 1486 200 1542 ridebunt
214 1486 316 1542 Filium
329 1487 455 1543 bominis
465 1487 627 1544 venientem
638 1487 668 1542 in
683 1486 805 1542 nubibus
817 1486 880 1542 coeli
930 1484 1065 1541 virtutem
1079 1485 1141 1556 ejus
1156 1483 1185 1538 in
1199 1484 1314 1538 natione
1330 1484 1486 1556 peccatrice
1503 1505 1516 1537 a
1533 1485 1620 1556 (Tob,
1637 1504 1694 1558 mu,
1711 1489 1748 1558 6).

72 1597 127 1635 cum
145 1581 252 1635 virtute
271 1597 378 1652 magua
396 1586 426 1636 et
441 1581 579 1638 claritate.
597 1583 631 1638 Et
651 1581 747 1636 mittet
761 1580 879 1652 angelos
929 1577 1002 1643 Quid
1023 1594 1091 1634 vero
1113 1578 1142 1632 iu
1166 1576 1347 1645 Dachabeeis,
1370 1583 1480 1650 septem
1498 1579 1601 1636 iratres
1620 1584 1649 1636 et
1668 1587 1750 1638 nata·

72 1691 130 1729 suos
144 1690 210 1729 crim
226 1675 294 1728 tuba
305 1691 410 1746 magna
423 1673 489 1747 (36).
505 1676 539 1730 Et
551 1675 686 1746 colligent
701 1674 805 1729 electos
819 1673 879 1744 ajars
930 1673 1000 1726 lium
1015 1671 1123 1742 pariter
1138 1678 1167 1726 et
1182 1671 1320 1726 virtutum
1337 1675 1413 1727 sorte
1429 1673 1599 1742 consimiles,
1613 1679 1748 1746 septena-

73 1773 222 1838 aqnatuor
245 1769 335 1824 ventis
355 1769 389 1837 ³⁸,
408 1786 425 1822 a
442 1768 563 1823 summis
582 1769 715 1824 coelorum
738 1783 826 1839 usque
845 1766 878 1822 ad
890 1750 918 1822 B
930 1765 1006 1820 rium
1030 1781 1183 1820 numerum
1207 1770 1388 1820 sacramento
1413 1767 1545 1837 perlectas
1569 1783 1748 1824 consumma-
1858 1821 1861 1829 ,

72 1861 243 1918 summitates
254 1877 353 1916 eoram
367 1883 380 1912 s
403 1863 623 1934 (Dattt.,xx1r;
644 1861 878 1930 buc.,xm).Nec
928 1858 1015 1914 tionis
1042 1857 1215 1930 implentes?
1236 1858 1276 1913 sic
1301 1861 1410 1930 septem
1436 1859 1537 1914 tratres
1559 1861 1588 1916 in
1612 1863 1750 1934 martyrio

73 1971 132 2009 nora
152 1961 202 2011 eut
223 1955 375 2028 repentina
396 1956 456 2011 brec
475 1959 543 2010 sunt
560 1972 625 2028 quae
647 1970 723 2010 nunc
745 1954 878 2010 accidunt
927 1951 1113 2020 coherentes,
1128 1955 1161 2006 ut
1173 1951 1260 2022 primi
1273 1953 1303 2007 in
1324 1951 1511 2024 dispositione
1528 1954 1624 2010 divina
1638 1963 1749 2028 septem

1 2055 2 2110 1
71 2049 235 2119 Christiania,
255 2065 321 2104 cum
339 2049 409 2106 boni
426 2066 543 2121 semper
561 2054 590 2104 et
604 2050 684 2121 justi,
703 2052 732 2104 et
751 2050 809 2104 Deo
831 2047 876 2102 in·
928 2045 989 2100 dies
1002 2061 1146 2102 annorum
1160 2045 1186 2082 ⁸⁰
1200 2048 1309 2116 septem
1326 2045 1414 2100 millia
1430 2047 1619 2117 continentes,
1636 2055 1666 2104 ut
1681 2067 1747 2122 sep·

72 2143 196 2198 nocentia}
210 2143 278 2214 lege
290 2160 321 2198 ac
336 2160 410 2199 rerae
424 2143 572 2216 religionis
585 2144 687 2198 timore
706 2143 809 2210 devoti,
826 2158 878 2214 per
927 2145 984 2194 tem
1009 2137 1131 2210 Spiritus
1153 2143 1181 2194 et
1204 2139 1227 2174 ‘¹
1253 2139 1347 2210 angeli
1369 2142 1480 2211 septem
1498 2139 1548 2212 qui
1567 2141 1702 2198 assistunt
1720 2147 1750 2200 et

1 2271 2 2298 ;
71 2235 439 2306 pressurasetiniurias³⁵,
461 2242 609 2310 etgraves
632 2254 665 2294 ac
687 2236 876 2292 multilormcs
927 2240 1133 2293 conversentur
1155 2241 1223 2293 ante
1243 2237 1346 2293 taciem
1371 2238 1437 2307 Dei,
1465 2241 1495 2294 et
1513 2240 1637 2296 lucernae
1662 2243 1747 2314 septi·

1 2355 2 2360 κ
71 2329 278 2386 infestationum
298 2347 395 2402 paenas
408 2332 432 2366 ³⁶
449 2331 562 2404 angusti
581 2330 692 2387 itineris
711 2330 876 2385 difficultate
926 2330 1034 2386 formes
1058 2331 1090 2385 in
1109 2330 1295 2386 tabernaculo
1315 2330 1455 2402 martyrii,
1475 2331 1552 2387 etin
1573 2335 1747 2407 Apocalypsi

1 2439 2 2494 3
72 2423 239 2493 gradiantur.
250 2425 294 2482 Sic
305 2425 336 2480 in
349 2425 461 2497 origiue
475 2426 572 2482 statim
589 2424 691 2480 rnundi
701 2424 771 2479 Abel
782 2424 877 2494 justus
927 2427 1036 2496 septem
1056 2422 1228 2479 candelabra
1246 2439 1343 2488 aurea,
1359 2427 1387 2478 et
1404 2425 1479 2496 apud
1498 2425 1681 2484 Salomonem
1697 2445 1746 2485 cn·

1 2497 2 2546 3
72 2518 174 2573 alratre
188 2517 304 2590 primus
317 2518 457 2576 occiditur
471 2536 479 2574 z
494 2522 523 2574 et
536 2519 619 2574 iacob
633 2518 761 2590 fugatur,
782 2520 811 2572 et
829 2519 876 2572 lo·
926 2518 1034 2572 lomna
1058 2523 1187 2588 septem,
1211 2533 1298 2589 super
1319 2533 1389 2589 quas
1414 2518 1565 2576 adillcarit
1585 2521 1609 2560 ⁴³
1629 2521 1748 2578 domurn

1 2633 2 2669 ι
72 2611 129 2682 seph
147 2611 342 2680 venundatur,
357 2617 385 2669 ct
399 2612 486 2668 David
507 2611 721 2668 misericordem
742 2613 807 2668 Saul
827 2627 876 2666 rex
927 2610 1073 2682 Sapientia
1096 2613 1198 2682 (Pacu,
1221 2627 1260 2678 rx,
1283 2613 1305 2682 Ι)
1331 2628 1338 2666 :
1364 2612 1404 2668 ita
1427 2618 1454 2668 et
1477 2613 1539 2668 istic
1558 2623 1668 2686 septem
1687 2615 1745 2672 fra·

1 2721 2 2778 ζ
72 2706 251 2778 persequitur,
268 2707 423 2762 etlleliam
442 2691 620 2778 majestatem
641 2706 692 2761 Dei
714 2709 877 2762 constanter
927 2709 1003 2760 trum
1017 2719 1166 2774 numerus,
1182 2705 1321 2760 Ecclesiae
1335 2709 1447 2776 septem
1465 2706 1580 2762 numeri
1596 2708 1639 2762 sui
1653 2725 1746 2780 quan·

1 2795 2 2824 ³
71 2815 96 2853 ac
106 2799 212 2856 fortiter
228 2805 405 2857 asserentem
423 2817 473 2856 rex
490 2799 588 2856 Achab
605 2799 769 2872 opprimere
787 2815 876 2854 cona·
927 2797 1008 2854 litate
1023 2798 1197 2869 complexus,
1214 2798 1369 2853 secundum
1384 2799 1461 2870 quod
1474 2799 1503 2854 in
1520 2799 1613 2871 primo
1631 2803 1744 2874 Regno-

72 2899 123 2963 tur;
138 2895 288 2951 Zacharias
306 2894 437 2950 sacerdos
454 2894 625 2952 interficitur
648 2894 677 2948 in
696 2894 790 2950 medin
803 2897 875 2948 em·
927 2907 992 2948 rum
1008 2890 1080 2947 libro
1094 2892 1225 2964 legimus,
1241 2892 1487 2963 sterilemseplem
1498 2892 1644 2965 peperisse
1653 2893 1693 2964 (u,
1706 2895 1745 2965 5).

72 2987 103 3058 pli
116 2994 141 3044 et
159 2987 272 3055 altaris,
289 2991 320 3043 ut
334 2989 390 3044 illic
407 2987 499 3044 bestia
518 2987 579 3059 ipsa
597 2987 648 3042 Dat
665 2987 713 3042 ubi
733 2989 791 3042 Deo
809 2987 875 3042 hos·
927 2985 961 3040 Et
974 2984 1051 3056 apud
1068 2984 1179 3052 lsaiam,
1199 2987 1310 3056 septem
1332 2986 1466 3040 mulieres
1485 3002 1574 3042 cauum
1595 2987 1744 3044 bominem

73 3082 116 3136 tias
139 3082 320 3140 immolabat.
343 3083 395 3138 Tot
419 3082 543 3154 denique
570 3081 710 3154 martyria
734 3081 875 3152 justorum
926 3078 1251 3150 apprehenduni,cujus
1269 3078 1395 3134 invocari
1415 3094 1502 3150 super
1521 3095 1676 3137 cenoman
1695 3099 1743 3137 ex·

73 3191 133 3246 sape
148 3177 305 3244 celebrata,
320 3180 361 3230 tot
378 3176 455 3231 edita
473 3175 501 3230 in
522 3180 668 3246 posterum
686 3174 752 3231 fidei
770 3177 798 3230 et
818 3174 875 3228 vir·
927 3177 1049 3244 poscunt
1067 3172 1142 3242 ileo„
1163 3187 1199 3238 iv,
1227 3171 1264 3242 l).
1279 3173 1312 3228 Et
1332 3173 1476 3244 apostotus
1495 3173 1608 3242 Paulus,
1622 3175 1672 3248 qui
1690 3177 1742 3232 bu-

73 3269 128 3324 iutis
142 3271 285 3342 exempla.
301 3271 370 3325 Tres
387 3270 480 3341 pueri,
500 3271 635 3336 Ananias,
651 3269 774 3335 Azarias,
797 3268 875 3324 ilisa-
923 3266 971 3337 jus
991 3265 1115 3338 legitimi
1136 3265 1251 3320 numeri
1272 3270 1301 3320 et
1321 3265 1392 3320 certi
1411 3265 1554 3335 meminit,
1576 3267 1612 3322 ad
1631 3275 1743 3340 septem

72 3361 118 3431 bel,
136 3367 220 3419 atate
242 3379 401 3436 compares,
423 3363 577 3419 dilectione
595 3363 618 3398 ³⁷
638 3361 802 3428 concordes,
821 3360 876 3416 lide
927 3360 1062 3416 Ecclesiae
1083 3357 1191 3415 scribit.
1212 3361 1246 3414 Et
1263 3359 1293 3414 in
1310 3359 1476 3431 Apocalypsi
1495 3360 1524 3430 (r,
1547 3362 1634 3432 ta-at)
1652 3363 1744 3418 Domi-

72 3456 179 3526 stabiles,
199 3458 307 3513 virtute
327 3460 501 3526 constantes,
521 3455 647 3512 flammis
666 3471 698 3510 ac
721 3455 810 3526 poenis
829 3471 875 3509 ur·
926 3469 979 3508 nus
1004 3453 1139 3508 mandata
1159 3467 1210 3506 sua
1231 3451 1328 3506 divina
1346 3457 1373 3506 et
1396 3458 1535 3525 precepta
1559 3455 1686 3511 cetastis
1704 3457 1742 3513 ad

72 3551 191 3618 gentibus
203 3551 352 3620 fortiores,
364 3551 417 3607 soli
430 3567 459 3605 se
473 3552 531 3607 Deo
545 3550 659 3618 servire,
673 3550 767 3604 solnm
782 3563 875 3617 nosse,
927 3549 1035 3618 septem
1049 3545 1186 3602 Ecclesiae
1200 3551 1228 3600 et
1241 3561 1340 3600 aarum
1353 3547 1470 3616 angelos
1483 3545 1592 3618 dirigit,
1603 3549 1653 3620 qui
1666 3566 1742 3606 nunc

1 3707 2 3710 Ἴ
71 3645 148 3699 mlum
167 3646 266 3702 colere
286 3645 464 3717 proclamant
477 3646 511 3714 ³³,
528 3645 653 3700 dicentes
670 3661 676 3700 :
694 3664 707 3694 a
725 3643 875 3698 Nabucho·
926 3641 988 3695 istic
1009 3640 1037 3694 in
1057 3640 1193 3696 iratribus
1213 3655 1351 3694 numerus
1372 3638 1533 3708 insanitur,
1555 3643 1588 3696 ut
1607 3657 1741 3698 consum-

71 3736 181 3795 douosor
199 3756 266 3808 rex,
280 3755 340 3796 non
355 3756 427 3812 opus
443 3745 485 3795 est
507 3738 587 3794 nobis
601 3737 636 3794 de
650 3737 704 3792 hoc
719 3736 803 3792 verbo
814 3751 875 3791 res·
926 3734 1014 3789 matio
1031 3734 1159 3806 legitima
1176 3734 1354 3804 compleatur
1369 3733 1402 3787 ⁸³.
1421 3733 1493 3788 Cum
1513 3739 1623 3805 septem
1645 3735 1742 3792 liberis

1 3811 2 3886 ᾗ
71 3833 182 3900 pondere
195 3834 262 3890 tibi.
281 3832 416 3890 Estenim
433 3835 517 3903 Deus,
533 3832 577 3888 cui
597 3849 648 3888 nos
661 3831 809 3898 servimus,
824 3845 875 3900 po·
927 3827 1219 3900 plsnecopulaturet
1237 3829 1329 3882 mater
1348 3827 1429 3898 origo
1448 3827 1586 3896 etradix;
1607 3845 1671 3901 quse
1690 3831 1740 3886 lic·

750 3987 855 4053 Varie
883 3985 1051 4051 lectiones.

97 4115 114 4149 ¹⁸
125 4117 212 4180 lixite,
231 4120 260 4168 in
275 4117 426 4170 solitudine
438 4122 482 4170 est
499 4117 562 4170 Bod.
576 4122 600 4166 ³.
633 4117 655 4152 ¹⁹
669 4117 699 4167 ln
713 4114 854 4166 cubilibus
870 4117 938 4165 Voss.
950 4115 972 4164 l.
1008 4113 1028 4146 ³⁰
1042 4111 1112 4175 Quas
1127 4113 1186 4165 exit
1197 4113 1253 4164 NG.
1265 4113 1288 4175 l,
1301 4114 1326 4164 2.
1341 4112 1407 4164 lind.
1420 4114 1444 4174 t,
1455 4113 1480 4164 2.
1497 4118 1521 4176 3,
1540 4116 1561 4163 t.
1578 4113 1741 4169 Coruscatio

72 4189 211 4248 procedens
223 4189 282 4240 Liri.
318 4191 336 4222 ³¹
352 4191 395 4241 Sic
411 4191 456 4240 Ar.
478 4188 541 4240 Doti.
563 4188 621 4248 t,2,
644 4191 668 4244 3,
686 4188 702 4237 t
723 4189 811 4237 Renes.
830 4185 884 4234 r‘er.
919 4183 1027 4248 Corpus
1045 4183 1123 4246 impr.
1158 4187 1178 4217 ³¹
1204 4183 1536 4250 congregabunturriod.
1557 4185 1615 4248 2³.
1634 4187 1740 4239 tertull.

71 4259 207 4310 ”siclam
227 4259 487 4311 sacertotem.
504 4258 600 4316 t,·t,t,
619 4260 650 4308 tf*
662 4261 749 4309 Renes.
770 4257 824 4304 Ver.
839 4255 1013 4306 tenebrescet
1035 4257 1115 4319 impr.
1165 4255 1186 4290 ³⁴
1197 4255 1295 4306 Ventis
1316 4255 1380 4307 coeii
1402 4257 1460 4306 Ver.
1505 4255 1529 4292 ⁸⁵
1544 4256 1690 4308 Pressuras
1711 4263 1741 4311 et

73 4333 200 4393 augustias
215 4329 281 4382 Bod.
297 4333 320 4382 l.
353 4329 579 4382 ”infestantium
601 4341 698 4393 poenas
715 4329 787 4378 tom.
804 4324 880 4376 Ebor.
902 4325 1042 4378 licchd.
1062 4326 1198 4388 l‚2.3‚t.
1233 4326 1417 4378 ‘'Dilectiona
1433 4327 1484 4376 Dei
1501 4325 1565 4377 Bcd.
1588 4329 1609 4377 t.
1643 4327 1740 4380 ”Pro-

73 4399 197 4452 clamabat
209 4401 275 4454 Bod.
286 4401 311 4462 2,
323 4402 347 4452 l.
381 4400 457 4451 ”Sic
479 4403 550 4452 Lem.
573 4399 716 4450 retortio.
737 4399 835 4451 Aliud.
863 4400 1094 4461 l.2,³,t.licaev.
1121 4401 1176 4452 Ver.
1194 4403 1272 4453 Oeen.
1289 4401 1414 4452 Statuam
1438 4402 1518 4464 lmpr.
1550 4402 1572 4435 ⁴¹
1595 4404 1740 4456 Annorum

73 4477 164 4527 ratione
185 4477 256 4526 tam.
272 4475 347 4525 litor.
365 4475 417 4526 NG.
435 4475 567 4526 16οά.3.
602 4474 756 4539 “Spiritus
781 4479 829 4526 aut
849 4479 940 4526 Decea.
966 4478 1023 4526 Ver.
1056 4473 1078 4504 ⁴¹
1104 4471 1233 4525 AEdiiicat
1246 4473 1317 4523 tam.
1332 4471 1467 4533 acuat,
1479 4471 1503 4534 3,
1514 4473 1537 4524 t.
1569 4469 1591 4505 ⁴³
1608 4473 1743 4539 Legitima

74 4547 231 4612 compleatur
247 4549 319 4599 um.
336 4549 411 4598 libor.
425 4548 480 4599 NG.
498 4549 519 4598 t.
538 4546 600 4597 aaa.
622 4546 645 4596 2.

709 4682 821 4765 Steph.
851 4681 973 4746 Daluzii
994 4687 1091 4748 notas.

74 4803 94 4852 et
117 4818 195 4869 qnam
224 4805 367 4869 proterunt
392 4805 552 4870 quindecim
577 4805 744 4870 exemplaria
771 4796 1081 4869 vetera,[)tiorbenum.

74 4875 416 4941 inquibusscriptumest
434 4878 605 4940 pertentati
625 4876 722 4926 Esdras
741 4891 802 4940 cap.
820 4891 874 4927 rx:
957 4876 1007 4938 (36)
1038 4874 1100 4924 Com
1129 4871 1190 4922 tubo
1214 4883 1325 4934 mopso.
1349 4869 1477 4921 Sedecim
1496 4870 1561 4921 libri
1585 4875 1691 4923 veteres
1712 4877 1741 4924 et

74 4945 101 4994 Et
111 4947 199 4998 dedisti
211 4951 289 5012 sione
300 4954 380 5013 utque
391 4953 512 5014 portenta
530 4950 558 4997 irs
573 4948 720 4998 Pharaone.
737 4949 877 5010 Anonymi
927 4949 1050 5011 antiquae
1071 4943 1208 4995 editiones
1231 4943 1334 4992 babent
1354 4955 1412 4992 cnm
1428 4943 1522 4991 virtute
1534 4955 1627 5006 magno
1646 4947 1670 4993 et
1688 4945 1742 4994 cto-

75 5014 134 5066 liber
147 5019 177 5068 de
194 5019 385 5084 ltebnptismate
398 5034 422 5082 p.
438 5019 485 5070 ste
500 5034 505 5068 :
522 5017 629 5068 Dabunt
646 5019 721 5080 sigeio
741 5032 838 5082 magna
854 5024 877 5068 et
926 5022 1014 5070 ritutc.
1038 5018 1178 5077 Erasmus,
1193 5019 1224 5066 ut
1239 5027 1313 5079 saepe
1332 5013 1392 5063 lieri
1415 5013 1493 5074 solet,
1508 5013 1536 5062 in
1555 5027 1642 5064 sinum
1663 5027 1741 5066 com-

74 5093 193 5145 portenta.
926 5092 1002 5156 pagii
1024 5089 1092 5139 duaa
1118 5088 1252 5138 lectiones
1273 5089 1398 5136 veterum
1422 5084 1566 5144 librorum,
1584 5088 1612 5134 et
1636 5087 1740 5150 posuit,

101 5159 145 5222 (36)
169 5161 296 5212 Cadaver.
325 5161 460 5225 Quamvis
481 5161 647 5212 vocabulum
671 5175 776 5226 corpus,
801 5159 877 5226 qnod
926 5175 983 5211 cam
999 5161 1096 5210 virtute
1111 5171 1211 5222 magno
1230 5163 1254 5208 ct
1273 5157 1409 5213 claritate,
1426 5159 1449 5204 et
1469 5167 1528 5204 cuns
1550 5153 1612 5205 tuba
1631 5169 1740 5221 mopso.

75 5227 167 5281 babent
185 5237 301 5294 veteres,
324 5235 427 5298 optime
450 5237 586 5296 congruat
601 5231 669 5284 huic
689 5234 764 5296 loco,
779 5233 877 5286 cedere
928 5233 974 5285 Sic
987 5233 1071 5284 etiam
1085 5230 1234 5282 Morellius.
1257 5229 1337 5293 Angli
1352 5231 1506 5294 posuerunt
1524 5240 1618 5278 veram
1638 5228 1741 5282 lectio-

75 5303 155 5354 tamen
174 5317 258 5370 cogor
285 5307 443 5357 auctoritati
468 5304 622 5357 octodecim
647 5303 780 5357 librorum
808 5319 878 5358 nos·
927 5317 1001 5366 nem,
1017 5303 1367 5354 aednihilattuleruntex
1384 5301 1589 5363 manuscriptis.

76 5376 190 5438 trorum,
217 5380 244 5427 et
274 5377 399 5442 quinque
433 5376 676 5443 Anglicanorum.
707 5378 736 5427 in
773 5378 877 5443 quibus
958 5377 1007 5438 (37)
1033 5376 1187 5438 Imaginem.
1218 5376 1307 5426 Antea
1331 5373 1475 5438 legebatur
1494 5376 1615 5423 statuam.
1639 5373 1742 5439 Angli-

77 5449 198 5509 scriptum
211 5449 252 5498 ast
270 5449 391 5500 cadaver.
407 5448 442 5499 m
460 5449 552 5500 statim
570 5449 664 5512 plures
684 5447 749 5498 libri
769 5453 878 5501 veteres
928 5461 997 5499 cana
1021 5447 1104 5498 editio
1129 5444 1439 5511 pomeranensem
1458 5444 1541 5495 lectio
1558 5443 1640 5495 nobis
1657 5459 1740 5510 prop-

77 5513 170 5568 babent
187 5519 416 5584 congregabuntur
439 5533 488 5583 pro
509 5517 681 5584 colligentur.
697 5519 770 5571 Vide
791 5521 877 5572 Eras—
927 5523 1001 5570 terea
1037 5518 1125 5580 magis
1160 5516 1283 5581 placuit,
1319 5515 1385 5581 quia
1416 5514 1494 5565 illam
1521 5515 1680 5566 invenimus
1712 5516 1740 5565 in

77 5589 181 5638 mumin
196 5590 270 5642 bunc
284 5592 376 5643 locum
387 5591 522 5643 Matthaei.
927 5589 1025 5654 viginti
1045 5587 1123 5638 libris
1146 5588 1293 5638 nostriset
1312 5588 1341 5637 in
1360 5589 1465 5651 septam
1490 5587 1661 5651 Anglicanis,
1681 5589 1740 5635 tum

103 5658 150 5722 tas)
188 5659 359 5714 temerasset.
389 5662 493 5713 Decem
531 5659 594 5711 libri
632 5664 741 5714 vetares
774 5661 878 5713 babent
926 5662 1010 5712 etiam
1030 5659 1095 5724 quia
1116 5659 1234 5710 habetur
1251 5659 1299 5710 lib.
1320 5672 1348 5710 m
1373 5659 1596 5718 Testimoniorum,
1620 5669 1681 5721 cap.
1700 5657 1742 5716 tt,

78 5729 232 5782 tenebricabit
252 5733 296 5784 vel
317 5731 525 5784 tenebricabitur.
539 5732 610 5784 Vide
628 5737 707 5784 notae
731 5733 878 5786 Frontonis
928 5731 1054 5785 Similem
1065 5731 1208 5782 historiam
1223 5731 1307 5782 refert
1321 5730 1513 5794 Philostratus,
1528 5729 1575 5782 lib.
1591 5741 1611 5790 τ,
1623 5741 1684 5792 cap.
1701 5727 1741 5790 tt,

78 5797 164 5854 Ducei
181 5803 212 5856 in
232 5803 380 5860 usmitan
399 5803 591 5871 chrysostomi
613 5803 649 5858 ad
669 5803 797 5871 poputum
821 5805 877 5860 Aa·
927 5803 959 5884 de
974 5803 1035 5861 Vita
1049 5801 1186 5871 Apollonii
1200 5801 1316 5870 lycaei.
