4076 6190
114 271 141 322 85
389 263 395 277 ¹
779 261 858 318 vluit
876 265 905 318 S.
924 263 1091 320 curulum.
1740 265 1773 318 Ed

111 390 267 462 quibuscum
280 387 428 458 episcopus
442 384 673 456 carthaginensis
683 384 850 446 continuum
869 403 911 440 re·
922 390 1063 473 Aposset,
1086 386 1220 458 querelas
1241 387 1277 444 od
1298 404 1327 444 se
1349 388 1493 444 detulerit.
1519 387 1622 444 Statuit
1644 389 1774 458 oportere

112 483 154 536 tuti
167 481 311 536 concilium
330 479 438 535 babere
452 483 574 550 poterat.
589 478 663 534 Satis
684 481 782 534 autem
802 477 909 550 perspi·
961 482 1113 537 diaconum
1137 502 1151 530 «
1180 497 1266 552 agere
1287 481 1413 538 andecies
1434 497 1493 538 suae
1515 481 1722 553 poenitentiam,
1746 484 1776 536 et

112 580 226 642 runaut
239 573 445 630 Pearsoniuset
457 572 650 630 Tillemontius
664 570 824 641 observant,
836 572 910 626 hauc
961 575 1100 632 honorem
1120 574 1272 632 sacerdmis
1293 591 1449 646 agnoscere
1474 597 1489 626 s
1510 575 1575 649 86
1594 581 1623 632 et
1643 579 1774 649 episcopo

111 668 245 740 epistolam
272 667 301 722 in
326 683 396 739 pace
425 667 560 737 scriptum
585 665 682 722 fuisse.
707 665 804 736 Neque
830 665 910 720 enim
961 669 1113 741 preposito
1122 685 1172 724 suo
1184 669 1269 739 plena
1278 668 1438 725 humilitate
1451 669 1623 726 satisfacere.
1635 671 1682 726 liic
1692 671 1774 726 lacile

111 762 242 818 Geminius
262 761 317 828 ille,
335 761 464 816 seviente
484 759 693 831 persecutione,
717 758 844 814 filiorum
862 761 909 814 tu·
960 763 1130 836 perspicitur
1143 761 1298 818 auctoritas
1312 763 1457 834 Cypriani,
1472 779 1531 818 non
1544 771 1604 820 lam
1625 765 1775 820 consilium

112 856 186 910 tetam
213 855 378 926 presbytero
401 851 600 918 commisisset,
624 867 711 924 quem
734 851 861 923 dignitas
884 857 913 906 et
961 857 1055 914 dantis
1070 872 1158 928 quam
1175 856 1369 928 precipientis
1383 859 1413 912 et
1427 857 1565 928 jubentis,
1577 860 1638 914 tum
1651 857 1687 913 ob
1701 858 1774 914 sedis

111 965 203 1004 nunus
220 964 277 1019 quo
292 947 466 1018 fungebatur
479 946 510 1001 in
523 944 652 1000 medium
669 944 822 1000 discrimen
840 961 910 1001 con·
962 949 1144 1020 dignitatem,
1159 953 1221 1004 tum
1235 950 1304 1022 quie
1322 950 1391 1006 inito
1404 966 1469 1005 cum
1493 951 1633 1022 episcopis
1651 955 1679 1006 et
1696 967 1773 1022 pres·

108 1043 219 1113 jecisset.
231 1040 387 1096 Verisimile
401 1042 444 1094 est
456 1039 620 1096 Geminium
637 1038 718 1093 illum
736 1039 910 1106 Faustinum,
960 1044 1065 1115 byteris
1086 1043 1205 1098 concilio
1230 1059 1366 1114 responsa
1387 1044 1481 1100 dabat.
1495 1045 1566 1098 Nam
1589 1043 1715 1115 epistole
1736 1045 1774 1100 od

111 1152 186 1206 ‘luem
198 1135 292 1190 Viciffl'
307 1140 430 1190 lumem
444 1133 652 1199 ssssfflissalefflis
668 1135 765 1204 lmitia
783 1131 911 1204 ⁰l²¹⁵d0111
960 1139 1136 1207 Pomponium
1156 1141 1184 1192 et
1199 1137 1236 1192 od
1248 1140 1430 1204 nepotianum
1449 1137 1562 1210 scriptae
1580 1137 1699 1192 fuerunt
1717 1153 1775 1193 non

111 1227 177 1281 urbis
190 1228 296 1282 tactum
314 1243 376 1282 esse
393 1227 569 1297 episcopum.
583 1223 680 1282 uetuit
700 1225 778 1280 enim
791 1225 910 1280 concilio
961 1231 1055 1286 solum
1080 1229 1216 1302 Cypriani
1239 1230 1367 1298 nomine,
1392 1231 1440 1286 scd
1467 1231 1553 1286 etiam
1578 1231 1775 1302 episcoporum

110 1319 326 1391 Carthaginensi,
341 1335 417 1374 anne
430 1321 494 1386 256,
509 1317 656 1374 Geminius
672 1318 690 1372 F
694 1317 851 1374 sinitensis·
961 1324 1130 1396 quibuscum
1154 1323 1189 1378 de
1209 1323 1361 1395 propositis
1383 1323 1469 1380 rebus
1490 1323 1704 1380 deliberaverat
1720 1325 1776 1378 Nec

137 1415 198 1468 Tres
211 1413 282 1468 alies
297 1411 434 1484 epistolas
446 1414 512 1468 anis
524 1427 633 1466 annum
648 1413 699 1466 25⁰
713 1410 831 1482 scriptas
846 1426 912 1482 pr0·
961 1417 1066 1474 mirum
1080 1431 1147 1471 sane
1162 1421 1205 1470 est
1215 1417 1239 1472 si
1255 1415 1289 1472 de
1303 1416 1481 1488 grauioribus
1493 1417 1578 1473 rebus
1590 1432 1655 1472 cum
1670 1417 1776 1488 episce

111 1505 213 1562 nuntiet
231 1505 410 1573 Peersunins,
425 1503 632 1576 sexagesimam
652 1503 776 1575 primam
798 1504 835 1560 nd
852 1507 908 1559 Eu·
961 1511 1003 1582 pis
1020 1509 1234 1576 consiliabatur,
1251 1509 1300 1580 qui
1313 1513 1452 1566 statuerat
1460 1509 1495 1565 ab
1506 1509 1588 1565 initio
1597 1509 1775 1582 episcopatus

111 1595 911 1671 etruriamdehistrionequodamqui,etsiatheatroces·
961 1605 1004 1660 soi
1029 1602 1101 1660 nihil
1127 1603 1186 1658 sine
1213 1603 1331 1658 consilio
1358 1603 1425 1658 cleri
1454 1609 1483 1660 et
1513 1619 1654 1660 consensu
1684 1604 1776 1676 plebis
1842 1606 1844 1614 '

110 1697 216 1762 Saturni,
233 1692 327 1748 adhuc
345 1695 549 1747 inmentlltem
569 1705 652 1745 stiam
670 1689 809 1759 docebai;
829 1705 909 1744 sexa·
961 1699 1072 1770 privata
1103 1697 1245 1753 sententia
1272 1711 1383 1767 gerere,
1408 1698 1448 1754 Ex
1476 1697 1520 1754 his
1547 1713 1612 1770 quae
1638 1697 1775 1768 deinceps

109 1791 232 1862 gesimam
254 1779 410 1846 secundam
435 1789 472 1844 od
493 1789 671 1858 Pomponium
692 1787 727 1842 de
750 1763 1091 1858 virginibusssdicemus
1119 1790 1202 1846 facile
1231 1789 1351 1861 quisque
1378 1790 1530 1862 perspiciet
1555 1795 1661 1862 quanta
1686 1791 1775 1846 luerit

109 1901 161 1956 qua
175 1900 238 1938 cum
254 1881 396 1951 maeatis,
408 1898 441 1936 ex
462 1881 566 1952 quibus
587 1897 660 1936 unus
681 1885 744 1936 erat
761 1881 908 1949 diaconus,
960 1885 1093 1957 Cypriani
1108 1884 1136 1938 in
1152 1884 1208 1939 hoc
1221 1899 1327 1954 genere
1348 1883 1495 1954 diligentia
1513 1889 1542 1939 et
1555 1883 1699 1951 sedulitas,
1714 1883 1773 1938 siva

108 1977 280 2048 deprehensos
293 1977 324 2032 in
338 1975 440 2032 eodem
458 1975 534 2032 lecto
548 1975 679 2042 inerant;
702 1974 910 2045 sexagesimam
961 1978 1056 2034 clerici
1069 1976 1218 2033 ordinandi
1234 1979 1338 2044 essent,
1353 1977 1484 2050 seuquid
1501 1975 1577 2032 aliud
1595 1975 1712 2048 majoris
1732 1976 1773 2034 rei

109 2071 222 2142 quintam
250 2071 289 2126 ud
311 2072 493 2139 Rogatianum
516 2069 551 2124 de
574 2067 698 2138 quedam
723 2066 841 2122 diacono
861 2069 911 2139 qui
960 2071 1169 2144 incipiendum.
1192 2071 1300 2126 Laudat
1320 2071 1435 2126 Pontius
1457 2071 1486 2127 in
1507 2069 1582 2126 illius
1605 2071 1771 2143 episcopatu

108 2166 127 2219 ei
147 2164 330 2220 contumelias
352 2165 381 2218 et
404 2161 523 2233 injurias
547 2160 663 2227 lecerat,
687 2176 739 2214 nec
763 2159 911 2232 dignitatis
960 2165 1097 2236 pietatem
1119 2167 1148 2220 et
1165 2165 1303 2234 vigorem,
1317 2163 1542 2220 misericordiam
1562 2167 1591 2220 et
1610 2179 1772 2233 censuram,

107 2273 149 2311 nec
169 2256 320 2312 senectutis
341 2255 438 2310 habite
456 2254 579 2310 ratione.
599 2255 626 2310 Si
649 2253 762 2325 scriptae
782 2255 849 2308 sunt
865 2254 910 2308 hae
961 2269 1077 2328 gravem
1095 2255 1204 2310 vultum
1219 2259 1249 2310 et
1266 2252 1376 2320 lartum,
1390 2268 1442 2308 nec
1463 2253 1641 2308 severitatem
1661 2254 1772 2308 tristem

105 2351 194 2404 littere
206 2349 287 2406 initio
309 2349 499 2420 episcopatus,
515 2363 631 2402 necesse
652 2352 696 2402 est
718 2352 750 2401 ut
767 2346 910 2418 jamtum
960 2365 1012 2404 nec
1023 2348 1187 2404 comitatem
1199 2347 1333 2416 nimiam,
1343 2346 1636 2418 aversumasuperbia
1644 2347 1774 2402 seculari

107 2459 206 2498 summe
225 2442 315 2498 fuerit
328 2441 463 2512 Cypriani
482 2440 631 2511 sapientia
650 2439 833 2506 existimatio,
845 2455 910 2494 cnm
960 2441 1099 2510 animum,
1110 2442 1159 2497 sed
1169 2440 1333 2496 tamensine
1342 2439 1477 2496 affectatis
1490 2441 1618 2512 penurie
1630 2439 1771 2510 sordibus,

106 2537 316 2606 iltiusresponsa
333 2533 460 2606 episcopi
480 2533 608 2604 undique
625 2535 778 2603 peterent:
799 2533 850 2587 sed
867 2533 909 2588 ls-
960 2551 1102 2592 summam
1131 2534 1253 2605 denique
1278 2535 1307 2589 in
1332 2549 1476 2606 pauperes
1501 2533 1679 2603 charitatem,
1701 2548 1773 2604 quos

106 2629 212 2684 tendum
220 2629 332 2684 nullam
344 2629 436 2682 inesse
448 2626 491 2682 his
499 2625 627 2697 epistolis
637 2629 737 2682 notem
746 2641 799 2680 cur
808 2626 844 2680 ad
855 2625 910 2682 hoe
960 2629 1182 2686 catechumenus
1196 2627 1344 2684 dilexerat.

105 2721 392 2793 iempusreieranittr.
406 2719 587 2778 Crediderim
600 2719 859 2791 potiusEpistolum
873 2720 910 2776 ud
959 2733 991 2788 V,
1015 2763 1049 2772 -
1071 2733 1109 2786 De
1129 2731 1315 2800 persecutione
1334 2733 1409 2786 Decii
1429 2730 1540 2800 ejusque
1563 2731 1663 2799 initiis,
1686 2745 1717 2784 ac
1739 2729 1773 2784 de

105 2818 273 2885 boeotiorum
299 2814 435 2884 scriptam
464 2829 524 2868 esse
549 2819 613 2884 post
640 2819 736 2868 motus
760 2829 776 2866 a
804 2813 909 2868 b'ovato
1056 2827 1153 2878 meque
1174 2812 1347 2880 lapsorumet
1362 2811 1673 2878 consessorumuurucro.

106 2910 208 2980 ejusque
223 2907 390 2980 gregalibus
403 2906 554 2976 excitatum
573 2905 608 2962 ad
629 2906 683 2962 hos
701 2905 779 2962 enim
799 2905 910 2962 videtur
994 2909 1106 2967 Electus
1120 2908 1150 2963 iu
1164 2923 1233 2979 pace
1247 2907 1413 2978 Cyprianus,
1424 2910 1458 2961 ut
1469 2906 1530 2979 ipse
1549 2909 1671 2963 testatur
1686 2906 1770 2978 epist.

106 3003 232 3074 respicere
246 3003 407 3073 Cyprianus
419 3016 484 3056 eum
497 3000 537 3056 ait
548 3016 554 3054 :
567 3021 581 3050 u
593 3001 657 3054 liaec
666 3004 733 3054 sunt
742 2999 819 3054 enim
830 2999 910 3054 initia
960 3007 1116 3073 theanum
1133 3017 1220 3057 unum
1233 3001 1278 3054 cui
1290 3001 1362 3056 torte
1378 2999 1516 3056 accedunt
1527 2999 1635 3070 aliquot
1644 3015 1770 3067 menses,

105 3097 292 3152 hereticorum
308 3099 336 3149 et
348 3099 427 3150 ortus
440 3097 651 3166 atqueconatus
663 3092 907 3148 schismaticorum
959 3097 988 3152 in
1009 3096 1064 3152 hoc
1085 3111 1182 3150 rerum
1202 3098 1276 3150 statu
1298 3093 1432 3149 traduxit.
1451 3093 1532 3148 Circa
1552 3091 1665 3147 initium
1687 3091 1773 3163 hujus

105 3189 167 3244 nale
184 3187 384 3261 cogitantium,
398 3190 431 3241 ut
445 3186 497 3242 sibi
516 3187 656 3258 placeant,
672 3189 704 3241 ut
724 3186 909 3258 prepositum
959 3189 1104 3257 ann1250,
1119 3189 1242 3243 Novatus
1256 3185 1405 3259 presbyter
1418 3185 1453 3240 ob
1469 3185 1563 3241 uxoris
1575 3187 1688 3240 uterum
1697 3185 1773 3240 calce

105 3282 211 3352 superbo
225 3285 340 3336 tumore
359 3283 553 3336 contemnant.
569 3279 613 3334 Sic
626 3279 662 3334 de
686 3279 810 3336 Ecclesia
829 3295 907 3335 rece·
958 3297 1124 3355 percussum
1158 3285 1185 3336 et
1218 3281 1331 3353 parturn
1361 3279 1509 3334 abortione
1539 3293 1714 3349 expressum,
1743 3281 1773 3332 et

105 3374 179 3444 ditur,
193 3375 233 3430 sic
246 3375 339 3429 altare
354 3373 504 3445 profanum
518 3371 589 3428 foris
609 3373 769 3442 collocetur,
783 3372 823 3427 sic
837 3389 907 3428 oon·
958 3377 1013 3432 alia
1031 3376 1137 3432 scelera
1158 3374 1188 3430 in
1206 3373 1347 3445 judicium
1368 3370 1444 3443 apud
1463 3371 1636 3443 cyprianum
1658 3375 1774 3425 vocatus

104 3473 140 3522 tra
152 3485 247 3540 pacem
262 3467 367 3524 Christi
390 3471 417 3522 et
432 3465 642 3523 ordinationem
660 3471 745 3539 atque
769 3467 908 3522 unitatem
959 3473 1003 3526 est
1012 3470 1147 3541 3jemqne
1161 3467 1262 3524 ederat
1279 3465 1447 3538 cognitionis
1462 3465 1533 3535 dies,
1548 3463 1597 3520 sed
1613 3463 1773 3535 persecutio

105 3561 319 3618 beirebcllatur.
333 3583 349 3612 u
957 3562 1122 3636 supervenit
1146 3561 1239 3634 (epist.
1263 3561 1317 3632 49).
1339 3559 1454 3615 iactitat
1477 3575 1507 3613 se
1530 3557 1698 3612 Pearsonius
1719 3557 1774 3612 hoc

131 3657 260 3728 Cypriani
293 3654 434 3726 sapientia
465 3653 558 3708 elucet
588 3653 616 3708 iu
652 3652 696 3708 his
728 3651 839 3708 litteris.
875 3655 908 3710 ln
958 3656 1115 3730 presbyteri
1131 3653 1275 3726 conjugati
1294 3653 1449 3726 exemplo:
1470 3651 1520 3708 sed
1540 3655 1635 3706 tamen
1654 3665 1773 3706 uxorem

103 3751 268 3824 sexagesima
301 3748 396 3821 prium
431 3745 556 3802 declarat
594 3761 648 3800 nec
684 3746 829 3816 majestati
863 3746 906 3802 di·
958 3767 1015 3806 aon
1034 3749 1113 3806 duxit
1133 3750 1258 3804 Novatus
1278 3749 1340 3802 tum
1361 3763 1425 3802 cum
1448 3749 1522 3802 esset
1543 3745 1701 3817 presbyter,
1720 3758 1773 3797 nec

104 3845 174 3914 rina,
207 3861 262 3900 nec
297 3839 469 3912 evangelicae
500 3838 658 3910 discipline
689 3854 848 3912 congruere
874 3845 907 3896 ut
957 3845 981 3900 si
1003 3843 1149 3916 presbyter
1174 3841 1301 3908 retinuit,
1324 3840 1428 3896 idcirco
1451 3839 1580 3896 Ecclesiae
1599 3838 1720 3894 vetitum
1738 3851 1774 3892 ex

104 3937 192 3992 histrio
212 3935 419 3994 communicet.
446 3932 526 3998 Quod
548 3932 571 3987 si
593 3933 670 3988 enim
691 3932 812 4004 penuria
833 3933 907 3990 hanc
957 3937 1299 3994 continentiumnumero
1314 3933 1497 4006 presbyteros
1510 3932 1626 4004 eligere.

104 4037 183 4086 artem
208 4045 346 4087 exercere
371 4035 464 4100 cogat,
491 4025 625 4082 Ecclesioe'
654 4027 816 4098 sumptibus
846 4044 905 4082 sus·
992 4029 1124 4104 Cypriani
1144 4028 1292 4084 virtutibus
1314 4027 1483 4084 latissimum
1505 4041 1638 4099 campum
1660 4023 1773 4096 aperuit

103 4125 193 4180 tentari
217 4124 336 4190 debere,
358 4121 444 4177 modo
463 4123 560 4176 tamen
582 4123 733 4175 contentus
752 4119 788 4174 sit
807 4121 905 4194 fruga-
956 4123 1117 4197 persecutio
1132 4123 1218 4191 Decii,
1235 4122 1270 4178 de
1285 4137 1340 4194 qua
1355 4121 1438 4177 nobis
1451 4137 1540 4193 panea
1555 4119 1678 4176 dicenda
1691 4121 1766 4186 suut,

103 4217 207 4274 lioribas
228 4217 321 4285 cibis;
349 4216 399 4270 aut
424 4214 447 4270 si
471 4213 527 4268 illic
554 4212 678 4268 Ecclesia
700 4213 753 4268 hos
777 4218 907 4285 sumptus
957 4224 1112 4291 antequam
1132 4233 1176 4274 res
1199 4233 1215 4271 a
1235 4215 1377 4287 Cypriane
1396 4215 1441 4270 his
1466 4213 1671 4270 molestissimis
1695 4219 1769 4267 tcm-

103 4311 180 4366 iacare
200 4327 257 4366 non
279 4307 380 4382 possit,
403 4307 433 4362 in
451 4322 531 4362 suam
553 4323 620 4362 euru
642 4306 751 4362 invitat.
772 4307 802 4362 ln
824 4323 905 4362 sere·
957 4313 1074 4385 poribus
1089 4314 1182 4383 gestas
1195 4324 1410 4382 persequamur.
1426 4309 1538 4374 Decius,
1552 4308 1653 4364 occisis
1670 4311 1770 4367 crude·

102 4405 199 4473 gesima
220 4400 349 4459 secunda
374 4399 472 4456 laudat
493 4399 685 4472 Pomponium
714 4400 790 4472 quod
817 4401 905 4456 absti-
957 4406 1022 4461 liter
1034 4405 1171 4476 Philippis
1188 4409 1217 4460 et
1229 4403 1350 4475 imperio
1364 4407 1512 4474 occupato,
1529 4402 1600 4459 nibil
1621 4403 1701 4476 prius
1721 4404 1774 4461 sibi

104 4499 200 4552 ruisset
218 4499 384 4564 diaconum,
407 4493 457 4566 qui
480 4509 545 4550 cunr
568 4493 677 4566 virgine
697 4509 771 4565 sepe
794 4510 905 4550 manse·
917 4493 946 4566 D
957 4504 1006 4554 ant
1018 4498 1112 4571 potius
1124 4497 1288 4553 iaciendum
1301 4512 1361 4552 esse
1374 4497 1465 4566 duxit,
1479 4513 1566 4568 quem
1585 4499 1617 4551 ut
1634 4497 1662 4552 in
1675 4498 1770 4553 Chris-

103 4599 148 4660 rat,
169 4591 217 4647 sed
242 4593 272 4647 et
293 4591 413 4644 crateres
435 4587 485 4659 qui
508 4603 573 4642 cum
597 4587 756 4658 virginibus
780 4586 907 4644 dormire
958 4592 1068 4648 tiaram
1082 4591 1262 4663 religionem,
1277 4607 1341 4662 quus
1362 4589 1413 4644 sub
1432 4590 1569 4663 Philippis
1589 4605 1621 4645 ac
1640 4591 1772 4662 superio-

104 4687 306 4741 cousneverant.
331 4686 436 4738 Auctor
459 4685 501 4736 est
522 4685 554 4735 ut
575 4679 765 4752 inspiciantur
783 4682 906 4754 virgines
956 4685 1034 4740 ribus
1059 4684 1278 4756 imperatoribus
1305 4683 1409 4738 mirum
1437 4683 1466 4736 in
1491 4681 1610 4738 modurn
1633 4686 1771 4750 creverat,

104 4778 243 4850 diligenter
263 4777 300 4833 ab
319 4775 526 4842 obstetricibus,
544 4778 573 4830 et
594 4773 616 4828 si
640 4773 764 4846 uirgines
784 4775 906 4832 inventas
956 4795 1055 4834 omnes
1070 4778 1183 4850 imperii
1199 4778 1241 4832 sui
1263 4779 1382 4832 conatus
1401 4781 1592 4830 converteret.
1608 4775 1699 4845 Cmpit
1718 4776 1770 4830 ita-

102 4871 204 4944 iuen'nt,
228 4874 347 4944 accepte
361 4867 619 4926 communicatione
639 4868 668 4922 in
686 4868 835 4924 Ecclesiam
854 4870 904 4924 ad·
956 4888 1010 4944 que
1039 4874 1068 4925 et
1092 4885 1142 4925 suo
1172 4869 1200 4924 in
1226 4869 1371 4941 Philippos
1404 4867 1483 4936 odio,
1513 4873 1542 4923 et
1575 4868 1771 4924 Romanarum

102 4966 251 5037 mittantur,
274 4964 299 5020 si
323 4971 422 5020 tamen
444 4963 581 5017 hactenus
602 4960 801 5033 paenitentiam
822 4962 906 5033 hujus
956 4963 1199 5036 superstitionum,
1221 4978 1344 5034 quarum
1377 4962 1467 5016 ruinis
1497 4962 1572 5018 hanc
1599 4961 1771 5034 religionem

102 5061 178 5116 illiciti
197 5058 364 5116 concubitus
384 5055 506 5128 egerint,
529 5060 557 5110 et
578 5071 595 5110 a
616 5072 646 5110 se
668 5055 791 5110 inuicem
813 5071 903 5112 reces·
955 5057 1114 5129 superstrui
1127 5055 1250 5126 videbat,
1264 5055 1405 5112 desiderio
1421 5056 1450 5112 in
1464 5055 1693 5114 Christianorum
1707 5072 1770 5111 san·

105 5153 193 5210 serint.
205 5154 332 5210 Minatur
345 5147 504 5222 grauiorem
516 5163 669 5204 censuram
691 5148 715 5203 si
733 5147 768 5203 ad
786 5147 905 5204 eosdem
956 5151 1043 5224 guine
1056 5150 1211 5223 parentari.

103 5247 228 5304 urascmos
242 5260 365 5302 reverse
379 5243 497 5310 inerint,
513 5244 564 5298 aut
576 5243 601 5297 si
613 5258 676 5297 cum
692 5241 800 5298 eisdem
811 5242 840 5297 in
850 5259 906 5297 une
990 5245 1221 5302 Persecutionem
1243 5241 1327 5298 simul
1351 5259 1417 5298 cum
1443 5243 1565 5314 imperio
1593 5244 1668 5300 Decii
1698 5260 1771 5316 ccep-

102 5339 174 5398 domo
187 5345 216 5397 et
239 5339 292 5396 sub
313 5336 415 5394 eodem
433 5341 509 5392 tecto
526 5335 610 5392 simul
626 5335 825 5391 habitaverint.
838 5337 903 5392 Cor·
954 5342 1015 5394 tam
1037 5337 1123 5394 fuisse
1148 5337 1284 5392 discimus
1308 5353 1342 5394 ex
1368 5337 1506 5408 locuplete
1533 5339 1615 5404 teste,
1640 5337 1772 5410 Dionysio

102 5435 179 5504 ruptis
195 5433 318 5506 imponit
336 5431 537 5504 penitentiam
551 5428 677 5500 plenam,
693 5445 726 5484 ac
744 5445 801 5499 ens,
816 5429 838 5484 si
853 5429 903 5486 ob·
954 5431 1155 5499 Alexandrino,
1178 5429 1227 5502 qui
1253 5429 1440 5488 detendendae
1467 5435 1496 5485 et
1522 5430 1636 5485 tuendae
1662 5431 1691 5486 in
1720 5431 1772 5488 hac

103 5525 193 5582 sinete
207 5529 406 5599 perseverent,
420 5539 567 5594 nunquam
583 5523 613 5578 in
628 5523 781 5580 Ecclesiam
794 5523 905 5579 admitti
955 5525 1152 5596 persecutione
1181 5523 1312 5578 Ecclesiae
1337 5523 1476 5595 plurimas
1501 5527 1596 5594 portes
1618 5525 1770 5582 sustinuit.

104 5635 171 5688 passe
184 5619 317 5676 declarat.
333 5622 365 5676 ln
379 5617 558 5688 sexagesima
576 5617 675 5690 quinta
693 5617 790 5672 laudat
808 5617 902 5673 humi·
956 5618 1036 5676 «Sed
1049 5618 1194 5685 continuo,
1211 5637 1225 5668 u
1240 5616 1335 5688 inquit
1348 5617 1425 5688 apud
1440 5616 1545 5673 Euseb.
1563 5617 1656 5688 (Hist,
1670 5618 1719 5674 lib.
1734 5635 1771 5688 vr,

104 5711 200 5770 litatem
214 5710 537 5788 Rogatieniquod,cum
552 5725 605 5783 pro
618 5711 904 5784 episcopetusvigore
955 5728 1016 5784 cap.
1031 5713 1086 5783 it),
1101 5711 1215 5784 imperii
1236 5709 1313 5766 illius
1332 5725 1402 5782 erga
1417 5726 1468 5766 nos
1487 5709 1685 5783 benignissimi
1706 5727 1771 5767 mn·

106 5807 453 5864 etcatbedreaauctoritate
474 5821 569 5878 prenae
592 5803 628 5860 de
648 5805 768 5862 diacono
791 5822 904 5862 sumere
957 5806 1026 5862 tatio
1042 5805 1125 5862 nobis
1143 5805 1274 5861 nuntiate
1290 5806 1342 5872 est,
1359 5807 1388 5860 et
1406 5802 1591 5876 gravissimus
1613 5803 1693 5860 nobis
1715 5803 1773 5858 mi.
