4012 6192
257 234 309 294 tat
559 229 603 292 AD
622 229 735 294 OPERA
755 233 783 290 S.
805 233 961 292 cientem
980 232 1127 294 GENUle
1146 231 1286 314 errant.
1308 227 1342 290 ll.
1365 258 1396 274 ν·
1412 228 1648 290 SUPPDSlTilhi.
1864 235 1909 292 tte

1624 423 1905 438 *η’-..ιιι-

454 575 748 724 ORATIO
809 578 1182 723 GYPRIANI
1239 575 1729 722 ANTIOGHENI
1870 547 1876 560 ’

714 823 828 910 putu
849 822 922 896 suu
943 822 1010 894 uu
1030 821 1238 892 uussrous
1261 821 1348 892 sue
1368 819 1487 892 otuu.

295 1215 415 1274 Domine
429 1221 535 1288 mnne,
549 1219 632 1276 Peter
648 1219 761 1293 hagios,
776 1221 850 1278 Deus
864 1221 963 1295 hagie,
977 1226 1007 1278 et
1019 1223 1070 1278 be·
1083 1221 1198 1310 Aquod
1224 1219 1276 1278 tibi
1299 1219 1376 1276 misit
1397 1219 1479 1276 Deus.
1497 1217 1531 1273 Et
1549 1213 1621 1272 dixit
1636 1212 1759 1270 Daniel:
1780 1233 1794 1262 u
1810 1211 1862 1266 lion
1880 1226 1912 1266 re

261 1307 308 1380 gie
322 1310 397 1366 Deus
409 1327 499 1381 meus,
515 1312 578 1384 quis
593 1315 670 1370 enim
685 1315 777 1386 major
795 1317 845 1372 tei
861 1316 911 1372 tibi
924 1317 1031 1388 gratias
1044 1321 1073 1372 et
1123 1314 1235 1387 linquet
1250 1313 1385 1369 Dominus
1399 1317 1558 1385 quaerentes
1577 1326 1617 1366 se.
1632 1306 1767 1364 »Exaudi
1786 1323 1827 1362 rne
1844 1322 1911 1361 oreo·

260 1401 372 1458 laudem
387 1405 487 1474 refero,
508 1408 581 1462 Dous
597 1408 718 1464 Abrahae
737 1411 785 1481 (l),
805 1414 832 1464 et
849 1411 920 1466 Deus
940 1413 1025 1480 laroc,
1046 1416 1075 1467 et
1124 1414 1193 1472 tour,
1217 1410 1290 1464 eicrrt
1312 1408 1451 1464 exaudisti
1471 1404 1592 1462 'lobiam
1612 1409 1641 1460 et
1660 1403 1759 1459 Seram
1782 1400 1844 1455 duur
1861 1416 1911 1454 ore·

261 1495 336 1552 Deus
347 1497 442 1565 Jacob,
456 1499 528 1556 Deus
549 1506 661 1572 patrum
677 1507 854 1571 nostrorum,
872 1504 946 1560 Dens
960 1509 1073 1576 aposto·
1125 1507 1190 1560 rent
1203 1502 1232 1558 in
1244 1501 1314 1558 atrio
1330 1501 1432 1556 domus
1450 1516 1508 1554 snm
1524 1515 1531 1554 :
1545 1503 1615 1554 tunc
1635 1494 1739 1552 obtulit
1756 1511 1807 1567 pro
1822 1495 1857 1550 ais
1870 1495 1912 1550 lia·

260 1587 367 1656 lurum,
387 1595 416 1646 ct
431 1593 505 1648 Deus
525 1596 740 1666 prophetarum,
763 1602 792 1652 et
811 1598 884 1654 Deua
904 1603 1073 1670 martyrum,
1125 1597 1210 1670 phael
1229 1596 1348 1667 angelus
1363 1593 1507 1650 orationes
1526 1607 1626 1648 eorum
1642 1606 1649 1645 ε
1664 1589 1704 1646 sic
1717 1594 1746 1644 et
1762 1587 1914 1644 inexaudias

261 1683 310 1755 qui
324 1683 399 1740 fuisti
413 1690 480 1742 ante
494 1689 594 1744 mundi
609 1689 835 1760 dispositionem,
848 1693 921 1748 Deus
935 1690 1074 1760 vivorum,
1125 1706 1222 1762 preces
1242 1705 1330 1759 meas,
1347 1691 1378 1744 et
1397 1688 1529 1744 admittes
1550 1685 1586 1741 ed
1604 1685 1701 1742 aulam
1720 1687 1838 1738 saneim
1853 1686 1914 1734 han

260 1781 397 1832 venturus
416 1777 510 1852 907
524 1781 654 1852 judicare
670 1783 747 1839 vivos
764 1787 792 1838 et
813 1785 1027 1856 mortuos:qui
1046 1801 1075 1840 es
1124 1783 1265 1840 orationes
1293 1787 1380 1846 meas,
1408 1785 1437 1835 et
1468 1779 1649 1836 continenter
1679 1776 1777 1832 mittas
1803 1773 1913 1845 angelum

260 1869 335 1924 Deus
348 1887 446 1938 verax,
460 1873 509 1945 qui
523 1875 604 1931 sedes
618 1892 703 1948 srrper
714 1877 866 1933 Cherubim
880 1883 909 1934 et
922 1878 1074 1950 Seraphim
1124 1883 1217 1944 tuum,
1232 1876 1279 1948 qui
1296 1875 1388 1931 deleat
1401 1873 1533 1929 universe
1544 1871 1647 1927 delicte
1660 1887 1735 1936 mee,
1752 1869 1822 1923 sicat
1835 1865 1915 1922 delusi

261 1963 356 2020 sedem
379 1965 496 2022 bonoria
519 1968 569 2036 tui,
585 1973 614 2024 at
632 1970 767 2042 prospicis
784 1971 912 2042 abyssos;
929 1972 977 2044 qui
996 1971 1075 2028 vides
1125 1970 1257 2043 spiritum
1279 1969 1462 2024 immundum
1480 1985 1496 2022 a
1513 1967 1580 2022 Sara
1601 1965 1658 2020 ulta
1682 1963 1789 2034 Raguel
1803 1978 1809 2016 :
1824 1965 1850 2015 et
1867 1960 1914 2014 illu·

261 2061 363 2114 cuncta
375 2059 544 2133 priusquam
556 2068 724 2132 nascantur;
737 2064 786 2136 qui
804 2065 892 2120 habes
904 2069 1076 2137 potestatem
1127 2064 1220 2120 mines
1238 2079 1286 2118 cor
1306 2078 1414 2131 meum,
1435 2061 1509 2116 sicut
1528 2056 1695 2116 illuminasti
1718 2056 1810 2112 oculus
1829 2054 1913 2110 lubia.

263 2151 392 2207 occidere
413 2153 451 2225 (D)
473 2160 501 2209 et
520 2169 617 2210 rursus
635 2156 801 2224 restituere;
817 2157 865 2228 qui
884 2155 971 2212 hebes
987 2161 1077 2228 putes-
1126 2157 1234 2214 Exaudi
1245 2172 1290 2212 me
1303 2159 1442 2223 orantem,
1457 2155 1529 2210 sicut
1542 2151 1680 2208 exaudisti
1693 2151 1845 2208 Susannam
1858 2149 1915 2202 iuter

260 2249 348 2300 tatem
363 2245 398 2303 de
411 2247 492 2303 crido
505 2248 595 2304 viride
613 2247 717 2306 facere.
737 2251 778 2305 Tu
796 2251 925 2306 omnium
941 2250 1076 2308 Dominus
1126 2267 1229 2308 manus
1251 2250 1408 2316 seniorum,
1435 2248 1475 2303 sic
1497 2263 1543 2303 me
1567 2245 1671 2302 liberes
1692 2245 1729 2300 ab
1748 2244 1801 2300 buc
1822 2240 1914 2307 emolu,

262 2337 441 2408 dominator,
464 2341 555 2398 libera
580 2359 625 2398 mo
648 2343 683 2398 ab
706 2343 761 2398 boc
784 2343 889 2399 sncrrlo
919 2347 948 2400 et
972 2344 1075 2401 eraudi
1125 2345 1194 2418 quia
1213 2350 1244 2401 tn
1263 2361 1294 2400 es
1314 2346 1426 2399 amator
1446 2357 1527 2414 purte
1550 2338 1744 2396 conscientias.
1766 2334 1863 2391 Exaudi
1880 2350 1915 2387 ne

261 2447 308 2487 mc
325 2438 470 2504 orerrtem,
489 2436 561 2491 sicut
580 2435 718 2492 exaudisti
740 2436 813 2492 tilios
835 2436 921 2493 lsrael
944 2438 979 2494 de
999 2441 1076 2494 terra
1127 2444 1268 2509 orantem,
1289 2436 1362 2493 sicut
1380 2434 1520 2492 exaudisti
1540 2431 1690 2490 Ezechiam
1702 2447 1801 2503 regem
1819 2427 1916 2484 ludaei

261 2525 385 2598 AEgypti,
411 2533 440 2583 et
454 2544 512 2584 non
537 2528 588 2585 tibi
609 2529 802 2600 crediderunt,
821 2545 873 2586 nec
895 2530 1002 2586 famulo
1026 2534 1076 2589 tuo
1127 2532 1224 2589 delesti
1239 2531 1275 2587 eb
1290 2547 1324 2586 eo
1337 2530 1533 2585 infirmitatem
1545 2527 1603 2583 :sic
1613 2533 1643 2583 et
1654 2542 1673 2581 a
1686 2541 1733 2582 me
1745 2523 1847 2579 auferas
1857 2519 1915 2576 intir-

258 2617 354 2692 110111·
1085 2603 1114 2676 Β
1126 2627 1257 2682 mitatem
1271 2623 1374 2692 carnis,
1388 2626 1417 2678 et
1432 2637 1540 2694 augeas
1556 2619 1627 2676 mihi
1647 2620 1684 2674 ad
1703 2619 1799 2687 tidem,
1811 2616 1875 2672 sieut
1885 2613 1915 2668 illi

297 2714 344 2768 Vae
366 2715 489 2786 peccetis
510 2716 599 2772 meisi
624 2721 695 2775 Cum
720 2719 872 2776 elevaveris
893 2720 1076 2791 confringere
1126 2719 1227 2775 auxisti
1248 2733 1340 2774 annos
1359 2714 1523 2789 quindecim
1543 2713 1579 2768 ad
1598 2713 1698 2768 vitam.
1717 2712 1812 2767 Libera
1832 2725 1871 2764 me
1888 2706 1915 2760 de

264 2813 383 2875 terrem,
397 2809 449 2864 suh
471 2827 526 2882 qua
546 2811 647 2868 lissum
661 2817 806 2884 petrarum
826 2829 872 2870 mc
887 2812 1075 2870 absconsurus
1124 2813 1220 2870 medio
1231 2812 1328 2868 saeculi
1337 2810 1507 2883 hujussicut
1519 2806 1644 2863 liberasti
1654 2805 1789 2862 Theclam
1801 2804 1832 2859 de
1843 2799 1915 2856 medio

167 2893 174 2902 '
261 2917 325 2956 sum
342 2902 377 2958 eb
398 2906 465 2958 ante
486 2904 624 2960 virtutem
645 2905 744 2962 tuem‘l
766 2905 817 2962 Cui
839 2907 929 2964 munti
948 2907 1074 2964 dicturus
1124 2906 1336 2978 amphitheatro
1351 2905 1439 2960 libera
1454 2901 1549 2958 meab
1570 2901 1651 2956 omui
1666 2899 1830 2956 infirmitate
1845 2895 1915 2950 camb
1979 2911 1980 2980 j

259 3009 344 3050 sum:
362 2995 435 3052 Cede
454 3013 541 3069 super
559 3015 617 3068 me,
638 3004 667 3055 et
687 2998 734 3054 cui
756 2999 821 3056 colli
842 3016 849 3056 :
871 3001 946 3072 Tege
969 3017 1016 3056 me
1038 3000 1075 3057 eb
1127 3017 1212 3057 mere.

262 3091 327 3143 ente
345 3094 455 3146 motum
472 3091 596 3162 Domini,
611 3109 676 3148 cum
697 3097 723 3148 te
740 3093 876 3150 levaveris
894 3094 1074 3166 confringere
1162 3092 1258 3168 908
1271 3095 1309 3148 Te
1324 3092 1473 3164 deprecor,
1487 3095 1571 3150 Peter
1589 3088 1757 3160 maiestatis,
1770 3085 1856 3159 quiin
1872 3081 1914 3136 bue

262 3183 388 3238 terram?
409 3185 501 3255 llogo,
524 3185 655 3254 Domine,
679 3187 798 3242 subveni
821 3186 891 3242 mibi
915 3206 921 3245 :
947 3189 1006 3244 nuli
1030 3205 1073 3243 se·
1127 3195 1292 3259 temporum
1309 3185 1597 3254 misertnsesnostri,
1612 3183 1731 3240 mittens
1750 3180 1826 3236 nobis
1839 3180 1914 3232 lesan

261 3275 386 3332 cundum
406 3283 499 3332 actum
523 3295 620 3334 meum
642 3296 688 3336 me
707 3279 848 3351 judicare,
864 3281 935 3336 nibil
952 3282 1074 3336 enimin
1125 3281 1268 3340 Christum
1283 3281 1385 3336 Filium
1402 3283 1482 3336 tuum
1498 3278 1650 3336 Dominum
1663 3277 1756 3332 Deum
1770 3275 1914 3330 salvatorem

260 3369 410 3439 preceptis
433 3370 488 3426 tuis
509 3372 600 3442 parui.
625 3372 736 3428 Exaudi
762 3390 808 3428 rue
834 3377 978 3442 orantem,
1003 3375 1076 3430 sicut
1125 3379 1266 3444 nostrum,
1282 3381 1380 3430 natum
1394 3389 1425 3428 cx
1440 3372 1527 3428 llaria
1542 3371 1655 3443 Virgine
1668 3371 1704 3426 de
1718 3368 1820 3441 Spiritu
1829 3367 1914 3428 uncto,

261 3459 400 3516 exaudisti
415 3463 513 3518 ionem
528 3463 562 3520 de
576 3468 674 3520 ventre
688 3465 753 3534 ceti,
768 3466 808 3522 sic
822 3467 1030 3534 exaudies—me,
1046 3473 1076 3524 ct
1124 3469 1316 3526 annuntiante
1335 3465 1466 3522 bebricia
1485 3466 1598 3538 angelo,
1617 3480 1670 3536 per
1691 3479 1778 3536 quem
1797 3477 1844 3516 uos
1860 3458 1914 3512 libc-

260 3552 356 3624 ejicias
370 3571 415 3610 mu
435 3554 471 3610 de
493 3563 585 3614 morte
605 3558 640 3613 ed
661 3559 759 3616 vitam.
786 3561 863 3616 Sicut
881 3560 1013 3616 Ninivitae
1033 3561 1076 3616 in·
1125 3563 1193 3620 resti
1204 3563 1240 3617 de
1251 3561 1377 3634 periculo
1388 3558 1488 3615 mortis
1501 3558 1693 3614 imminentis.

260 3646 385 3703 duerunt
398 3647 525 3704 cinerem
540 3654 569 3705 et
588 3650 722 3719 cilicium,
745 3659 773 3708 et
792 3653 987 3725 paenitentiam
1005 3670 1073 3726 ege·
1161 3657 1195 3712 Et
1209 3660 1237 3711 te
1256 3657 1406 3725 deprecor,
1428 3653 1531 3708 Filium
1552 3652 1599 3706 Dei
1613 3651 1679 3721 vivi,
1694 3651 1744 3724 qui
1757 3647 1840 3706 fecisti
1851 3647 1914 3700 unte

261 3746 328 3797 runt
355 3745 421 3797 ante
443 3743 595 3798 Dominum
620 3745 668 3816 (³).
701 3747 925 3820 Exomologesin
958 3747 1074 3804 facienti
1125 3749 1278 3814 mirabilia,
1300 3747 1348 3820 qui
1367 3745 1629 3804 inCenaGalilasae
1648 3739 1915 3818 deaquaviuumte·

261 3839 329 3890 ente
343 3840 524 3907 currspectum
541 3844 622 3895 tuum
636 3855 688 3910 pro
704 3840 840 3896 universis
858 3841 978 3912 peccetis
993 3841 1073 3910 meis,
1124 3843 1198 3911 cisti,
1223 3845 1341 3915 propter
1364 3840 1466 3906 lsrael;
1488 3839 1537 3912 qui
1558 3838 1638 3895 cecis
1665 3841 1763 3896 oculos
1784 3831 1912 3908 apemistif

260 3929 309 4000 qui
329 3945 360 3984 es
378 3933 490 3986 amator
509 3932 695 4002 paenitentiae,
719 3934 855 3990 miserere
879 3934 946 3990 mei.
969 3935 1025 3991 Sed
1045 3936 1174 4039 ethui
1196 3935 1295 3992 surdos
1321 3934 1420 3990 audire
1446 3933 1547 4001 fecisti,
1567 3933 1617 4004 qui
1639 3933 1805 4005 paralyticos
1827 3929 1857 3984 ad
1876 3939 1913 3980 sna

260 4021 348 4078 David
369 4023 437 4079 dicit
457 4040 495 4080 r«
511 4027 885 4099 Domine,propternomen
909 4034 991 4084 tuum
1014 4029 1075 4086 dele
1125 4029 1258 4088 membra
1270 4025 1405 4084 revocasti
1413 4045 1421 4096 ;
1438 4027 1488 4099 qui
1511 4026 1617 4082 solvisti
1640 4026 1756 4098 linguas
1776 4026 1911 4083 blesorum.

259 4120 405 4185 peccatum
427 4131 535 4172 meum.
551 4139 565 4168 u
588 4119 622 4174 Et
640 4135 693 4190 ego
719 4118 874 4191 deprecans
892 4121 1074 4193 majestatem
1125 4123 1269 4180 demonio
1295 4126 1409 4178 vexatos
1435 4121 1554 4190 sanasti;
1577 4119 1705 4188 claudos,
1732 4123 1864 4176 curreutes
1884 4113 1912 4166 le

260 4209 339 4262 tuam
361 4209 452 4264 :Dele
472 4210 604 4266 universa
625 4218 740 4282 peccata
760 4229 834 4281 mea,
855 4217 885 4269 et
903 4214 1008 4270 exaudi
1029 4231 1075 4272 ma
1124 4217 1278 4273 cistivelut
1292 4231 1400 4285 cervos,
1415 4215 1564 4270 mulierem
1583 4213 1619 4269 da
1638 4212 1778 4286 profluvio
1793 4205 1911 4278 sanguinis

260 4305 401 4368 urentem,
416 4301 489 4358 sicut
500 4303 603 4358 audisti
616 4311 674 4359 tres
689 4321 793 4376 pueros
807 4305 841 4362 de
859 4309 973 4364 camino
987 4307 1073 4379 ignis,
1124 4309 1261 4374 liberasti,
1283 4314 1413 4366 mortum
1427 4307 1578 4375 suscitasti,
1594 4322 1800 4378 superaquam
1815 4301 1911 4376 pedihus

259 4394 412 4461 Ananiam,
426 4394 567 4467 azariam,
582 4397 724 4452 ldizaelem
741 4415 748 4454 ι
766 4405 795 4454 et
815 4399 918 4456 misisti
938 4401 1074 4473 angelum
1123 4403 1287 4470 ambulasti,
1301 4401 1351 4474 qui
1363 4403 1447 4458 Petro
1462 4400 1570 4457 lebenti
1584 4416 1704 4456 mentum
1721 4397 1862 4462 tradidisti;
1874 4389 1910 4462 qni

261 4491 343 4542 tuum
364 4504 431 4544 curn
453 4487 550 4544 nimbo
571 4491 653 4557 roris,
680 4495 710 4546 et
730 4492 863 4548 confusas
883 4496 912 4548 et
930 4494 1074 4550 Nabucho
1124 4512 1203 4552 mare
1215 4495 1350 4564 fundasti,
1366 4501 1395 4550 et
1408 4495 1562 4549 terminum
1577 4493 1603 4550 ei
1619 4493 1747 4566 posuisti,
1769 4499 1797 4548 et
1814 4485 1909 4545 dixisti:

259 4580 382 4636 donosor
404 4581 573 4654 prepositus
598 4583 679 4656 regni
705 4606 710 4638 :
735 4586 872 4656 quoniam
900 4591 928 4642 tn
957 4603 988 4642 es
1013 4589 1072 4646 ilex
1125 4591 1183 4645 linc
1212 4604 1302 4660 usque
1326 4587 1437 4656 venies,
1464 4592 1493 4643 ct
1519 4586 1565 4642 bic
1589 4591 1617 4641 te
1641 4587 1799 4658 confringes
1823 4585 1848 4638 iu
1868 4579 1907 4632 tir·

258 4674 443 4746 regnantium
467 4681 496 4732 et
516 4675 651 4732 Dominus
672 4676 899 4746 dominantium,
925 4681 975 4752 qui
996 4682 1072 4736 solus
1123 4685 1183 4738 tute
1207 4687 1264 4738 tua.
1291 4681 1329 4735 Te
1355 4679 1497 4752 deprecor
1523 4679 1625 4736 l'ilium
1651 4679 1700 4736 Dei
1728 4677 1794 4742 vivi,
1819 4679 1908 4748 propter
1977 4687 1978 4691 ¹

258 4767 347 4824 babes
364 4769 623 4840 immortalitatem,
639 4775 668 4827 et
688 4771 782 4828 lucem
797 4771 908 4828 habitas
925 4773 1072 4830 inaccessi·
1121 4775 1254 4832 universa
1278 4773 1431 4830 commisse
1456 4787 1536 4840 mee,
1562 4773 1611 4844 qui
1637 4789 1668 4828 es
1693 4773 1722 4828 in
1748 4771 1821 4828 caelis
1844 4766 1907 4822 lilius

256 4860 355 4930 bilem,
372 4879 557 4935 quemnemo
571 4864 722 4920 bominum
741 4865 830 4936 videt,
846 4883 898 4922 nec
911 4867 1008 4924 videre
1021 4885 1071 4940 po·
1121 4869 1151 4924 in
1165 4869 1248 4924 Patre
1266 4872 1295 4924 et
1312 4868 1395 4923 Pater
1412 4865 1441 4920 in
1461 4869 1489 4920 te
1508 4865 1538 4921 in
1554 4865 1772 4938 sempiternum,
1790 4864 1833 4936 qui
1845 4859 1908 4914 sedes

257 4959 322 5010 test.
338 4955 441 5010 Exaudi
456 4973 502 5012 me
525 4961 666 5026 orantem,
682 4959 905 5016 sicutexaudisti
926 4962 1072 5020 Danielem
1122 4977 1207 5034 super
1237 4958 1392 5018 Cherubim
1424 4960 1453 5016 et
1472 4941 1652 5031 Seraphim,
1686 4959 1783 5016 sedern
1811 4950 1906 5012 honoris

259 5045 294 5101 dc
312 5048 374 5104 lacu
396 5050 523 5120 leorrum,
538 5054 567 5105 et
579 5052 682 5107 misisti
697 5052 825 5108 liehacuc
842 5055 1025 5126 prophetem,
1045 5061 1073 5112 et
1123 5055 1174 5110 tui.

257 5139 355 5194 attulit
378 5142 404 5196 ei
424 5143 589 5214 prandium,
615 5149 643 5198 et
665 5145 734 5200 dixit
761 5162 768 5201 :
792 5148 899 5204 Prende
920 5149 1073 5220 prandium
1158 5147 1221 5204 Tibi
1247 5145 1382 5202 assistunt
1409 5146 1514 5218 angeli,
1541 5146 1716 5220 archangeli,
1735 5159 1859 5203 hermerus
1875 5139 1907 5195 in·

942 5271 1117 5338 Verianum
1133 5277 1233 5338 notae.

195 5439 198 5444 Ι
289 5375 323 5436 (t)
348 5373 416 5424 Deua
441 5373 561 5428 Abrabae.
585 5378 731 5429 Praemittit
756 5379 829 5430 idern
854 5382 980 5445 Gravius,
1007 5386 1076 5434 Deua
1125 5380 1307 5445 ficare,»eed
1323 5395 1379 5434 non
1392 5383 1503 5448 placet:
1521 5383 1623 5450 alioqui
1638 5386 1711 5436 enim
1727 5384 1768 5436 bis
1782 5380 1807 5433 id
1819 5381 1907 5442 repele-
1976 5353 1977 5388 i

255 5447 364 5510 potrum
377 5448 536 5508 nostrorum,
550 5447 629 5512 quod
643 5448 724 5514 vulgo
738 5455 924 5515 postponitur,
939 5459 1075 5518 gneratum
1126 5459 1209 5506 retur.
1227 5449 1268 5502 Ex
1282 5453 1342 5517 ipso
1354 5457 1446 5506 temen
1455 5455 1548 5506 addidi
1561 5457 1637 5514 illuc,
1648 5463 1676 5509 et
1690 5453 1804 5508 deutridi
1814 5449 1906 5500 andan.

258 5517 371 5580 apparet
380 5530 388 5576 ;
404 5515 471 5578 quia
484 5517 525 5568 sic
545 5517 603 5568 fere
615 5519 721 5584 ubique
744 5519 896 5586 Scriptura.
911 5523 967 5576 Sed
980 5525 1075 5576 nobis·
1127 5526 1235 5578 Panna.

258 5583 636 5649 0111111181111111111·ΡΑ11111·
1158 5601 1189 5664 (3)
1203 5603 1268 5652 Ante
1282 5601 1433 5652 Dominum.
1449 5599 1510 5652 Hoc
1530 5614 1642 5652 rursum
1661 5614 1696 5652 ex
1709 5599 1810 5653 Gravia.
1825 5587 1905 5645 Onin-

288 5655 321 5718 (Ξ)
340 5655 390 5718 Qui
413 5654 492 5706 liedes
508 5661 661 5722 potestatam
680 5659 804 5712 occidere.
825 5662 947 5728 adjicio,
960 5667 1077 5718 occidere
1126 5683 1188 5722 mus
1203 5686 1346 5726 varocum
1360 5685 1411 5724 ms.
1429 5671 1599 5736 paulopost,
1614 5669 1773 5724 vocobulum
1785 5671 1814 5727 rt,
1827 5672 1894 5720 saltet

257 5740 322 5780 cum
331 5727 455 5780 Morellio
467 5741 502 5780 ex
515 5743 566 5780 ms.
575 5729 679 5794 Adjicit
689 5735 782 5783 autem
792 5739 925 5798 praeterea
939 5736 1076 5789 Drovius:
1125 5741 1223 5794 auom.

257 5797 338 5866 «Qui
352 5799 441 5854 hebes
453 5803 619 5868 potestatem
640 5803 815 5868 mortificare,
830 5809 857 5856 et
873 5819 984 5858 rursum
1007 5811 1076 5862 vivi-
