4080 6200
270 177 272 181 ι
774 166 775 169 ,
1160 142 1178 174 0

310 249 361 313 ars
424 207 446 235 ⁶
708 279 710 287 J
773 246 801 305 s
821 232 977 309 cuntant
996 248 1132 306 eunoun
1152 247 1240 305 rins
1260 249 1280 303 ι.
1300 277 1335 288 -
1354 247 1534 306 nerstein.
1915 266 1958 321 sn

582 370 744 430 aristoni
763 372 838 435 Lllii.
1129 373 1224 458 Asini
1241 389 1403 428 asseverare
1425 391 1454 428 se
1474 374 1602 446 integras
1621 389 1693 430 esse.
1710 375 1786 433 Circa
1804 395 1959 459 quamnam,

304 487 425 552 (tirsum,
438 498 457 550 1,
470 490 496 536 11
508 502 517 551 5
529 463 638 550 iamai,
650 489 754 553 Rigalt,
763 489 859 553 Belua,
869 501 938 552 ax115
950 489 1041 552 Paria,
1054 499 1120 550 nxn3
1172 465 1308 537 quoniam
1330 465 1479 522 consilinm
1499 471 1628 523 nostrum
1648 468 1820 542 desiderasti,
1835 476 1899 531 scias
1916 497 1962 535 nas

591 559 684 621 oxon„
698 561 777 623 lips,
791 563 837 624 ιν.)
1171 560 1206 614 ab
1239 560 1411 632 euangelicis
1443 563 1472 617 et
1504 560 1665 632 apostolicis
1696 563 1883 622 traditionibus
1911 588 1962 629 nou

487 669 522 709 an
542 669 706 725 rouronruu,
726 671 760 711 nn
781 671 942 711 rinernrans.
1171 653 1303 708 recedere
1327 653 1478 726 quominus
1501 654 1638 710 iratribus
1664 661 1692 710 et
1717 657 1851 714 soronbus
1872 666 1963 721 nostris

306 771 504 826 mmm
519 802 553 811 -
567 772 720 843 omanus
732 788 791 828 ,um
807 773 914 841 ,onem-s
928 772 1032 841 aliquo,
1046 772 1122 826 Pom,
1171 749 1337 802 constanter
1358 751 1386 803 et
1406 748 1516 804 fortiter
1534 749 1752 818 consulatur²⁰*,
1766 753 1793 805 at
1812 769 1860 823 par
1875 772 1963 814 omnes

338 863 423 930 pom-0
455 861 562 932 gonew
591 863 750 932 responde„
783 865 900 933 vimine,
929 878 989 932 qm,
1021 865 1122 917 ,papum
1171 840 1301 896 utilitatis
1331 846 1359 896 ei
1392 841 1490 896 salutis
1521 841 1581 896 rias
1615 842 1798 898 ecclesiastica
1833 846 1964 919 disciplina

343 951 510 1005 continuator
524 957 550 1006 et
566 954 681 1020 tirmiter
699 958 786 1006 tenere
802 952 987 1014 decreverant,
1000 956 1122 1021 repertas
1172 935 1358 1002 serlfliur²¹*2
1378 951 1444 990 cum
1465 935 1601 992 DOmlsslD
1621 936 1753 1008 10(11111111
1774 941 1801 992 ei
1821 939 1889 996 (11111
1908 959 1914 997 :
1935 946 1965 999 Di

344 1043 434 1094 samen
452 1045 548 1109 9063„
572 1043 601 1095 yn
627 1041 717 1096 eodem
745 1041 809 1096 recto
837 1056 897 1095 cum
925 1041 1070 1100 masculis,
1099 1043 1123 1096 32·
1172 1029 1242 1084 dabo
1260 1029 1335 1084 undu
1350 1033 1474 1101 pastores
1494 1030 1642 1086 secundam
1655 1046 1702 1085 cor
1720 1047 1813 1098 meum
1832 1040 1855 1089 et
1870 1043 1965 1104 putent

343 1131 462 1198 uirgines
487 1130 577 1184 aditae
603 1134 716 1200 reperta
740 1132 854 1197 fuerim,
877 1133 1060 1185 conmunione
1083 1146 1122 1184 re·
1171 1139 1217 1178 vos
1242 1128 1378 1193 pasoeutes
1403 1138 1463 1178 eum
1489 1123 1633 1194 disciplina
1659 1125 1776 1195 (ierem,
1802 1143 1839 1194 ιιι,
1866 1128 1918 1199 ll);
1942 1137 1966 1186 ei

344 1222 430 1288 cepta,
451 1218 636 1275 admittendas
657 1219 695 1274 acl
714 1219 873 1285 Ecclesiam
894 1220 936 1273 sin
959 1233 1043 1282 secus,
1062 1234 1123 1274 cum
1172 1215 1276 1270 iterum
1296 1216 1433 1288 scriptum
1453 1214 1499 1285 sit,
1512 1218 1691 1287 disciplinam
1709 1221 1758 1288 qui
1776 1219 1863 1288 attuit
1881 1223 1967 1287 inseite

343 1322 398 1363 non
416 1309 512 1362 mariti
530 1308 578 1363 sed
598 1307 700 1364 Christi
717 1311 773 1363 siut
795 1307 937 1379 adulterae,
958 1309 996 1364 nd
1013 1311 1123 1382 plenam
1173 1315 1211 1365 est
1233 1311 1323 1382 (Sep,
1343 1327 1382 1379 ιιι,
1404 1314 1462 1382 11);
1486 1313 1516 1366 et
1533 1310 1563 1366 in
1585 1301 1704 1366 Psalmis
1725 1327 1837 1384 quoque
1859 1313 1968 1383 Spiritus

338 1399 528 1468 paenitentiam
548 1397 693 1466 aagendam
714 1413 775 1467 qua
791 1412 854 1451 arere
874 1397 1019 1453 obstinata
1036 1415 1123 1470 perse·
1173 1409 1286 1459 sanctus
1310 1404 1461 1460 admoneat
1487 1409 1515 1460 et
1542 1405 1665 1461 instruat
1690 1405 1787 1460 dicens
1811 1422 1819 1460 ι
1845 1409 1967 1465 continete

342 1491 439 1540 uerunt
458 1486 491 1540 rte
511 1486 630 1542 Ecclesia
653 1486 799 1557 ejiciendas
820 1505 827 1540 :
850 1487 936 1542 obiter
956 1488 1123 1557 interjiciens
1172 1499 1356 1569 disciplinam,
1375 1515 1408 1554 ne
1428 1501 1500 1568 sorte
1518 1501 1650 1555 irascetur
1666 1501 1806 1562 Dominus,
1823 1505 1848 1556 et
1866 1504 1968 1569 pacare

343 1575 493 1645 4111111113)
516 1591 600 1643 genus
621 1591 673 1646 110
698 1577 829 1631 cananaei
851 1578 954 1646 possint
979 1579 1009 1631 ²⁸¹²
1033 1579 1122 1648 Oifi⁶i⁰
1173 1594 1257 1647 auia
1278 1598 1362 1656 reeta,
1385 1608 1446 1649 cum
1468 1595 1599 1649 inarserit
1621 1595 1673 1649 cite
1698 1596 1741 1649 ira
1762 1593 1816 1663 qus
1836 1609 1910 1664 super
1929 1608 1968 1650 uos

340 1664 469 1731 uirgines,
487 1668 512 1718 et
533 1664 658 1734 quadam
677 1665 710 1720 de
726 1666 976 1721 encommunicandi
990 1671 1123 1737 potestate
1173 1687 1256 1755 (Μ,
1272 1702 1302 1756 11,
1318 1685 1372 1755 η),

341 1754 370 1806 ἰη
384 1752 512 1807 Misia·
1131 1752 1160 1823 Β
1208 1780 1240 1835 ii.
1262 1779 1358 1834 Primo
1381 1779 1469 1851 igitur
1494 1779 1523 1834 in
1549 1781 1621 1849 loco,
1642 1779 1732 1835 irater
1759 1779 1924 1849 charissima,
1945 1786 1969 1836 ct

342 1873 362 1927 l.
385 1870 550 1944 Cyprianus,
573 1872 712 1941 Cacilins,
734 1873 837 1943 Victor,
860 1873 990 1945 sedatus,
1014 1877 1122 1934 Tertul-
1173 1872 1332 1946 praepositis
1342 1879 1371 1930 et
1380 1872 1455 1945 plebi
1467 1872 1538 1928 nihil
1548 1873 1623 1928 aliud
1633 1873 1837 1929 elaborandum
1846 1878 1968 1946 cuiquam

305 1965 359 2033 lus,
382 1981 447 2021 cum
469 1965 642 2038 presbyteris
662 1966 717 2038 (611)
740 1967 789 2039 qui
810 1972 966 2039 praesentes
990 1969 1121 2040 aderant,
1173 1971 1205 2022 ut
1229 1968 1279 2039 qui
1305 1967 1396 2022 Deum
1422 1966 1567 2039 timemus,
1591 1983 1656 2022 cum
1681 1968 1764 2022 omni
1789 1967 1968 2024 observatione

305 2058 460 2131 Pomponio
487 2059 541 2130 (tl)
565 2057 648 2113 fratri
680 2061 812 2115 salutem.
845 2061 978 2133 Legimus
1011 2063 1123 2120 litteras
1173 2059 1330 2134 disciplina
1345 2059 1439 2115 divina
1454 2065 1597 2133 praecepta
1607 2066 1768 2130 teneamus,
1779 2077 1831 2117 nec
1842 2062 1969 2134 patiamur

305 2159 378 2221 tuas,
399 2153 490 2208 frater
514 2151 686 2221 charissime,
713 2168 782 2225 quas
809 2169 860 2225 per
884 2156 1038 2211 Paconium
1063 2158 1121 2213 ira·
1173 2171 1269 2210 errare
1287 2155 1386 2210 fratres
1407 2158 1517 2210 nostros
1537 2156 1568 2209 nt
1585 2171 1638 2227 pro
1656 2155 1774 2211 arbitrio
1790 2159 1819 2212 et
1832 2158 1908 2211 ructu
1920 2154 1969 2226 (63)

304 2252 378 2303 trem
401 2250 531 2302 nostrum
552 2246 665 2308 misisti,
686 2247 832 2318 postulans
853 2252 884 2303 et
905 2249 1069 2306 desiderans
1091 2254 1123 2306 ut
1172 2265 1223 2303 suo
1243 2248 1347 2318 rivere,
1369 2248 1417 2303 sed
1437 2248 1474 2304 ad
1494 2248 1580 2303 vitam
1602 2248 1724 2321 singulis
1745 2249 1863 2305 fideliter
1884 2265 1970 2304 consu-

304 2341 355 2395 tibi
380 2340 603 2395 rescriberemus
632 2340 701 2412 quid
726 2341 807 2396 nohis
833 2341 868 2398 de
900 2342 934 2397 iis
960 2344 1120 2415 virginibus
1172 2342 1241 2413 lare,
1259 2357 1310 2398 nee
1328 2342 1387 2413 pati
1403 2341 1527 2414 virgines
1544 2358 1608 2397 cum
1624 2343 1758 2398 masculis
1771 2342 1825 2415 (oi)
1838 2341 1968 2409 habitara;

304 2434 433 2490 videatur
451 2451 515 2506 quae
535 2451 599 2489 cum
621 2434 709 2490 semel
728 2438 834 2491 statum
852 2437 909 2507 (62)
930 2453 1015 2493 suurn
1034 2439 1122 2495 conti·
1171 2452 1230 2492 aon
1255 2435 1317 2491 dico
1346 2436 1430 2490 simul
1455 2435 1591 2503 dormire,
1617 2436 1665 2492 sed
1692 2453 1746 2493 nec
1772 2437 1853 2492 simul
1877 2435 1970 2490 virere.

304 2534 407 2583 neuter
426 2531 455 2583 et
471 2527 591 2583 tirmiter
606 2530 703 2584 terrem
723 2528 912 2596 decreverint,
928 2530 1045 2586 deiecta
1065 2532 1121 2586 sint
1170 2529 1285 2602 quando
1301 2531 1329 2584 et
1342 2546 1423 2584 sexus
1438 2529 1570 2584 infirmus
1586 2528 1682 2604 366
1697 2536 1726 2586 et
1743 2535 1810 2586 aetas
1828 2530 1915 2585 adhue
1932 2528 1970 2583 lu·

303 2627 402 2692 postea
414 2621 443 2675 in
459 2621 560 2677 eodem
576 2622 648 2677 lecto
663 2623 772 2694 pariter
784 2609 919 2680 mansisse
932 2640 997 2679 cum
1010 2641 1119 2680 mascu—
1169 2623 1246 2678 hrica
1257 2639 1310 2694 per
1325 2622 1422 2678 omnis
1439 2623 1545 2678 frenari
1560 2640 1576 2677 a
1590 2624 1674 2679 nohis
1693 2629 1721 2680 et
1741 2624 1803 2696 regi
1824 2623 1971 2686 debeatne

303 2715 348 2784 lis,
372 2714 530 2786 exquibus
553 2730 642 2783 unum
669 2715 821 2772 diaconum
848 2733 907 2772 esse
932 2717 1011 2789 dicis,
1036 2719 1119 2790 plane
1170 2717 1280 2772 diabolo
1296 2715 1441 2771 insidianti
1460 2718 1489 2771 et
1507 2717 1604 2772 saevire
1619 2717 1748 2789 cupienti
1767 2719 1801 2774 ad
1821 2717 1970 2774 nocendum

304 2807 420 2864 easdem
438 2824 501 2880 quaa
518 2824 547 2864 sc
566 2825 631 2864 cum
644 2809 710 2865 viris
723 2809 859 2866 dormisse
874 2811 1008 2867 confessae
1023 2810 1119 2886 365
1170 2811 1253 2868 detur
1275 2810 1396 2879 occasio,
1416 2810 1528 2882 quando
1551 2814 1580 2867 et
1600 2812 1750 2883 apostolus
1774 2812 1849 2868 dicat
1870 2810 1972 2869 :Nolite

993 2978 1099 3042 Variae
1126 2977 1294 3042 lectiones.

333 3112 354 3143 ¹³
366 3112 375 3132 ¹
391 3109 510 3161 Fortiter
522 3110 733 3162 consuleremus
744 3123 794 3175 per
805 3113 862 3162 lin.
896 3115 916 3145 ¹¹
932 3113 943 3137 *
956 3113 1009 3164 Per
1025 3125 1122 3165 omnes
1136 3111 1195 3164 rias
1208 3111 1406 3165 ecclesiasticas
1418 3111 1574 3177 disciplinae
1583 3113 1644 3164 Ded.
1658 3115 1681 3176 1,
1691 3112 1716 3165 Ξ.
1732 3113 1837 3166 Omnes
1849 3109 1971 3161 utilitates

307 3184 335 3233 et
349 3180 453 3232 salutes
467 3180 665 3232 ecclesiastieae
677 3179 833 3245 disciplina
850 3180 926 3232 iiior.
940 3183 1011 3232 mm.
1025 3181 1080 3233 NG.
1097 3182 1119 3230 1.

951 3299 1065 3382 steph.
1089 3298 1213 3363 nuum
1234 3301 1333 3362 nota.

303 3481 341 3531 At
370 3480 518 3543 Pamelius,
540 3481 589 3546 qui
611 3481 650 3545 fiii
675 3480 789 3534 videbat
809 3482 943 3546 scriptum
964 3482 993 3531 in
1020 3479 1270 3568 Manu-crerint.
1288 3494 1304 3527 s

305 3553 389 3614 tiana,
411 3553 449 3602 ita
473 3552 584 3616 scripsit
606 3553 635 3602 in
657 3565 717 3604 sua.
739 3553 775 3603 Et
796 3552 863 3603 hinc
884 3566 915 3604 ea
935 3566 1020 3616 prava
1039 3552 1123 3603 lectio
1206 3549 1254 3612 (63)
1281 3550 1370 3599 Ructu.
1397 3552 1487 3602 Antea
1516 3550 1660 3613 legebatur
1683 3550 1785 3613 fructu,
1813 3560 1870 3599 non
1893 3543 1973 3595 solum

305 3623 427 3673 derivata
452 3626 496 3674 est
521 3624 550 3672 in
577 3623 726 3674 editionem
753 3624 864 3688 Rigaltii
889 3627 917 3674 et
939 3624 968 3674 in
987 3622 1123 3687 Anglica-
1173 3620 1201 3669 in
1222 3618 1401 3682 editionibus,
1421 3621 1470 3671 sed
1491 3622 1573 3672 etiam
1597 3620 1724 3671 inlibris
1747 3618 1878 3683 antiquis.
1895 3614 1976 3678 Rigal-

304 3705 379 3742 nam.
398 3692 480 3755 Quod
493 3693 557 3744 idco
570 3695 661 3744 risum
681 3700 724 3745 est
744 3695 895 3746 admonere
911 3708 947 3745 ne
963 3695 1027 3758 quis
1041 3694 1124 3744 dein·
1173 3691 1229 3741 tius
1242 3691 1348 3740 monuit
1364 3692 1498 3757 scriptum
1510 3705 1572 3742 esse
1590 3691 1709 3741 maalain
1732 3688 1896 3748 Veronensi,
1908 3698 1974 3736 earn·

304 3775 369 3826 ceps
389 3764 418 3812 in
437 3763 491 3814 hoc
512 3763 629 3814 fallatur.
648 3765 718 3817 Nam
739 3766 762 3815 is
785 3765 835 3829 qui
858 3778 946 3829 nuper
967 3764 1124 3828 composuit
1173 3772 1227 3825 que
1253 3761 1400 3813 lectionem
1427 3762 1616 3825 pronuntiavit
1638 3773 1700 3812 esse
1720 3760 1901 3811 verissimam.
1924 3755 1975 3817 Ego

303 3833 389 3882 vitam
409 3835 498 3884 sancti
519 3833 659 3899 Cypriani,
682 3849 716 3886 ea
734 3835 803 3885 falsa
822 3836 957 3899 scriptura
979 3833 1122 3897 deceptus,
1173 3833 1268 3882 eontra
1282 3831 1414 3895 putabam
1436 3844 1496 3882 esse
1517 3832 1702 3882 falsissimam.
1724 3831 1802 3894 Quid
1821 3830 1904 3887 enim,
1923 3826 1976 3875 aie-

304 3904 371 3955 hinc
385 3905 447 3968 oapi
468 3918 549 3970 posse
565 3907 672 3969 putavit
686 3912 881 3971 argumentum
896 3905 932 3956 ad
944 3904 1122 3955 asserendam
1172 3900 1246 3961 bam,
1277 3915 1427 3954 commune
1450 3903 1563 3954 arbitrio
1587 3917 1651 3954 cum
1680 3908 1778 3965 ructu,
1803 3914 1859 3967 quo
1881 3911 1922 3949 res
1941 3897 1975 3944 in-

304 3977 468 4040 dignitatem
494 3978 616 4042 episcopi
643 3978 752 4042 Magno,
781 3978 815 4028 ad
839 3991 924 4041 quem
952 3976 1068 4040 epistola
1092 3976 1123 4026 76
1173 3971 1289 4023 honesta
1315 3974 1496 4038 significatur,
1525 3987 1608 4039 quam
1636 3973 1733 4035 Stoici,
1761 3977 1793 4024 ut
1821 3971 1915 4023 Cicero
1942 3970 1976 4016 te-

304 4051 407 4113 scripta
437 4054 497 4111 est,
528 4051 637 4100 tametsi
673 4049 712 4099 ihi
749 4049 906 4114 Cyprianus
943 4061 1008 4099 eum
1042 4052 1123 4099 vocet
1173 4046 1269 4105 statur,
1285 4057 1367 4108 aequo
1383 4058 1467 4109 passu
1479 4046 1608 4097 incedere
1630 4045 1762 4096 volebant
1781 4057 1846 4095 cum
1863 4041 1975 4104 crepitat

304 4122 405 4184 filium,
433 4134 490 4171 non
517 4121 639 4180 tratrem,
666 4123 697 4169 ut
717 4120 788 4171 solet
805 4118 931 4170 scribens
954 4119 989 4170 ad
1012 4120 1122 4183 episco-
1173 4115 1338 4176 Columella,
1353 4115 1401 4166 lih.
1417 4129 1455 4178 vr,
1471 4129 1530 4180 cap.
1549 4117 1574 4176 6,
1593 4129 1658 4166 cum
1675 4117 1771 4167 sonitu
1788 4114 1903 4170 ventris;
1919 4110 1976 4160 Hie-

304 4205 363 4254 pos.
378 4190 490 4242 Sciebat
506 4191 580 4240 enim
595 4189 778 4240 Euehratium
797 4190 883 4239 inisse
903 4190 1073 4253 episcopum.
1088 4189 1123 4239 Et
1172 4199 1315 4251 ronymus,
1330 4188 1359 4237 in
1383 4187 1508 4251 Epistola
1529 4186 1565 4236 ari
1587 4187 1752 4251 Principiam
1765 4186 1893 4251 uirginem
1908 4185 1934 4231 et
1952 4180 1976 4228 in

304 4262 487 4313 nihilominus
500 4258 615 4310 videbat
629 4259 708 4309 illum
732 4260 865 4324 appellari
886 4259 976 4310 filium
996 4261 1024 4310 ln
1045 4260 1122 4310 calce
1172 4257 1242 4308 libro
1263 4270 1282 4307 ιι
1303 4256 1430 4308 adversus
1447 4259 1611 4308 lucinianum
1633 4270 1698 4308 cum
1712 4258 1822 4321 crepitu
1840 4257 1976 4306 ventorum

303 4333 386 4383 istius
400 4330 537 4395 Epistolae.
1172 4329 1220 4393 qui
1232 4329 1320 4378 oritur
1332 4340 1367 4378 ex
1389 4331 1484 4379 ventre
1503 4329 1585 4393 pleno
1600 4331 1627 4378 et
1641 4329 1833 4380 exaestuanti?
1847 4321 1975 4386 Conjicie-

336 4404 384 4466 (60)
401 4402 465 4452 Cum
482 4399 649 4465 presbyteris.
667 4401 698 4452 ln
720 4414 777 4453 uno
799 4401 871 4452 libro
895 4413 958 4453 meo
977 4401 1065 4452 veteri
1082 4400 1122 4452 le·
1171 4396 1236 4448 bam
1261 4399 1354 4461 itaque
1371 4397 1521 4461 legendum
1543 4399 1648 4449 fortean
1669 4411 1730 4448 esse
1752 4411 1814 4449 cum
1832 4394 1940 4445 arbitrio
1957 4394 1977 4439 rt

304 4477 377 4542 gitur
389 4472 545 4539 preshyteris
556 4474 689 4524 Romanis.
1172 4470 1237 4530 ritu,
1251 4473 1282 4518 ut
1295 4469 1368 4533 apud
1387 4470 1589 4533 Hieronymum
1610 4470 1639 4519 in
1661 4468 1732 4519 libro
1750 4483 1770 4519 rr
1794 4468 1917 4518 adrasus
1935 4462 1976 4510 10·

336 4547 386 4609 (eit
415 4546 576 4608 Pomponio,
605 4546 736 4610 episcopo
765 4545 980 4609 Dionysianensi
1005 4543 1034 4592 in
1059 4557 1121 4608 pro·
1172 4542 1319 4601 cinianum,
1341 4541 1481 4602 seinata,
1507 4544 1538 4590 ut
1559 4539 1632 4604 apud
1655 4541 1687 4590 T.
1711 4540 1838 4601 Livium,
1866 4535 1912 4587 lib.
1932 4545 1975 4582 rr:

304 4619 397 4670 vincia
424 4619 579 4681 Byzacena.
610 4617 739 4668 interluit
767 4617 885 4668 concillo
911 4614 1122 4679 Carthaginensi
1171 4611 1219 4662 sub
1229 4616 1295 4662 nutu
1307 4616 1388 4676 atque
1397 4610 1524 4673 arbitrio,
1537 4615 1565 4662 et
1576 4611 1650 4676 apud
1663 4611 1837 4675 cyprianum
1851 4610 1927 4672 epist.
1941 4604 1976 4661 69,

304 4690 358 4741 sub
379 4690 526 4754 Cypriane.
553 4688 679 4739 Concilio
705 4687 934 4739 cabarsussitano
957 4685 1123 4749 subscripsit
1172 4680 1221 4731 ubi
1235 4682 1337 4744 legitur
1358 4682 1499 4733 Christum
1520 4683 1675 4734 Ecclesiam
1694 4683 1852 4746 gubernare
1869 4691 1918 4729 ano
1935 4689 1977 4724 ar-

303 4763 471 4812 Fortunatus
498 4759 644 4824 episcopus
664 4759 903 4825 Dionysianensis.
925 4758 954 4807 ln
974 4757 1122 4808 collatione
1171 4751 1254 4802 bitrio
1268 4755 1296 4803 et
1315 4759 1396 4804 nutu.
1422 4753 1478 4805 Sed
1498 4768 1563 4806 cum
1581 4753 1840 4805 animadvertissem
1863 4746 1976 4801 vocabu·

304 4831 516 4896 Carthaginensi
531 4832 603 4881 inter
625 4830 784 4881 Catholicae
805 4834 833 4881 et
855 4829 1014 4879 Donatistae
1036 4826 1123 4878 adluit
1172 4823 1231 4873 lum
1251 4830 1340 4876 ructru
1363 4827 1390 4876 in
1414 4827 1511 4878 eodem
1527 4841 1611 4878 sensu
1634 4827 1755 4891 positum
1770 4838 1833 4877 esse
1854 4839 1870 4874 a
1890 4820 1977 4872 Pontio

304 4905 399 4955 Victor
432 4903 578 4967 episcopus
615 4901 847 4966 Dionysianensis
882 4900 1044 4961 Donatista,
1074 4864 1289 4962 quiDdiacono
1317 4896 1345 4944 in
1377 4897 1436 4947 Vita
1469 4897 1550 4948 sancti
1580 4897 1722 4960 Cypriani,
1751 4896 1897 4960 ampiexus
1920 4902 1976 4939 satu

305 4975 450 5038 profitetur
476 4985 506 5023 se
530 4985 586 5021 non
611 4971 714 5023 hahere
739 4971 938 5031 adversarium,
963 4981 1122 5033 quanquam
1171 4964 1320 5016 lectionem
1333 4980 1419 5030 quam
1432 4967 1569 5032 Rigaltius
1583 4969 1621 5018 ait
1638 4980 1699 5019 esse
1718 4968 1901 5018 verissimam.
1916 4962 1978 5012 Hac

303 5045 333 5094 id
346 5049 477 5109 negatum
501 5048 543 5094 est
565 5043 657 5094 statim
680 5042 715 5093 ah
741 5043 854 5093 Aurelio
875 5042 1006 5106 episcopo
1029 5039 1122 5091 idaco-
1172 5039 1237 5086 sunt
1262 5036 1345 5088 verba
1367 5039 1457 5090 Pontii
1481 5055 1487 5088 ι
1509 5055 1523 5088 «
1549 5039 1630 5090 Absit
1656 5043 1688 5089 ut
1710 5040 1816 5090 malum
1841 5038 1893 5088 hoc
1914 5036 1977 5084 intra

304 5115 440 5165 madianei
452 5114 599 5166 catholico.
1171 5108 1370 5160 conscientiam
1390 5110 1526 5175 religiosae
1540 5112 1641 5162 mentis
1663 5110 1809 5161 admittam
1823 5114 1856 5160 ut
1875 5106 1908 5158 de
1926 5110 1976 5155 tam

334 5185 383 5246 (aa)
415 5185 480 5234 Cum
509 5184 588 5234 semet
619 5188 726 5233 statum.
755 5183 940 5235 Restituimus
971 5182 1120 5232 lectionem
1170 5177 1330 5231 beatissimo
1344 5186 1466 5246 martyre
1480 5181 1895 5246 ructnshominisjndicaret.s
1963 5246 1966 5253 Ι

302 5259 429 5306 veterum
442 5253 575 5304 librorum
587 5254 690 5318 wihus
709 5267 759 5304 nos
778 5255 821 5304 usi
842 5267 949 5304 sumus.
970 5252 1017 5304 Sic
1036 5253 1120 5303 etiam
1200 5250 1250 5314 (61)
1280 5253 1397 5317 Virgines
1418 5267 1476 5305 eum
1499 5253 1631 5305 crusculis.
1656 5253 1848 5317 Hieronymus
1870 5251 1898 5299 in
1920 5248 1977 5309 lipr-

302 5328 330 5377 in
357 5337 414 5376 uno
439 5323 591 5375 Bodleiano
618 5323 674 5389 legi
702 5327 816 5374 testatur
842 5323 927 5375 editio
956 5323 1117 5387 anglicana.
1169 5319 1238 5369 stota
1259 5321 1295 5371 ud
1313 5322 1428 5373 Panium
1450 5323 1717 5375 Concordiensem:«
1738 5322 1831 5373 Unum
1846 5321 1929 5371 miser
1940 5316 1976 5367 lo·

304 5397 439 5461 Rigaitius
451 5394 583 5456 ediderat,
601 5408 690 5445 «cum
706 5396 734 5444 in
750 5398 823 5445 statu
837 5408 888 5445 suo
909 5407 971 5445 esse
984 5400 1013 5445 et
1027 5395 1120 5445 conti·
1169 5394 1260 5454 culus,
1275 5395 1350 5459 qnod
1366 5396 1487 5460 virgines
1508 5396 1612 5460 sapius
1626 5395 1759 5447 deberent
1773 5408 1841 5446 cum
1859 5390 1977 5442 mutieri-

303 5469 427 5520 nentiam
440 5466 556 5517 firmiter
568 5470 662 5516 tenere
677 5466 860 5517 decreverint.
876 5481 891 5514 a
907 5465 998 5529 Quam
1019 5464 1121 5516 lectio-
1168 5461 1222 5512 hus
1241 5476 1301 5516 esse
1326 5478 1411 5530 quam
1432 5480 1497 5519 cnm
1518 5467 1660 5530 masculis,
1682 5467 1766 5518 totius
1789 5465 1886 5517 ocutos
1908 5459 1977 5511 urbis

303 5552 368 5590 nem
392 5551 444 5603 ego
470 5538 497 5587 in
524 5538 674 5600 exemplari
702 5550 764 5588 meo
790 5537 920 5589 editionis
950 5538 1119 5588 Manutiante
1169 5531 1282 5596 offendi,
1299 5541 1465 5587 cunctorum
1483 5536 1577 5601 digitis
1599 5541 1714 5588 notor.»
1738 5535 1810 5586 Vide
1832 5531 1977 5586 Humiliam

303 5608 359 5659 ridi
388 5609 517 5672 scriptam
542 5608 570 5657 in
597 5607 720 5671 margine
746 5611 773 5657 et
796 5607 854 5658 iilic
876 5606 1033 5659 adnotatam
1057 5620 1118 5658 earn
1169 5606 1258 5655 sancti
1278 5607 1603 5672 ioannisChrysostomi
1623 5608 1752 5659 Aduersus
1777 5620 1821 5657 eos
1844 5606 1890 5670 qui
1911 5598 1978 5665 opud

209 5747 213 5751 ’
301 5751 411 5804 videtur
434 5751 580 5811 Fanensis,
593 5750 623 5799 in
645 5763 702 5814 quo
724 5751 766 5802 sic
787 5751 898 5815 iegitur,
913 5768 927 5797 «
948 5752 1012 5802 'cum
1031 5750 1118 5801 semei
1168 5751 1329 5817 Hominum,
1358 5751 1432 5814 Quod
1456 5752 1593 5818 reputares
1612 5751 1716 5818 semina
1741 5751 1808 5802 viris
1832 5745 1978 5801 coiaiitare

171 5865 207 5894 ,ι
297 5825 327 5878 ia
344 5828 417 5878 statu
436 5826 538 5888 essent,
551 5821 753 5876 continentiam
766 5821 882 5874 tirmiter
902 5825 996 5875 tenere
1014 5820 1113 5889 decre3
1167 5820 1350 5876 nannetensi.

67 5893 165 5993 ie

66 6002 154 6051 ih'il
172 6006 195 6047 τ’

153 5816 166 5826 ,ι

142 5837 157 5854 ¹<

151 5861 158 5883 ὀ

67 5649 255 5820 {N
303 5680 521 5733 esseexcodiee
535 5678 698 5739 Veronensi,
712 5692 778 5730 cum
790 5692 846 5743 quo
866 5680 1022 5730 consentire
1035 5679 1117 5728 etiam
1168 5689 1195 5730 se
1216 5677 1332 5743 virgines
1354 5679 1566 5731 siriintroducias
1590 5679 1693 5741 miani,
1711 5680 1835 5742 itemque
1856 5672 1975 5739 ejusdem

66 5750 133 5851 Bt&

65 5870 78 5897 t,
93 5852 139 5891 *tm
