4090 6188
160 230 163 238 ’
251 235 320 293 loll
527 235 759 295 beurunes,
789 235 1122 297 crearemus-umus
1148 239 1658 298 ueeeuu.1r.-soreostvtr1s.
1844 243 1909 302 1le
2008 269 2009 286 r

254 367 320 418 tens
341 361 410 435 quie
434 361 463 418 in
486 363 611 436 antiquis
633 369 681 421 eat
702 363 850 438 sapientie,
868 370 896 420 et
916 365 1071 422 multorum
1084 365 1215 458 Alectus
1233 373 1275 422 est
1290 381 1343 438 per
1355 365 1512 424 beatissimi
1529 368 1711 424 rroecursoris
1726 368 1832 426 merita.
1845 371 1919 428 Curu-

251 457 411 529 peritorum
429 457 592 528 prudentia.
609 459 778 532 blittensque
797 460 922 516 concitus
943 459 1074 516 accersiri
1125 477 1181 533 que
1196 462 1230 516 de
1245 461 1348 518 eodem
1361 461 1424 517 loco
1443 463 1484 517 eis
1499 463 1608 518 moveri
1623 464 1780 536 placuisset,
1795 465 1923 538 arripiunt

250 551 333 622 jubet
355 552 448 606 virum
470 551 641 623 prudentem
661 570 693 610 oc
712 553 794 610 honis
815 554 947 626 operibus
965 555 1075 626 pollen·
1125 553 1182 610 iter
1201 571 1253 628 per
1275 556 1348 611 riam
1372 573 1437 628 quae
1461 558 1540 612 ducit
1559 558 1595 612 ud
1617 559 1750 630 paludem
1771 563 1924 631 cognomine

253 649 324 711 tem,
339 644 458 700 nomine
474 645 608 716 Felicem,
623 650 654 701 ut
668 647 703 703 de
717 651 797 704 tanta
809 649 959 706 manifesta
969 649 1076 706 visione
1125 649 1311 705 lietherellis.
1327 651 1456 724 Cumque
1479 651 1519 706 eis
1537 651 1745 723 aliquantulum
1759 653 1795 707 ibi
1810 655 1923 726 requies-

253 737 410 794 Domiuum
427 739 565 812 pulsaret,
584 745 614 796 ut
633 742 657 796 ei
678 743 790 799 saltrhre
806 743 954 799 consilium
970 760 1076 815 suggc·
1126 759 1191 798 cere
1217 744 1379 816 placuisset,
1403 760 1466 800 ecce
1488 745 1608 817 qnidam
1630 745 1729 802 debilis
1751 745 1866 817 pedibus
1885 750 1926 820 qui

254 847 318 887 rere
342 832 521 904 dignaretur.
544 834 634 906 lgitur
662 835 780 892 consilio
806 836 954 894 inventum
979 841 1078 894 estut
1127 853 1156 892 se
1180 837 1292 910 erigere
1316 839 1435 894 omnino
1459 839 1605 910 nequibat,
1629 839 1756 912 rependo
1779 857 1807 894 se
1827 842 1927 896 trahens

254 925 348 984 exutis
364 927 488 984 vestibus
506 934 535 986 et
549 931 751 986 calceamentis
767 931 826 986 suis
840 931 870 987 in
887 931 984 986 cinere
997 936 1024 990 et
1036 932 1075 987 ci·
1127 931 1242 987 obviam
1263 931 1304 988 eis
1323 932 1470 1004 precessit.
1493 932 1547 998 Qui
1565 931 1700 989 invocans
1722 934 1852 990 meritum
1862 935 1928 990 beati

252 1019 322 1078 licio
335 1022 420 1078 nudis
436 1023 543 1096 plantis
558 1023 732 1092 incedentes,
746 1023 829 1081 sicuti
850 1026 964 1082 oraculo
982 1026 1078 1084 divino
1126 1027 1256 1096 loannis,
1271 1027 1311 1082 ita
1330 1026 1461 1083 redditus
1475 1030 1518 1082 est
1538 1027 1664 1096 sanitati,
1683 1031 1715 1083 ut
1728 1028 1826 1084 ssrmm
1839 1031 1864 1085 et
1880 1034 1927 1085 sta·

177 1117 182 1126 '
255 1117 420 1175 admonitus
432 1119 537 1190 tuerat,
552 1121 665 1178 obvians
681 1121 799 1179 famulis
815 1121 864 1179 liei
879 1123 1076 1196 procederent.
1127 1120 1194 1176 bilis
1207 1121 1267 1176 sine
1280 1119 1377 1176 dolore
1390 1120 1536 1177 incederet
1549 1137 1615 1176 cnm
1630 1121 1732 1176 turbis.

252 1213 382 1284 Cumque
413 1229 443 1269 sa
468 1218 569 1270 mutuo
598 1215 823 1288 conspexissent,
847 1215 991 1288 jacentes,
1017 1221 1077 1274 tam
1164 1216 1230 1272 Vlll.
1244 1217 1365 1286 tamque
1377 1215 1599 1287 propinquantes
1611 1215 1647 1271 ad
1659 1216 1755 1271 locum
1769 1232 1823 1288 quo
1839 1217 1924 1272 tende·

253 1305 316 1378 ipse
330 1321 419 1381 quarn
434 1309 600 1382 omnesqui
614 1309 1002 1382 ederent,proniinterram
1015 1315 1074 1368 tam
1127 1310 1208 1378 hant,
1224 1325 1311 1380 super
1327 1308 1446 1364 flurium
1461 1309 1617 1365 veltroniae
1630 1310 1667 1366 ad
1680 1310 1818 1382 palatium
1831 1311 1930 1366 nomine

255 1401 303 1456 diu
318 1401 522 1472 adoraverunt,
540 1404 728 1476 quoadusque
746 1404 847 1462 lemuli
863 1407 913 1462 Dei
932 1407 969 1463 ad
983 1408 1079 1464 locum
1130 1403 1225 1478 938
1250 1402 1439 1475 Engeriacum
1467 1408 1671 1476 pervenerunt.
1695 1403 1822 1460 Audiens
1849 1409 1931 1460 eutem

251 1495 300 1550 uhi
315 1495 460 1567 jacebunt,
475 1497 682 1569 pertingerent.
700 1500 831 1572 Cumque
853 1501 1006 1556 Dominum
1022 1502 1072 1558 be·
1128 1499 1223 1554 omnis
1243 1499 1374 1570 populus,
1397 1515 1414 1554 e
1433 1498 1558 1555 maximo
1583 1513 1673 1571 usque
1699 1497 1737 1553 ad
1756 1497 1933 1566 minimuma

253 1588 441 1660 nedixissent‚
457 1595 485 1646 et
498 1607 528 1647 se
542 1591 665 1648 invicem
684 1595 864 1663 salutassent,
881 1595 1011 1651 osculum
1027 1612 1077 1668 pa·
1129 1592 1189 1647 viro
1215 1609 1303 1664 usque
1324 1593 1359 1647 ad
1380 1593 1540 1661 mulierem,
1564 1609 1662 1648 omnes
1686 1592 1774 1647 simul
1801 1593 1830 1646 in
1855 1609 1931 1646 unum

253 1682 292 1740 eis
305 1683 421 1740 sibimet
436 1685 587 1743 dederunt.
602 1689 797 1761 Levantasque
812 1705 842 1744 se
857 1705 874 1744 a
889 1695 973 1756 terre,
985 1690 1077 1762 larry-
1129 1687 1292 1758 conglobati
1307 1687 1417 1741 obvium
1432 1687 1686 1758 eisprocesserunt.
1700 1687 1828 1758 Cumque
1842 1686 1933 1742 ibidem

253 1777 398 1834 mabiliter
413 1779 630 1853 interrogabant
644 1798 674 1838 se
694 1782 827 1854 invicem,
849 1801 904 1856 qua
922 1801 1005 1839 censa
1021 1785 1080 1840 hnc
1092 1756 1118 1828 Β
1129 1784 1196 1835 unte
1212 1781 1350 1852 palatium
1368 1781 1443 1852 regie
1458 1781 1551 1852 Pipini
1571 1781 1776 1852 pervenissem,
1792 1781 1821 1834 in
1835 1780 1932 1835 basilice

252 1883 318 1938 quae
333 1867 462 1924 viderant
483 1875 512 1924 et
532 1869 696 1943 audierant,
712 1873 894 1930 accidissent.
918 1874 965 1928 vir
983 1879 1082 1930 autern
1129 1874 1302 1930 beatissime
1316 1878 1344 1930 et
1358 1874 1568 1946 gloriosissimae
1583 1892 1697 1946 semper
1707 1874 1831 1948 Virginis
1844 1875 1931 1940 llarie,

251 1960 363 2018 Domini
379 1962 457 2018 Felix
474 1967 579 2020 cuncta
590 1964 785 2038 intelligensa
802 1968 860 2024 Deo
874 1983 934 2023 esse
945 1966 1079 2022 menites·
1130 1985 1195 2024 cum
1218 1986 1325 2042 magno
1344 1969 1455 2025 terrore
1475 1972 1504 2024 et
1523 1969 1627 2040 studio,
1644 1969 1719 2024 illico
1735 1969 1772 2023 ad
1792 1969 1932 2024 eustodien-

256 2057 326 2125 teta,
354 2057 460 2112 retexit
484 2057 620 2128 historias
648 2061 891 2132 quemadmodum
916 2063 1079 2134 llierosoly-
1130 2063 1200 2118 dum
1216 2063 1424 2135 deposuerunt.
1440 2065 1618 2135 laetatusque
1641 2063 1932 2134 estuuirersuspopu-

256 2167 335 2205 mam
351 2151 463 2206 adierat
473 2153 613 2208 orationis
628 2155 732 2226 gratia,
747 2155 953 2210 ettheseurum
965 2157 1081 2211 abscon·
1129 2158 1174 2213 lus
1189 2157 1427 2230 laetitiaffmagne,
1448 2161 1477 2212 et
1499 2157 1719 2212 celebraverunt
1739 2156 1932 2212 solemnitatem

254 2245 349 2300 ditum
372 2245 468 2301 divina
487 2247 686 2304 misericordia
707 2248 733 2304 ei
753 2251 936 2306 revelaverat.
956 2251 989 2305 Et
1007 2251 1081 2306 tacta
1130 2251 1215 2323 hujus
1234 2251 1291 2306 diei
1311 2257 1412 2324 quarto
1432 2253 1574 2307 liniendas
1594 2251 1782 2323 Septembris,
1799 2253 1827 2305 et
1846 2249 1935 2305 reversi

254 2339 384 2396 oratione
405 2357 470 2395 curn
495 2358 593 2397 omnes
610 2342 849 2413 respondissent:
867 2348 965 2412 Amen,
984 2342 1078 2418 937
1131 2349 1196 2400 sunt
1212 2347 1405 2418 unusquisque
1420 2347 1455 2401 ed
1478 2345 1638 2402 habitacula
1657 2361 1721 2400 sua.
1747 2345 1835 2416 igitur
1851 2344 1935 2398 beatus

255 2434 375 2489 elevetis
386 2435 464 2490 Felix
481 2435 693 2507 pretiosissimis
706 2438 881 2510 margaritis,
898 2439 989 2510 eapite
1004 2439 1078 2495 scili·
1130 2440 1207 2496 Felix
1223 2445 1251 2496 et
1265 2440 1332 2495 socii
1348 2441 1408 2511 ejus
1421 2457 1485 2495 cum
1500 2439 1664 2496 venerando
1678 2455 1750 2510 rege
1767 2439 1936 2493 intercalare

254 2530 299 2582 cet
313 2528 429 2585 loannis
449 2530 582 2601 Baptista
599 2534 627 2585 et
640 2530 768 2604 reliquiis
782 2532 925 2588 sociorum
940 2533 1000 2604 ejus
1015 2533 1080 2588 hee.
1130 2534 1282 2591 Dominum
1303 2533 1539 2606 deprecabantur,
1557 2517 1651 2588 ut'els
1670 2532 1785 2587 salubre
1803 2530 1934 2586 consilium
2008 2577 2009 2624 ἶ

253 2623 353 2677 torum
367 2629 531 2696 martyrum
546 2625 760 2694 Innocentium,
773 2643 838 2681 cum
852 2626 967 2698 hymnis
981 2629 1010 2682 el
1021 2628 1080 2682 lau·
1129 2635 1307 2702 suggereret,
1323 2628 1460 2701 quonium
1478 2629 1505 2682 in
1527 2629 1587 2681 loeo
1610 2631 1710 2681 sancta
1732 2625 1858 2681 membre
1868 2625 1932 2679 loea—
2008 2643 2009 2704 ᾗ

256 2715 342 2772 dibus
355 2717 541 2789 psallentium
557 2717 656 2790 dirigit
668 2719 798 2774 eborum.
1130 2726 1203 2779 rent.
1225 2722 1461 2795 AEdilicantesque
1477 2721 1635 2789 basilicam,
1650 2725 1678 2776 et
1702 2721 1732 2774 in
1751 2737 1783 2774 ea
1797 2735 1933 2774 concavum
2008 2705 2009 2730 ¹

291 2809 346 2866 Vll.
371 2812 431 2876 Quo
451 2811 560 2882 audito,
584 2818 703 2868 cunctus
726 2813 870 2868 exercitus
896 2815 995 2888 quiin
1020 2832 1079 2870 cas·
1129 2818 1269 2874 ciborium
1296 2833 1361 2872 cnm
1390 2833 1437 2871 sex
1465 2814 1606 2869 eolrrmnis
1634 2813 1809 2869 marmoreis
1839 2811 1936 2868 mir-ilci
2008 2875 2009 2880 ἵ

256 2903 398 2973 triuerat,
421 2905 502 2978 quasi
525 2922 599 2962 uuus
621 2907 664 2961 vir
687 2907 712 2962 ei
737 2907 847 2963 obviem
871 2909 1011 2980 processit
1028 2927 1079 2964 nu.
1129 2914 1223 2984 operis
1248 2913 1321 2967 bene
1349 2909 1526 2982 compositis,
1556 2925 1613 2963 non
1641 2909 1731 2978 longe
1757 2923 1774 2963 a
1801 2905 1935 2960 antronie
2008 2931 2009 2982 3

256 3013 336 3052 mero
348 2997 468 3070 triginta
484 2999 576 3055 millia
594 3000 734 3056 virorum.
751 3003 903 3074 Exsequias
918 3019 983 3058 vero
1001 3020 1078 3058 mor·
1129 3007 1237 3077 littore,
1253 3007 1311 3074 ssd,
1329 3005 1505 3071 uidebimur,
1518 3009 1634 3058 eentum
1648 3002 1760 3058 stodiis.
1775 3003 1870 3072 lnquo
1883 3015 1935 3053 eun
2008 3013 2009 3026 ¹

255 3095 371 3148 tuorum
387 3092 478 3164 quiin
491 3093 590 3165 praelio
605 3099 783 3163 corruerant,
798 3113 892 3152 secum
906 3097 1076 3165 deferentes,
1089 3124 1117 3199 C
1128 3095 1306 3151 aromatibus
1330 3099 1358 3148 et
1378 3092 1508 3166 plurimis
1530 3091 1612 3146 bunis
1633 3091 1772 3146 odoribus
1790 3089 1936 3145 condientes
2008 3079 2009 3092 ¹

257 3187 603 3259 petebanteuxiliumde
626 3190 867 3246 coeloallomino
886 3208 1076 3264 perpraecur·
1130 3195 1216 3262 caput
1247 3188 1326 3244 beuti
1355 3187 1473 3244 loannis
1509 3187 1641 3257 ltaptistae
1672 3184 1744 3238 almi
1775 3179 1936 3256 precursoris
2008 3235 2009 3240 ,

256 3297 353 3336 sorem
374 3297 457 3336 sivum
476 3284 626 3352 ioannem,
642 3289 675 3338 ut
694 3285 774 3354 cujus
796 3284 926 3357 reliquie
945 3286 1078 3358 deporta·
1129 3284 1243 3348 christi,
1270 3289 1298 3338 et
1319 3285 1471 3338 beatorum
1496 3281 1582 3335 trium
1606 3279 1810 3334 innocentium
1834 3291 1936 3347 corpora
2008 3269 2009 3330 ἒ

254 3380 354 3431 rentur
373 3375 469 3431 divina
489 3377 580 3448 gratis
601 3377 784 3434 manifestare
804 3379 988 3451 dignaretur3
1011 3397 1078 3452 pro·
1130 3379 1214 3434 simul
1241 3379 1270 3433 in
1297 3378 1350 3432 hoe
1378 3376 1483 3432 ciborio
1510 3375 1726 3442 concluserunt,
1755 3373 1935 3442 bitumineque
2008 3403 2009 3424 i

255 3468 403 3526 mittentes
432 3485 462 3526 se
488 3475 597 3526 tantem
624 3473 709 3528 sidem
738 3473 853 3542 hebere,
883 3479 913 3528 ut
939 3475 1078 3546 quidquid
1129 3473 1254 3545 sigillato
1270 3471 1447 3526 munierunt.
1465 3469 1588 3526 Domino
1604 3471 1703 3523 autem
1719 3467 1880 3532 auxiliante,
1892 3465 1935 3518 hec

253 3566 425 3636 peteretur,
461 3569 577 3621 sanetus
612 3567 734 3623 ioannes
775 3567 898 3623 Domino
933 3575 1080 3626 annuente
1130 3566 1281 3624 aedilicium
1293 3566 1472 3637 completum
1484 3567 1526 3619 est
1538 3563 1669 3618 feliciter.
1681 3563 1762 3619 Fecit
1775 3561 1859 3617 etiem
1873 3559 1934 3614 iden
2008 3571 2009 3616 t

256 3657 382 3714 tribuere
411 3664 508 3732 posset
532 3679 539 3716 s
564 3659 873 3732 apprehendentesque
898 3664 1078 3734 sportellam,
1129 3661 1305 3718 restantem
1322 3661 1494 3726 ductorium,
1511 3658 1560 3730 qui
1577 3673 1593 3712 e
1615 3657 1730 3712 duobus
1745 3657 1806 3712 tere
1820 3651 1934 3710 milliari-

254 3752 285 3808 in
304 3769 363 3824 qua
381 3753 460 3809 beati
477 3754 592 3809 ioannis
611 3755 746 3826 baptistae
765 3759 850 3826 caput
870 3755 1078 3826 continebatur,
1129 3757 1182 3813 bus
1202 3773 1253 3830 per
1270 3753 1507 3828 profundissimos
1526 3759 1612 3806 terrae
1632 3756 1746 3807 meatus
1766 3751 1803 3806 ed
1818 3746 1935 3822 palatium

255 3852 375 3924 singulis
398 3851 510 3908 feretris
531 3852 739 3924 imposuerunt,
760 3857 890 3909 mortuus
916 3859 1078 3926 tangentes.
1130 3852 1191 3924 ejus
1222 3849 1536 3916 ductus-deoneraret,
1569 3849 1597 3900 et
1627 3847 1656 3901 in
1690 3846 1784 3918 ipsam
1809 3843 1934 3899 basilicam

253 3945 323 4001 llliro
339 3951 428 4019 atque
449 3946 647 4002 inestimabili
667 3945 762 4016 modo,
779 3963 841 4003 mox
859 3951 890 4002 ut
905 3949 1000 4020 tetigit
1015 3965 1079 4004 ossa
1130 3963 1182 4021 per
1203 3947 1314 4001 ferrum
1339 3946 1367 3998 ot
1388 3959 1426 3998 ess
1448 3939 1690 4008 introduceretur,
1709 3955 1742 3995 ae
1765 3939 1860 3994 subtus
1877 3935 1936 3990 cibo·

251 4040 424 4111 jacentium,
440 4041 497 4096 vita
517 4057 570 4113 per
592 4045 736 4097 mortuum
753 4043 874 4098 mortuis
893 4043 1004 4098 reddita
1025 4049 1077 4100 est.
1129 4040 1205 4096 virum
1219 4056 1270 4111 per
1285 4053 1441 4094 concavam
1456 4051 1652 4090 marmoream
1674 4035 1837 4108 columnam
1851 4028 1934 4084 ebulli-

254 4134 444 4190 Surrexerunt
462 4137 561 4189 autem
584 4136 682 4190 eedem
705 4136 776 4191 hora
796 4136 831 4190 ab
851 4135 945 4192 ollieiu
958 4137 1077 4205 toneris,
1129 4140 1174 4190 ret
1188 4153 1195 4188 ε
1211 4133 1309 4205 ibique
1325 4131 1398 4187 seori
1413 4130 1594 4204 baptismatis
1613 4128 1722 4183 ablutio
1737 4129 1819 4183 fieret
1832 4147 1838 4180 :
1852 4125 1933 4194 sieque

254 4225 357 4298 viginti
371 4227 425 4283 riri
448 4234 508 4283 tam
521 4227 652 4283 celeriter
671 4246 703 4284 ae
718 4231 740 4284 si
761 4247 777 4284 a
798 4247 899 4285 somno
920 4234 1015 4286 essent
1030 4248 1077 4286 ex·
1128 4229 1233 4283 iterum
1257 4226 1293 4281 ad
1316 4227 1426 4298 primos
1447 4224 1541 4280 aditus
1561 4222 1773 4278 rellecterelur.
1792 4223 1934 4278 Conversus

254 4321 349 4388 citati;
374 4325 402 4376 et
427 4322 477 4394 qui
507 4338 524 4377 a
550 4323 687 4378 llentibue
713 4324 813 4380 anriois
835 4325 1022 4396 portabantur
1044 4327 1079 4382 ad
1129 4322 1221 4396 igitur
1234 4337 1284 4376 rex
1301 4320 1419 4391 Pipinus
1442 4325 1470 4375 et
1487 4317 1590 4374 heatus
1611 4317 1691 4373 Felix
1706 4314 1933 4388 pontificesetsa·
2008 4369 2009 4390 χ

253 4415 473 4482 tumulandum,
499 4415 601 4472 iisdem
633 4417 822 4489 gaudentibus
852 4419 887 4474 ed
918 4420 1005 4475 vitans
1037 4437 1079 4476 re
1130 4417 1270 4482 cerdotes,
1293 4429 1453 4486 omnesque
1485 4411 1586 4485 patries
1613 4411 1736 4478 nobiles,
1761 4407 1935 4465 benedicentes

254 4509 354 4566 dsunt.
370 4509 475 4566 Videne
494 4515 591 4565 eutem
611 4527 661 4566 rex
678 4510 794 4584 Pipinus
814 4520 843 4568 et
863 4517 983 4569 cunctus
999 4531 1076 4569 exer·
1088 4499 1117 4572 D
1130 4510 1290 4578 ecclesiam,
1306 4515 1393 4581 atque
1416 4508 1445 4563 in
1467 4509 1579 4563 bonore
1599 4505 1731 4578 ejusdem
1753 4501 1864 4560 loannis
1878 4501 1933 4567 liap-

254 4604 327 4660 citus
343 4604 490 4676 magnalia
505 4621 569 4678 quae
591 4607 663 4661 circe
677 4622 724 4660 eos
738 4608 875 4663 Dominus
889 4611 1014 4679 gesserat
1027 4624 1077 4680 per
1128 4607 1201 4660 tistee
1224 4603 1384 4660 dedicando
1408 4599 1528 4658 mirifice
1551 4603 1766 4670 consecrantes,
1789 4595 1894 4670 praediis
1910 4607 1934 4692 ec

253 4715 460 4772 precursorem
486 4717 570 4756 suum
589 4703 726 4757 loannem
749 4700 915 4773 Baptislam,
937 4701 1075 4774 plaudan·
1127 4698 1358 4772 possessionibus
1379 4697 1437 4752 suis
1460 4714 1477 4752 a
1497 4693 1731 4768 progenitoribus
1757 4692 1809 4747 sibi
1830 4687 1933 4745 dimissu

254 4798 297 4848 tes
314 4794 448 4849 manibus
465 4793 677 4850 benedicebant
695 4794 857 4864 Dominum,
874 4795 923 4867 qui
940 4795 1076 4850 tecitmi-
1128 4810 1193 4850 eam
1217 4793 1352 4848 nobiliter
1381 4792 1563 4846 dotaverunt.
1592 4787 1793 4861 ordinatisque
1822 4781 1932 4840 omnibus

254 4887 523 4944 rabiliaineoeloet
541 4889 668 4944 interra.
686 4889 843 4946 Virautem
865 4889 978 4944 Domini
1002 4890 1076 4945 Felix
1127 4886 1308 4952 necessariis,
1328 4885 1486 4942 monachos
1508 4883 1615 4939 ibidem
1641 4883 1697 4938 Deo
1724 4883 1756 4936 in
1775 4883 1927 4954 perpetuum

255 4984 284 5038 et
298 4982 365 5037 socii
381 4982 443 5054 ejus
466 4981 571 5054 gaudio
593 4983 703 5054 repleti,
726 5001 781 5038 una
802 5001 868 5040 eum
886 5001 955 5055 rege
977 4983 1077 5055 Pipino
1129 4982 1284 5038 servituros
1307 4983 1478 5046 statuerunt,
1507 4977 1690 5050 postmodum
1715 4977 1806 5031 multa
1830 4969 1930 5026 lloruino

256 5082 286 5132 et
302 5076 426 5132 exercitu
446 5077 517 5148 ejus,
533 5078 657 5134 levantes
671 5085 755 5150 caput
772 5079 848 5134 beati
863 5095 895 5134 ac
909 5077 1077 5152 praecollen-
1129 5075 1273 5134 mirabilia
1299 5079 1437 5146 operante
1460 5089 1512 5145 per
1538 5072 1678 5127 famulum
1706 5085 1791 5125 suum
1811 5069 1930 5122 loannem

258 5169 357 5224 tissimi
373 5171 554 5242 praecursoris
572 5171 675 5228 Christi
688 5171 804 5227 loannis
819 5172 951 5244 Baptistae
966 5176 994 5227 et
1007 5172 1073 5226 bea·
1131 5170 1300 5242 baptistam.
1317 5168 1445 5224 Tandem
1462 5183 1527 5222 vero
1547 5170 1653 5220 metam
1675 5162 1832 5220 narrationi
1844 5171 1932 5231 ponen-

258 5266 352 5318 torum
367 5265 575 5334 Innocentium,
585 5265 763 5338 eumgaudio
773 5269 802 5320 et
814 5267 914 5321 laetitia
925 5269 979 5322 iter
989 5283 1079 5338 agere
1131 5272 1183 5335 tes,
1200 5281 1315 5320 oremus
1327 5261 1555 5318 immensitatem
1569 5259 1703 5315 bonitatis
1721 5256 1835 5321 Christi,
1850 5255 1877 5306 ut
1891 5261 1931 5302 sue

259 5360 416 5430 coeperunt.
430 5361 558 5430 Cumque
571 5360 648 5416 nulle
663 5377 745 5415 mora
757 5359 839 5414 lieret
852 5361 880 5415 in
889 5361 997 5429 eundo,
1010 5377 1078 5433 per·
1130 5359 1244 5434 potenti
1259 5357 1357 5414 dextre
1371 5355 1501 5412 suffultos
1515 5371 1567 5409 nos
1588 5355 1624 5409 ad
1644 5355 1759 5408 aeternss
1772 5347 1872 5422 qnietis
1883 5347 1930 5396 sta·

259 5453 450 5508 veneruntad
466 5453 621 5525 quemdem
635 5453 742 5524 villam,
756 5469 820 5526 quae
833 5455 997 5527 appellatur
1012 5455 1077 5511 vul·
1129 5454 1240 5510 tionem
1255 5453 1402 5526 perducat,
1418 5450 1468 5523 qui
1483 5449 1552 5506 vivit
1569 5453 1596 5504 et
1618 5449 1720 5519 regnet
1739 5459 1803 5500 etim
1823 5443 1896 5498 Patre
1907 5433 1931 5487 el

257 5546 361 5604 tronis.
373 5546 501 5620 Cumque
512 5546 620 5603 ibidem
630 5549 776 5620 paulisper
786 5549 971 5621 quievissent,
980 5549 1079 5605 obvius
1129 5547 1237 5622 Spiritu
1253 5549 1354 5603 sancto
1366 5561 1419 5617 per
1433 5544 1531 5602 omnia
1544 5541 1661 5600 saecula.

262 5641 303 5700 eis
319 5639 436 5716 quidam
458 5657 550 5698 cerm
570 5641 660 5699 lectus
682 5645 733 5714 est,
754 5643 804 5717 qui
823 5644 922 5702 statim
938 5659 1025 5702 sanus
1038 5643 1078 5701 et·
