<?xml version="1.0" encoding="UTF-8"?>
<!DOCTYPE html PUBLIC "-//W3C//DTD XHTML 1.0 Transitional//EN"
    "http://www.w3.org/TR/xhtml1/DTD/xhtml1-transitional.dtd">
<html xmlns="http://www.w3.org/1999/xhtml" xml:lang="en" lang="en">
 <head>
  <title>
</title>
<meta http-equiv="Content-Type" content="text/html;charset=utf-8" />
  <meta name='ocr-system' content='tesseract 3.04.00' />
  <meta name='ocr-capabilities' content='ocr_page ocr_carea ocr_par ocr_line ocrx_word'/>
</head>
<body>
  <div class='ocr_page' id='page_1' title='image "./patrologiaecurs85unkngoog/patrologiaecurs85unkngoog_0313.png"; bbox 0 0 3986 6208; ppageno 0'>
   <div class='ocr_carea' id='block_1_1' title="bbox 243 183 1887 257">
    <p class='ocr_par' dir='ltr' id='par_1_1' title="bbox 243 151 1957 292">
     <span class='ocr_line' id='line_1_1' title="bbox 243 183 1887 257; baseline -0.003 0"><span class='ocrx_word' id='word_1_1' title='bbox 243 199 294 257; x_wconf 84' lang='lat' dir='ltr'><strong>eu·</strong></span> <span class='ocrx_word' id='word_1_2' title='bbox 450 247 452 252; x_wconf 78' lang='grc'>,</span> <span class='ocrx_word' id='word_1_3' title='bbox 697 191 903 250; x_wconf 72' lang='lat' dir='ltr'><strong>serranus</strong></span> <span class='ocrx_word' id='word_1_4' title='bbox 924 185 1060 250; x_wconf 84' lang='lat' dir='ltr'><strong>arcana</strong></span> <span class='ocrx_word' id='word_1_5' title='bbox 1081 183 1216 250; x_wconf 79' lang='lat' dir='ltr'><strong>rursu.</strong></span> <span class='ocrx_word' id='word_1_6' title='bbox 1237 185 1473 250; x_wconf 77' lang='lat' dir='ltr'><strong>-oauscncu</strong></span> <span class='ocrx_word' id='word_1_7' title='bbox 1520 191 1522 199; x_wconf 56' lang='lat'><strong>¹</strong></span> <span class='ocrx_word' id='word_1_8' title='bbox 1845 199 1887 253; x_wconf 83' lang='lat' dir='ltr'><strong>era</strong></span> 
     </span>
    </p>
   </div>
   <div class='ocr_carea' id='block_1_2' title="bbox 160 317 1913 3294">
    <p class='ocr_par' dir='ltr' id='par_1_2' title="bbox 160 317 1913 3294">
     <span class='ocr_line' id='line_1_2' title="bbox 237 317 1891 405; baseline -0.004 -21"><span class='ocrx_word' id='word_1_9' title='bbox 237 331 329 384; x_wconf 79' lang='lat' dir='ltr'><strong>alatis</strong></span> <span class='ocrx_word' id='word_1_10' title='bbox 345 317 480 392; x_wconf 81' lang='lat' dir='ltr'><strong>evadunt,</strong></span> <span class='ocrx_word' id='word_1_11' title='bbox 498 321 595 398; x_wconf 84' lang='grc'><strong>593</strong></span> <span class='ocrx_word' id='word_1_12' title='bbox 613 323 648 377; x_wconf 88' lang='lat' dir='ltr'><strong>ad</strong></span> <span class='ocrx_word' id='word_1_13' title='bbox 668 321 851 378; x_wconf 72' lang='lat' dir='ltr'><strong>coutinentia</strong></span> <span class='ocrx_word' id='word_1_14' title='bbox 872 324 957 393; x_wconf 88' lang='lat' dir='ltr'><strong>atque</strong></span> <span class='ocrx_word' id='word_1_15' title='bbox 978 321 1057 375; x_wconf 80' lang='lat' dir='ltr'><strong>iuno</strong></span> <span class='ocrx_word' id='word_1_16' title='bbox 1068 321 1163 405; x_wconf 62' lang='lat' dir='ltr'><strong>Aliae</strong></span> <span class='ocrx_word' id='word_1_17' title='bbox 1190 335 1236 374; x_wconf 89' lang='lat' dir='ltr'><strong>me</strong></span> <span class='ocrx_word' id='word_1_18' title='bbox 1262 336 1331 391; x_wconf 86' lang='lat' dir='ltr'><strong>ergo</strong></span> <span class='ocrx_word' id='word_1_19' title='bbox 1359 319 1388 372; x_wconf 92' lang='lat' dir='ltr'><strong>in</strong></span> <span class='ocrx_word' id='word_1_20' title='bbox 1414 318 1547 390; x_wconf 80' lang='lat' dir='ltr'><strong>praesenti</strong></span> <span class='ocrx_word' id='word_1_21' title='bbox 1573 319 1739 376; x_wconf 73' lang='lat' dir='ltr'>mortalitate</span> <span class='ocrx_word' id='word_1_22' title='bbox 1761 325 1891 378; x_wconf 83' lang='lat' dir='ltr'><strong>contristat</strong></span> 
     </span>
     <span class='ocr_line' id='line_1_3' title="bbox 239 411 1891 494; baseline -0.002 -18"><span class='ocrx_word' id='word_1_23' title='bbox 239 424 342 479; x_wconf 78' lang='lat' dir='ltr'><strong>cantiae</strong></span> <span class='ocrx_word' id='word_1_24' title='bbox 356 421 507 494; x_wconf 76' lang='lat' dir='ltr'><strong>preamium</strong></span> <span class='ocrx_word' id='word_1_25' title='bbox 522 415 833 488; x_wconf 86' lang='lat' dir='ltr'><strong>lelicitarparreniuai,</strong></span> <span class='ocrx_word' id='word_1_26' title='bbox 847 417 988 470; x_wconf 89' lang='lat' dir='ltr'><strong>tormenta</strong></span> <span class='ocrx_word' id='word_1_27' title='bbox 997 415 1056 485; x_wconf 82' lang='lat' dir='ltr'><strong>jam</strong></span> <span class='ocrx_word' id='word_1_28' title='bbox 1107 413 1183 484; x_wconf 90' lang='lat' dir='ltr'><strong>quod</strong></span> <span class='ocrx_word' id='word_1_29' title='bbox 1199 411 1246 484; x_wconf 92' lang='lat' dir='ltr'><strong>qui</strong></span> <span class='ocrx_word' id='word_1_30' title='bbox 1268 415 1382 484; x_wconf 87' lang='lat' dir='ltr'><strong>paratus</strong></span> <span class='ocrx_word' id='word_1_31' title='bbox 1403 413 1439 466; x_wconf 91' lang='lat' dir='ltr'><strong>ad</strong></span> <span class='ocrx_word' id='word_1_32' title='bbox 1460 412 1667 468; x_wconf 82' lang='lat' dir='ltr'><strong>confessionem</strong></span> <span class='ocrx_word' id='word_1_33' title='bbox 1688 415 1799 485; x_wconf 84' lang='lat' dir='ltr'><strong>fueram,</strong></span> <span class='ocrx_word' id='word_1_34' title='bbox 1821 423 1846 471; x_wconf 89' lang='lat' dir='ltr'><strong>et</strong></span> <span class='ocrx_word' id='word_1_35' title='bbox 1862 421 1891 472; x_wconf 89' lang='lat' dir='ltr'><strong>ad</strong></span> 
     </span>
     <span class='ocr_line' id='line_1_4' title="bbox 239 506 1895 580; baseline -0.005 -8"><span class='ocrx_word' id='word_1_36' title='bbox 239 517 385 572; x_wconf 87' lang='lat' dir='ltr'><strong>celeritate</strong></span> <span class='ocrx_word' id='word_1_37' title='bbox 408 514 514 568; x_wconf 90' lang='lat' dir='ltr'><strong>lucrata</strong></span> <span class='ocrx_word' id='word_1_38' title='bbox 539 517 673 566; x_wconf 89' lang='lat' dir='ltr'><strong>matrona</strong></span> <span class='ocrx_word' id='word_1_39' title='bbox 700 512 764 580; x_wconf 81' lang='grc'>(38),</span> <span class='ocrx_word' id='word_1_40' title='bbox 790 515 897 564; x_wconf 91' lang='lat' dir='ltr'><strong>metum</strong></span> <span class='ocrx_word' id='word_1_41' title='bbox 923 523 1056 578; x_wconf 89' lang='lat' dir='ltr'><strong>parsecu-</strong></span> <span class='ocrx_word' id='word_1_42' title='bbox 1109 507 1293 562; x_wconf 89' lang='lat' dir='ltr'><strong>tolerantiam</strong></span> <span class='ocrx_word' id='word_1_43' title='bbox 1316 506 1527 578; x_wconf 87' lang='lat' dir='ltr'><strong>passionistoto</strong></span> <span class='ocrx_word' id='word_1_44' title='bbox 1549 522 1596 561; x_wconf 90' lang='lat' dir='ltr'><strong>me</strong></span> <span class='ocrx_word' id='word_1_45' title='bbox 1617 507 1698 562; x_wconf 89' lang='lat' dir='ltr'><strong>corde</strong></span> <span class='ocrx_word' id='word_1_46' title='bbox 1718 515 1743 562; x_wconf 88' lang='lat' dir='ltr'><strong>et</strong></span> <span class='ocrx_word' id='word_1_47' title='bbox 1761 509 1895 579; x_wconf 88' lang='lat' dir='ltr'><strong>plenarir-</strong></span> 
     </span>
     <span class='ocr_line' id='line_1_5' title="bbox 238 594 1894 674; baseline -0.002 -15"><span class='ocrx_word' id='word_1_48' title='bbox 238 604 323 659; x_wconf 90' lang='lat' dir='ltr'><strong>lionis</strong></span> <span class='ocrx_word' id='word_1_49' title='bbox 349 608 376 658; x_wconf 93' lang='lat' dir='ltr'><strong>at</strong></span> <span class='ocrx_word' id='word_1_50' title='bbox 402 619 505 656; x_wconf 91' lang='lat' dir='ltr'><strong>manus</strong></span> <span class='ocrx_word' id='word_1_51' title='bbox 528 600 727 672; x_wconf 78' lang='lat' dir='ltr'><strong>cruciatusque</strong></span> <span class='ocrx_word' id='word_1_52' title='bbox 751 597 892 653; x_wconf 90' lang='lat' dir='ltr'><strong>carnilicis</strong></span> <span class='ocrx_word' id='word_1_53' title='bbox 915 594 1056 651; x_wconf 88' lang='lat' dir='ltr'><strong>moriendi</strong></span> <span class='ocrx_word' id='word_1_54' title='bbox 1107 606 1168 656; x_wconf 86' lang='lat' dir='ltr'><strong>tute</strong></span> <span class='ocrx_word' id='word_1_55' title='bbox 1188 601 1367 668; x_wconf 79' lang='lat' dir='ltr'>devoveram,</span> <span class='ocrx_word' id='word_1_56' title='bbox 1385 599 1480 674; x_wconf 76' lang='lat'><strong>594</strong></span> <span class='ocrx_word' id='word_1_57' title='bbox 1500 598 1636 671; x_wconf 80' lang='lat' dir='ltr'><strong>martyrio</strong></span> <span class='ocrx_word' id='word_1_58' title='bbox 1656 617 1715 656; x_wconf 90' lang='lat' dir='ltr'><strong>mea</strong></span> <span class='ocrx_word' id='word_1_59' title='bbox 1730 601 1823 672; x_wconf 87' lang='lat' dir='ltr'><strong>priror,</strong></span> <span class='ocrx_word' id='word_1_60' title='bbox 1836 603 1894 658; x_wconf 91' lang='lat' dir='ltr'><strong>dum</strong></span> 
     </span>
     <span class='ocr_line' id='line_1_6' title="bbox 238 690 1895 764; baseline -0.002 -11"><span class='ocrx_word' id='word_1_61' title='bbox 238 698 382 753; x_wconf 88' lang='lat' dir='ltr'><strong>celeritate</strong></span> <span class='ocrx_word' id='word_1_62' title='bbox 403 697 522 751; x_wconf 89' lang='lat' dir='ltr'><strong>lucrata.</strong></span> <span class='ocrx_word' id='word_1_63' title='bbox 547 696 649 749; x_wconf 78' lang='lat' dir='ltr'><strong>Pavore</strong></span> <span class='ocrx_word' id='word_1_64' title='bbox 673 691 856 748; x_wconf 69' lang='lat' dir='ltr'><strong>mortalitatis</strong></span> <span class='ocrx_word' id='word_1_65' title='bbox 874 694 903 745; x_wconf 92' lang='lat' dir='ltr'><strong>et</strong></span> <span class='ocrx_word' id='word_1_66' title='bbox 923 690 1058 760; x_wconf 90' lang='lat' dir='ltr'><strong>temporis</strong></span> <span class='ocrx_word' id='word_1_67' title='bbox 1109 698 1200 748; x_wconf 87' lang='lat' dir='ltr'><strong>morta</strong></span> <span class='ocrx_word' id='word_1_68' title='bbox 1229 693 1395 764; x_wconf 74' lang='lat' dir='ltr'><strong>praevenior.</strong></span> <span class='ocrx_word' id='word_1_69' title='bbox 1421 694 1514 748; x_wconf 87' lang='lat' dir='ltr'><strong>Primo</strong></span> <span class='ocrx_word' id='word_1_70' title='bbox 1539 695 1568 748; x_wconf 90' lang='lat' dir='ltr'><strong>in</strong></span> <span class='ocrx_word' id='word_1_71' title='bbox 1594 693 1731 748; x_wconf 90' lang='lat' dir='ltr'><strong>loconou</strong></span> <span class='ocrx_word' id='word_1_72' title='bbox 1752 693 1895 752; x_wconf 84' lang='lat' dir='ltr'><strong>estiatur</strong></span> 
     </span>
     <span class='ocr_line' id='line_1_7' title="bbox 237 783 1895 860; baseline -0.002 -12"><span class='ocrx_word' id='word_1_73' title='bbox 237 791 432 848; x_wconf 88' lang='lat' dir='ltr'><strong>accenduntur</strong></span> <span class='ocrx_word' id='word_1_74' title='bbox 459 788 559 860; x_wconf 88' lang='lat' dir='ltr'><strong>tepidi,</strong></span> <span class='ocrx_word' id='word_1_75' title='bbox 586 786 821 858; x_wconf 84' lang='lat' dir='ltr'><strong>constringuntur</strong></span> <span class='ocrx_word' id='word_1_76' title='bbox 844 783 964 850; x_wconf 90' lang='lat' dir='ltr'><strong>remissi,</strong></span> <span class='ocrx_word' id='word_1_77' title='bbox 986 783 1059 839; x_wconf 80' lang='lat' dir='ltr'><strong>erci—</strong></span> <span class='ocrx_word' id='word_1_78' title='bbox 1108 791 1258 860; x_wconf 86' lang='lat' dir='ltr'><strong>potestate,</strong></span> <span class='ocrx_word' id='word_1_79' title='bbox 1274 789 1323 842; x_wconf 87' lang='lat' dir='ltr'><strong>sed</strong></span> <span class='ocrx_word' id='word_1_80' title='bbox 1349 787 1377 842; x_wconf 92' lang='lat' dir='ltr'><strong>iu</strong></span> <span class='ocrx_word' id='word_1_81' title='bbox 1402 789 1451 843; x_wconf 86' lang='lat' dir='ltr'><strong>[lai</strong></span> <span class='ocrx_word' id='word_1_82' title='bbox 1476 787 1645 859; x_wconf 78' lang='lat' dir='ltr'><strong>dignatione</strong></span> <span class='ocrx_word' id='word_1_83' title='bbox 1664 787 1834 859; x_wconf 77' lang='lat' dir='ltr'><strong>martyrium,</strong></span> <span class='ocrx_word' id='word_1_84' title='bbox 1854 807 1895 844; x_wconf 88' lang='lat' dir='ltr'><strong>nec</strong></span> 
     </span>
     <span class='ocr_line' id='line_1_8' title="bbox 239 877 1895 955; baseline -0.004 -13"><span class='ocrx_word' id='word_1_85' title='bbox 239 889 339 942; x_wconf 87' lang='lat' dir='ltr'><strong>tantur</strong></span> <span class='ocrx_word' id='word_1_86' title='bbox 353 883 458 955; x_wconf 86' lang='lat' dir='ltr'><strong>ignavi,</strong></span> <span class='ocrx_word' id='word_1_87' title='bbox 475 884 634 938; x_wconf 77' lang='lat' dir='ltr'><strong>desertores</strong></span> <span class='ocrx_word' id='word_1_88' title='bbox 649 881 863 952; x_wconf 84' lang='lat' dir='ltr'><strong>conrpallunlur</strong></span> <span class='ocrx_word' id='word_1_89' title='bbox 882 880 913 931; x_wconf 92' lang='lat' dir='ltr'><strong>ul</strong></span> <span class='ocrx_word' id='word_1_90' title='bbox 931 877 1057 945; x_wconf 88' lang='lat' dir='ltr'><strong>redeant,</strong></span> <span class='ocrx_word' id='word_1_91' title='bbox 1108 885 1188 953; x_wconf 88' lang='lat' dir='ltr'><strong>potes</strong></span> <span class='ocrx_word' id='word_1_92' title='bbox 1201 885 1228 935; x_wconf 89' lang='lat' dir='ltr'><strong>te</strong></span> <span class='ocrx_word' id='word_1_93' title='bbox 1244 881 1338 936; x_wconf 89' lang='lat' dir='ltr'><strong>dicere</strong></span> <span class='ocrx_word' id='word_1_94' title='bbox 1354 881 1511 952; x_wconf 78' lang='lat' dir='ltr'><strong>perdidisse</strong></span> <span class='ocrx_word' id='word_1_95' title='bbox 1528 881 1605 952; x_wconf 85' lang='lat' dir='ltr'><strong>qrrod</strong></span> <span class='ocrx_word' id='word_1_96' title='bbox 1622 881 1710 936; x_wconf 87' lang='lat' dir='ltr'><strong>nescis</strong></span> <span class='ocrx_word' id='word_1_97' title='bbox 1723 899 1757 936; x_wconf 90' lang='lat' dir='ltr'><strong>an</strong></span> <span class='ocrx_word' id='word_1_98' title='bbox 1776 885 1895 937; x_wconf 88' lang='lat' dir='ltr'><strong>mercaris</strong></span> 
     </span>
     <span class='ocr_line' id='line_1_9' title="bbox 241 971 1898 1052; baseline -0.008 -17"><span class='ocrx_word' id='word_1_99' title='bbox 241 979 362 1052; x_wconf 84' lang='lat' dir='ltr'><strong>gentiles</strong></span> <span class='ocrx_word' id='word_1_100' title='bbox 382 980 524 1048; x_wconf 89' lang='lat' dir='ltr'><strong>coguntur</strong></span> <span class='ocrx_word' id='word_1_101' title='bbox 538 982 569 1031; x_wconf 93' lang='lat' dir='ltr'><strong>ut</strong></span> <span class='ocrx_word' id='word_1_102' title='bbox 585 975 713 1043; x_wconf 89' lang='lat' dir='ltr'><strong>credant,</strong></span> <span class='ocrx_word' id='word_1_103' title='bbox 729 980 809 1029; x_wconf 86' lang='lat' dir='ltr'><strong>vetus</strong></span> <span class='ocrx_word' id='word_1_104' title='bbox 823 971 949 1027; x_wconf 86' lang='lat' dir='ltr'><strong>fidelium</strong></span> <span class='ocrx_word' id='word_1_105' title='bbox 968 987 1057 1042; x_wconf 87' lang='lat' dir='ltr'><strong>popu·</strong></span> <span class='ocrx_word' id='word_1_106' title='bbox 1109 975 1249 1047; x_wconf 81' lang='lat' dir='ltr'><strong>eeoipere.</strong></span> <span class='ocrx_word' id='word_1_107' title='bbox 1274 976 1351 1030; x_wconf 81' lang='lat' dir='ltr'><strong>Tune</strong></span> <span class='ocrx_word' id='word_1_108' title='bbox 1371 973 1473 1031; x_wconf 81' lang='lat' dir='ltr'><strong>deinde</strong></span> <span class='ocrx_word' id='word_1_109' title='bbox 1495 975 1569 1030; x_wconf 80' lang='lat' dir='ltr'><strong>Deus</strong></span> <span class='ocrx_word' id='word_1_110' title='bbox 1589 978 1726 1030; x_wconf 77' lang='lat' dir='ltr'><strong>semtator</strong></span> <span class='ocrx_word' id='word_1_111' title='bbox 1745 975 1767 1009; x_wconf 70' lang='grc' dir='ltr'><strong>ιι</strong></span> <span class='ocrx_word' id='word_1_112' title='bbox 1788 976 1856 1029; x_wconf 73' lang='lat' dir='ltr'><strong>renis</strong></span> <span class='ocrx_word' id='word_1_113' title='bbox 1874 981 1898 1031; x_wconf 78' lang='lat' dir='ltr'><strong>ot</strong></span> 
     </span>
     <span class='ocr_line' id='line_1_10' title="bbox 240 1064 1897 1144; baseline -0.004 -14"><span class='ocrx_word' id='word_1_114' title='bbox 240 1074 284 1130; x_wconf 91' lang='lat' dir='ltr'><strong>lus</strong></span> <span class='ocrx_word' id='word_1_115' title='bbox 304 1073 341 1127; x_wconf 92' lang='lat' dir='ltr'><strong>ad</strong></span> <span class='ocrx_word' id='word_1_116' title='bbox 361 1073 488 1144; x_wconf 88' lang='lat' dir='ltr'><strong>quietern</strong></span> <span class='ocrx_word' id='word_1_117' title='bbox 507 1076 632 1136; x_wconf 89' lang='lat' dir='ltr'><strong>vocatur,</strong></span> <span class='ocrx_word' id='word_1_118' title='bbox 647 1067 682 1124; x_wconf 86' lang='lat' dir='ltr'><strong>ad</strong></span> <span class='ocrx_word' id='word_1_119' title='bbox 706 1067 797 1122; x_wconf 89' lang='lat' dir='ltr'><strong>aciem</strong></span> <span class='ocrx_word' id='word_1_120' title='bbox 811 1081 910 1120; x_wconf 89' lang='lat' dir='ltr'><strong>recens</strong></span> <span class='ocrx_word' id='word_1_121' title='bbox 924 1067 954 1119; x_wconf 89' lang='lat' dir='ltr'><strong>al</strong></span> <span class='ocrx_word' id='word_1_122' title='bbox 968 1064 1060 1136; x_wconf 90' lang='lat' dir='ltr'><strong>copio-</strong></span> <span class='ocrx_word' id='word_1_123' title='bbox 1110 1069 1205 1125; x_wconf 78' lang='lat' dir='ltr'><strong>cordis</strong></span> <span class='ocrx_word' id='word_1_124' title='bbox 1225 1073 1252 1125; x_wconf 84' lang='lat' dir='ltr'><strong>et</strong></span> <span class='ocrx_word' id='word_1_125' title='bbox 1266 1069 1442 1124; x_wconf 79' lang='lat' dir='ltr'><strong>occultorum</strong></span> <span class='ocrx_word' id='word_1_126' title='bbox 1461 1068 1668 1141; x_wconf 84' lang='lat' dir='ltr'><strong>contemplator</strong></span> <span class='ocrx_word' id='word_1_127' title='bbox 1686 1073 1713 1122; x_wconf 87' lang='lat' dir='ltr'><strong>et</strong></span> <span class='ocrx_word' id='word_1_128' title='bbox 1730 1067 1847 1140; x_wconf 79' lang='lat' dir='ltr'><strong>cognitor</strong></span> <span class='ocrx_word' id='word_1_129' title='bbox 1865 1068 1897 1123; x_wconf 90' lang='lat' dir='ltr'><strong>ri-</strong></span> 
     </span>
     <span class='ocr_line' id='line_1_11' title="bbox 243 1159 1898 1238; baseline -0.004 -15"><span class='ocrx_word' id='word_1_130' title='bbox 243 1184 291 1223; x_wconf 89' lang='lat' dir='ltr'><strong>sus</strong></span> <span class='ocrx_word' id='word_1_131' title='bbox 306 1167 360 1238; x_wconf 82' lang='grc'>(39)</span> <span class='ocrx_word' id='word_1_132' title='bbox 382 1165 524 1222; x_wconf 83' lang='lat' dir='ltr'><strong>exercitus</strong></span> <span class='ocrx_word' id='word_1_133' title='bbox 549 1164 650 1218; x_wconf 89' lang='lat' dir='ltr'><strong>robore</strong></span> <span class='ocrx_word' id='word_1_134' title='bbox 671 1161 787 1216; x_wconf 81' lang='lat' dir='ltr'><strong>fortiora</strong></span> <span class='ocrx_word' id='word_1_135' title='bbox 811 1159 965 1230; x_wconf 79' lang='lat' dir='ltr'><strong>colligitur,</strong></span> <span class='ocrx_word' id='word_1_136' title='bbox 985 1174 1058 1230; x_wconf 88' lang='lat' dir='ltr'><strong>pug-</strong></span> <span class='ocrx_word' id='word_1_137' title='bbox 1109 1163 1158 1218; x_wconf 91' lang='lat' dir='ltr'><strong>det</strong></span> <span class='ocrx_word' id='word_1_138' title='bbox 1170 1166 1197 1218; x_wconf 89' lang='lat' dir='ltr'><strong>le</strong></span> <span class='ocrx_word' id='word_1_139' title='bbox 1210 1166 1239 1218; x_wconf 88' lang='lat' dir='ltr'><strong>et</strong></span> <span class='ocrx_word' id='word_1_140' title='bbox 1252 1162 1348 1218; x_wconf 90' lang='lat' dir='ltr'><strong>laudat</strong></span> <span class='ocrx_word' id='word_1_141' title='bbox 1360 1165 1390 1217; x_wconf 91' lang='lat' dir='ltr'><strong>el</strong></span> <span class='ocrx_word' id='word_1_142' title='bbox 1404 1161 1584 1235; x_wconf 85' lang='lat' dir='ltr'><strong>comprobat,</strong></span> <span class='ocrx_word' id='word_1_143' title='bbox 1597 1165 1627 1217; x_wconf 88' lang='lat' dir='ltr'><strong>et</strong></span> <span class='ocrx_word' id='word_1_144' title='bbox 1639 1161 1687 1234; x_wconf 92' lang='lat' dir='ltr'><strong>qui</strong></span> <span class='ocrx_word' id='word_1_145' title='bbox 1702 1161 1824 1233; x_wconf 85' lang='lat' dir='ltr'><strong>perspicit</strong></span> <span class='ocrx_word' id='word_1_146' title='bbox 1834 1163 1898 1233; x_wconf 87' lang='lat' dir='ltr'><strong>apud</strong></span> 
     </span>
     <span class='ocr_line' id='line_1_12' title="bbox 243 1251 1898 1328; baseline -0.004 -12"><span class='ocrx_word' id='word_1_147' title='bbox 243 1267 364 1318; x_wconf 88' lang='lat' dir='ltr'><strong>naturus</strong></span> <span class='ocrx_word' id='word_1_148' title='bbox 378 1259 439 1314; x_wconf 92' lang='lat' dir='ltr'><strong>siue</strong></span> <span class='ocrx_word' id='word_1_149' title='bbox 450 1263 527 1314; x_wconf 90' lang='lat' dir='ltr'><strong>metu</strong></span> <span class='ocrx_word' id='word_1_150' title='bbox 541 1256 641 1312; x_wconf 88' lang='lat' dir='ltr'><strong>mortis</strong></span> <span class='ocrx_word' id='word_1_151' title='bbox 653 1271 718 1310; x_wconf 91' lang='lat' dir='ltr'><strong>cum</strong></span> <span class='ocrx_word' id='word_1_152' title='bbox 730 1253 863 1326; x_wconf 67' lang='lat' dir='ltr'><strong>paralium</strong></span> <span class='ocrx_word' id='word_1_153' title='bbox 876 1253 997 1320; x_wconf 86' lang='lat' dir='ltr'><strong>venerit,</strong></span> <span class='ocrx_word' id='word_1_154' title='bbox 1011 1251 1061 1323; x_wconf 83' lang='lat' dir='ltr'><strong>qui</strong></span> <span class='ocrx_word' id='word_1_155' title='bbox 1110 1261 1138 1312; x_wconf 84' lang='lat' dir='ltr'><strong>te</strong></span> <span class='ocrx_word' id='word_1_156' title='bbox 1153 1259 1281 1328; x_wconf 79' lang='lat' dir='ltr'><strong>perstem</strong></span> <span class='ocrx_word' id='word_1_157' title='bbox 1295 1256 1382 1311; x_wconf 86' lang='lat' dir='ltr'><strong>luisse</strong></span> <span class='ocrx_word' id='word_1_158' title='bbox 1397 1255 1541 1324; x_wconf 82' lang='lat' dir='ltr'><strong>virtutem,</strong></span> <span class='ocrx_word' id='word_1_159' title='bbox 1556 1255 1655 1311; x_wconf 86' lang='lat' dir='ltr'><strong>reddet</strong></span> <span class='ocrx_word' id='word_1_160' title='bbox 1665 1271 1715 1327; x_wconf 89' lang='lat' dir='ltr'><strong>pro</strong></span> <span class='ocrx_word' id='word_1_161' title='bbox 1727 1255 1823 1310; x_wconf 83' lang='lat' dir='ltr'><strong>virtute</strong></span> <span class='ocrx_word' id='word_1_162' title='bbox 1836 1272 1898 1310; x_wconf 90' lang='lat' dir='ltr'><strong>mar·</strong></span> 
     </span>
     <span class='ocr_line' id='line_1_13' title="bbox 241 1347 1899 1423; baseline -0.005 -13"><span class='ocrx_word' id='word_1_163' title='bbox 241 1355 278 1411; x_wconf 85' lang='lat' dir='ltr'><strong>ed</strong></span> <span class='ocrx_word' id='word_1_164' title='bbox 293 1354 424 1410; x_wconf 89' lang='lat' dir='ltr'><strong>militiam</strong></span> <span class='ocrx_word' id='word_1_165' title='bbox 438 1358 567 1423; x_wconf 90' lang='lat' dir='ltr'><strong>tempore</strong></span> <span class='ocrx_word' id='word_1_166' title='bbox 580 1348 760 1406; x_wconf 81' lang='lat' dir='ltr'><strong>mortalitatis</strong></span> <span class='ocrx_word' id='word_1_167' title='bbox 774 1347 893 1404; x_wconf 87' lang='lat' dir='ltr'><strong>accedit.</strong></span> <span class='ocrx_word' id='word_1_168' title='bbox 1110 1351 1220 1407; x_wconf 88' lang='lat' dir='ltr'><strong>cedem.</strong></span> <span class='ocrx_word' id='word_1_169' title='bbox 1237 1350 1380 1422; x_wconf 88' lang='lat' dir='ltr'><strong>Numquid</strong></span> <span class='ocrx_word' id='word_1_170' title='bbox 1391 1349 1458 1404; x_wconf 81' lang='lat' dir='ltr'><strong>Caio</strong></span> <span class='ocrx_word' id='word_1_171' title='bbox 1467 1365 1533 1405; x_wconf 90' lang='lat' dir='ltr'><strong>cum</strong></span> <span class='ocrx_word' id='word_1_172' title='bbox 1548 1351 1605 1404; x_wconf 88' lang='lat' dir='ltr'><strong>[leo</strong></span> <span class='ocrx_word' id='word_1_173' title='bbox 1618 1365 1722 1404; x_wconf 92' lang='lat' dir='ltr'><strong>munus</strong></span> <span class='ocrx_word' id='word_1_174' title='bbox 1736 1348 1841 1403; x_wconf 84' lang='lat' dir='ltr'><strong>offerret</strong></span> <span class='ocrx_word' id='word_1_175' title='bbox 1848 1348 1899 1418; x_wconf 87' lang='lat' dir='ltr'><strong>jem</strong></span> 
     </span>
     <span class='ocr_line' id='line_1_14' title="bbox 277 1437 1900 1517; baseline -0.005 -14"><span class='ocrx_word' id='word_1_176' title='bbox 277 1437 342 1503; x_wconf 89' lang='lat' dir='ltr'><strong>lllll.</strong></span> <span class='ocrx_word' id='word_1_177' title='bbox 364 1445 415 1512; x_wconf 80' lang='lat' dir='ltr'><strong>Qui</strong></span> <span class='ocrx_word' id='word_1_178' title='bbox 439 1445 541 1501; x_wconf 89' lang='lat' dir='ltr'><strong>deinde</strong></span> <span class='ocrx_word' id='word_1_179' title='bbox 561 1443 644 1512; x_wconf 90' lang='lat' dir='ltr'><strong>illud,</strong></span> <span class='ocrx_word' id='word_1_180' title='bbox 660 1443 762 1498; x_wconf 86' lang='lat' dir='ltr'><strong>iratres</strong></span> <span class='ocrx_word' id='word_1_181' title='bbox 780 1439 965 1507; x_wconf 83' lang='lat' dir='ltr'><strong>dilectissimi,</strong></span> <span class='ocrx_word' id='word_1_182' title='bbox 979 1441 1061 1512; x_wconf 83' lang='lat' dir='ltr'><strong>quala</strong></span> <span class='ocrx_word' id='word_1_183' title='bbox 1110 1449 1273 1517; x_wconf 80' lang='lat' dir='ltr'><strong>peremerat</strong></span> <span class='ocrx_word' id='word_1_184' title='bbox 1295 1444 1434 1500; x_wconf 78' lang='lat' dir='ltr'><strong>tratrem?</strong></span> <span class='ocrx_word' id='word_1_185' title='bbox 1449 1445 1482 1500; x_wconf 84' lang='lat' dir='ltr'><strong>Et</strong></span> <span class='ocrx_word' id='word_1_186' title='bbox 1503 1448 1598 1498; x_wconf 75' lang='lat' dir='ltr'><strong>umen</strong></span> <span class='ocrx_word' id='word_1_187' title='bbox 1621 1441 1798 1514; x_wconf 89' lang='lat' dir='ltr'><strong>parricidium</strong></span> <span class='ocrx_word' id='word_1_188' title='bbox 1819 1447 1900 1496; x_wconf 89' lang='lat' dir='ltr'><strong>menta</strong></span> 
     </span>
     <span class='ocr_line' id='line_1_15' title="bbox 241 1533 1901 1612; baseline -0.007 -12"><span class='ocrx_word' id='word_1_189' title='bbox 241 1547 294 1611; x_wconf 83' lang='lat' dir='ltr'><strong>est,</strong></span> <span class='ocrx_word' id='word_1_190' title='bbox 309 1556 397 1612; x_wconf 85' lang='lat' dir='ltr'><strong>quam</strong></span> <span class='ocrx_word' id='word_1_191' title='bbox 415 1539 570 1611; x_wconf 82' lang='lat' dir='ltr'><strong>pertinens,</strong></span> <span class='ocrx_word' id='word_1_192' title='bbox 584 1553 668 1609; x_wconf 88' lang='lat' dir='ltr'><strong>quam</strong></span> <span class='ocrx_word' id='word_1_193' title='bbox 689 1534 892 1603; x_wconf 87' lang='lat' dir='ltr'><strong>necessarium,</strong></span> <span class='ocrx_word' id='word_1_194' title='bbox 906 1533 981 1606; x_wconf 88' lang='lat' dir='ltr'><strong>quod</strong></span> <span class='ocrx_word' id='word_1_195' title='bbox 996 1549 1060 1604; x_wconf 83' lang='lat' dir='ltr'><strong>pes·</strong></span> <span class='ocrx_word' id='word_1_196' title='bbox 1111 1540 1281 1610; x_wconf 88' lang='lat' dir='ltr'><strong>conceptum</strong></span> <span class='ocrx_word' id='word_1_197' title='bbox 1304 1538 1378 1593; x_wconf 87' lang='lat' dir='ltr'><strong>Deus</strong></span> <span class='ocrx_word' id='word_1_198' title='bbox 1397 1537 1534 1609; x_wconf 79' lang='lat' dir='ltr'><strong>providus</strong></span> <span class='ocrx_word' id='word_1_199' title='bbox 1555 1539 1621 1592; x_wconf 89' lang='lat' dir='ltr'><strong>ante</strong></span> <span class='ocrx_word' id='word_1_200' title='bbox 1642 1535 1791 1592; x_wconf 82' lang='lat' dir='ltr'><strong>damnarit.</strong></span> <span class='ocrx_word' id='word_1_201' title='bbox 1809 1536 1840 1590; x_wconf 91' lang='lat' dir='ltr'><strong>Ul</strong></span> <span class='ocrx_word' id='word_1_202' title='bbox 1856 1535 1901 1588; x_wconf 91' lang='lat' dir='ltr'><strong>illic</strong></span> 
     </span>
     <span class='ocr_line' id='line_1_16' title="bbox 241 1627 1902 1704; baseline -0.008 -13"><span class='ocrx_word' id='word_1_203' title='bbox 241 1635 278 1692; x_wconf 90' lang='lat' dir='ltr'><strong>tis</strong></span> <span class='ocrx_word' id='word_1_204' title='bbox 305 1635 356 1690; x_wconf 88' lang='lat' dir='ltr'><strong>ista</strong></span> <span class='ocrx_word' id='word_1_205' title='bbox 379 1639 409 1689; x_wconf 91' lang='lat' dir='ltr'><strong>at</strong></span> <span class='ocrx_word' id='word_1_206' title='bbox 430 1633 502 1702; x_wconf 91' lang='lat' dir='ltr'><strong>lues,</strong></span> <span class='ocrx_word' id='word_1_207' title='bbox 528 1649 592 1704; x_wconf 80' lang='lat' dir='ltr'><strong>quae</strong></span> <span class='ocrx_word' id='word_1_208' title='bbox 611 1630 755 1686; x_wconf 89' lang='lat' dir='ltr'><strong>horribilis</strong></span> <span class='ocrx_word' id='word_1_209' title='bbox 777 1632 805 1684; x_wconf 86' lang='lat' dir='ltr'><strong>el</strong></span> <span class='ocrx_word' id='word_1_210' title='bbox 828 1627 1059 1694; x_wconf 86' lang='lat' dir='ltr'><strong>laralisvidelur,</strong></span> <span class='ocrx_word' id='word_1_211' title='bbox 1112 1632 1245 1704; x_wconf 78' lang='lat' dir='ltr'><strong>cogitatio</strong></span> <span class='ocrx_word' id='word_1_212' title='bbox 1273 1631 1349 1686; x_wconf 83' lang='lat' dir='ltr'><strong>mala</strong></span> <span class='ocrx_word' id='word_1_213' title='bbox 1377 1633 1407 1685; x_wconf 88' lang='lat' dir='ltr'><strong>et</strong></span> <span class='ocrx_word' id='word_1_214' title='bbox 1432 1630 1595 1704; x_wconf 75' lang='lat' dir='ltr'><strong>perniciosa</strong></span> <span class='ocrx_word' id='word_1_215' title='bbox 1620 1629 1763 1701; x_wconf 80' lang='lat' dir='ltr'><strong>conceptio</strong></span> <span class='ocrx_word' id='word_1_216' title='bbox 1783 1627 1834 1700; x_wconf 77' lang='lat' dir='ltr'><strong>(il)</strong></span> <span class='ocrx_word' id='word_1_217' title='bbox 1856 1629 1902 1683; x_wconf 86' lang='lat' dir='ltr'><strong>lieo</strong></span> 
     </span>
     <span class='ocr_line' id='line_1_17' title="bbox 160 1700 1904 1802; baseline -0.005 -18"><span class='ocrx_word' id='word_1_218' title='bbox 160 1797 163 1802; x_wconf 28' lang='grc' dir='ltr'>Ι</span> <span class='ocrx_word' id='word_1_219' title='bbox 241 1729 373 1801; x_wconf 83' lang='lat' dir='ltr'><strong>explorat</strong></span> <span class='ocrx_word' id='word_1_220' title='bbox 393 1725 532 1798; x_wconf 86' lang='lat' dir='ltr'><strong>justitiam</strong></span> <span class='ocrx_word' id='word_1_221' title='bbox 555 1724 746 1798; x_wconf 89' lang='lat' dir='ltr'><strong>singulorum,</strong></span> <span class='ocrx_word' id='word_1_222' title='bbox 760 1726 788 1778; x_wconf 90' lang='lat' dir='ltr'><strong>el</strong></span> <span class='ocrx_word' id='word_1_223' title='bbox 807 1728 919 1778; x_wconf 87' lang='lat' dir='ltr'><strong>mentes</strong></span> <span class='ocrx_word' id='word_1_224' title='bbox 942 1700 1099 1776; x_wconf 84' lang='lat' dir='ltr'><strong>humaniB</strong></span> <span class='ocrx_word' id='word_1_225' title='bbox 1111 1725 1278 1798; x_wconf 86' lang='lat' dir='ltr'><strong>providente</strong></span> <span class='ocrx_word' id='word_1_226' title='bbox 1292 1725 1474 1797; x_wconf 68' lang='lat' dir='ltr'><strong>prospectaii</strong></span> <span class='ocrx_word' id='word_1_227' title='bbox 1484 1727 1536 1792; x_wconf 90' lang='lat' dir='ltr'><strong>ast,</strong></span> <span class='ocrx_word' id='word_1_228' title='bbox 1546 1723 1587 1779; x_wconf 85' lang='lat' dir='ltr'><strong>ite</strong></span> <span class='ocrx_word' id='word_1_229' title='bbox 1597 1728 1625 1779; x_wconf 91' lang='lat' dir='ltr'><strong>et</strong></span> <span class='ocrx_word' id='word_1_230' title='bbox 1635 1724 1666 1778; x_wconf 93' lang='lat' dir='ltr'><strong>in</strong></span> <span class='ocrx_word' id='word_1_231' title='bbox 1680 1722 1729 1778; x_wconf 84' lang='lat' dir='ltr'><strong>uei</strong></span> <span class='ocrx_word' id='word_1_232' title='bbox 1743 1721 1904 1792; x_wconf 86' lang='lat' dir='ltr'><strong>serris,apud</strong></span> 
     </span>
     <span class='ocr_line' id='line_1_18' title="bbox 242 1814 1903 1895; baseline -0.005 -17"><span class='ocrx_word' id='word_1_233' title='bbox 242 1822 355 1895; x_wconf 90' lang='lat' dir='ltr'><strong>generis</strong></span> <span class='ocrx_word' id='word_1_234' title='bbox 383 1819 539 1889; x_wconf 85' lang='lat' dir='ltr'><strong>examinat,</strong></span> <span class='ocrx_word' id='word_1_235' title='bbox 564 1835 600 1874; x_wconf 90' lang='lat' dir='ltr'><strong>aa</strong></span> <span class='ocrx_word' id='word_1_236' title='bbox 627 1817 751 1872; x_wconf 84' lang='lat' dir='ltr'><strong>infirmis</strong></span> <span class='ocrx_word' id='word_1_237' title='bbox 777 1817 902 1871; x_wconf 84' lang='lat' dir='ltr'><strong>serviant</strong></span> <span class='ocrx_word' id='word_1_238' title='bbox 930 1814 1002 1882; x_wconf 90' lang='lat' dir='ltr'><strong>sani,</strong></span> <span class='ocrx_word' id='word_1_239' title='bbox 1024 1831 1060 1869; x_wconf 89' lang='lat' dir='ltr'><strong>an</strong></span> <span class='ocrx_word' id='word_1_240' title='bbox 1111 1835 1184 1892; x_wconf 88' lang='lat' dir='ltr'><strong>quos</strong></span> <span class='ocrx_word' id='word_1_241' title='bbox 1197 1818 1337 1874; x_wconf 78' lang='lat' dir='ltr'><strong>confessio</strong></span> <span class='ocrx_word' id='word_1_242' title='bbox 1350 1819 1493 1891; x_wconf 87' lang='lat' dir='ltr'><strong>cogitatur</strong></span> <span class='ocrx_word' id='word_1_243' title='bbox 1507 1821 1537 1874; x_wconf 88' lang='lat' dir='ltr'><strong>et</strong></span> <span class='ocrx_word' id='word_1_244' title='bbox 1552 1817 1722 1889; x_wconf 86' lang='lat' dir='ltr'><strong>martyrium</strong></span> <span class='ocrx_word' id='word_1_245' title='bbox 1742 1822 1831 1872; x_wconf 89' lang='lat' dir='ltr'><strong>mente</strong></span> <span class='ocrx_word' id='word_1_246' title='bbox 1847 1831 1903 1870; x_wconf 91' lang='lat' dir='ltr'><strong>cou-</strong></span> 
     </span>
     <span class='ocr_line' id='line_1_19' title="bbox 243 1909 1905 1989; baseline -0.005 -19"><span class='ocrx_word' id='word_1_247' title='bbox 243 1915 400 1989; x_wconf 88' lang='lat' dir='ltr'><strong>propioqui</strong></span> <span class='ocrx_word' id='word_1_248' title='bbox 426 1919 563 1985; x_wconf 86' lang='lat' dir='ltr'><strong>cognatos</strong></span> <span class='ocrx_word' id='word_1_249' title='bbox 584 1912 629 1984; x_wconf 88' lang='lat' dir='ltr'><strong>pie</strong></span> <span class='ocrx_word' id='word_1_250' title='bbox 655 1911 788 1983; x_wconf 84' lang='lat' dir='ltr'><strong>diligent,</strong></span> <span class='ocrx_word' id='word_1_251' title='bbox 812 1927 849 1964; x_wconf 88' lang='lat' dir='ltr'><strong>an</strong></span> <span class='ocrx_word' id='word_1_252' title='bbox 877 1909 1061 1964; x_wconf 83' lang='lat' dir='ltr'><strong>misereantur</strong></span> <span class='ocrx_word' id='word_1_253' title='bbox 1111 1912 1225 1985; x_wconf 87' lang='lat' dir='ltr'><strong>cipitur,</strong></span> <span class='ocrx_word' id='word_1_254' title='bbox 1239 1913 1351 1968; x_wconf 88' lang='lat' dir='ltr'><strong>animus</strong></span> <span class='ocrx_word' id='word_1_255' title='bbox 1372 1912 1409 1967; x_wconf 88' lang='lat' dir='ltr'><strong>ed</strong></span> <span class='ocrx_word' id='word_1_256' title='bbox 1428 1912 1536 1968; x_wconf 90' lang='lat' dir='ltr'><strong>bonum</strong></span> <span class='ocrx_word' id='word_1_257' title='bbox 1559 1911 1672 1967; x_wconf 90' lang='lat' dir='ltr'><strong>deditus</strong></span> <span class='ocrx_word' id='word_1_258' title='bbox 1691 1912 1747 1966; x_wconf 84' lang='lat' dir='ltr'><strong>ileo</strong></span> <span class='ocrx_word' id='word_1_259' title='bbox 1765 1909 1851 1981; x_wconf 88' lang='lat' dir='ltr'><strong>judice</strong></span> <span class='ocrx_word' id='word_1_260' title='bbox 1867 1925 1905 1962; x_wconf 90' lang='lat' dir='ltr'><strong>co·</strong></span> 
     </span>
     <span class='ocr_line' id='line_1_20' title="bbox 243 2001 1907 2079; baseline -0.007 -14"><span class='ocrx_word' id='word_1_261' title='bbox 243 2025 393 2066; x_wconf 83' lang='lat' dir='ltr'><strong>servorum</strong></span> <span class='ocrx_word' id='word_1_262' title='bbox 420 2007 622 2079; x_wconf 83' lang='lat' dir='ltr'><strong>languentium</strong></span> <span class='ocrx_word' id='word_1_263' title='bbox 653 2003 781 2072; x_wconf 91' lang='lat' dir='ltr'><strong>domini,</strong></span> <span class='ocrx_word' id='word_1_264' title='bbox 812 2021 848 2059; x_wconf 91' lang='lat' dir='ltr'><strong>au</strong></span> <span class='ocrx_word' id='word_1_265' title='bbox 876 2005 1061 2074; x_wconf 84' lang='lat' dir='ltr'><strong>deprecantes</strong></span> <span class='ocrx_word' id='word_1_266' title='bbox 1111 2012 1240 2062; x_wconf 70' lang='lat' dir='ltr'><strong>renatus.</strong></span> <span class='ocrx_word' id='word_1_267' title='bbox 1261 2006 1346 2062; x_wconf 78' lang='lat' dir='ltr'><strong>Aliud</strong></span> <span class='ocrx_word' id='word_1_268' title='bbox 1360 2010 1403 2062; x_wconf 79' lang='lat' dir='ltr'><strong>est</strong></span> <span class='ocrx_word' id='word_1_269' title='bbox 1423 2005 1560 2078; x_wconf 79' lang='lat' dir='ltr'><strong>martyrio</strong></span> <span class='ocrx_word' id='word_1_270' title='bbox 1581 2004 1709 2060; x_wconf 83' lang='lat' dir='ltr'><strong>animum</strong></span> <span class='ocrx_word' id='word_1_271' title='bbox 1728 2004 1831 2069; x_wconf 80' lang='lat' dir='ltr'><strong>deesse,</strong></span> <span class='ocrx_word' id='word_1_272' title='bbox 1843 2001 1907 2057; x_wconf 85' lang='lat' dir='ltr'><strong>aliud</strong></span> 
     </span>
     <span class='ocr_line' id='line_1_21' title="bbox 243 2096 1909 2175; baseline -0.008 -12"><span class='ocrx_word' id='word_1_273' title='bbox 243 2120 336 2175; x_wconf 81' lang='lat' dir='ltr'><strong>egros</strong></span> <span class='ocrx_word' id='word_1_274' title='bbox 351 2119 409 2158; x_wconf 88' lang='lat' dir='ltr'><strong>non</strong></span> <span class='ocrx_word' id='word_1_275' title='bbox 429 2101 562 2162; x_wconf 84' lang='lat' dir='ltr'><strong>deserant</strong></span> <span class='ocrx_word' id='word_1_276' title='bbox 580 2098 694 2166; x_wconf 81' lang='lat' dir='ltr'><strong>medici,</strong></span> <span class='ocrx_word' id='word_1_277' title='bbox 715 2115 750 2153; x_wconf 85' lang='lat' dir='ltr'><strong>eo</strong></span> <span class='ocrx_word' id='word_1_278' title='bbox 768 2098 876 2152; x_wconf 76' lang='lat' dir='ltr'><strong>tereres</strong></span> <span class='ocrx_word' id='word_1_279' title='bbox 897 2096 1060 2171; x_wconf 62' lang='lat' dir='ltr'><strong>violentiam</strong></span> <span class='ocrx_word' id='word_1_280' title='bbox 1111 2101 1209 2156; x_wconf 86' lang='lat' dir='ltr'><strong>animo</strong></span> <span class='ocrx_word' id='word_1_281' title='bbox 1229 2100 1352 2156; x_wconf 83' lang='lat' dir='ltr'><strong>defuisse</strong></span> <span class='ocrx_word' id='word_1_282' title='bbox 1367 2099 1537 2172; x_wconf 82' lang='lat' dir='ltr'><strong>martyrium</strong></span> <span class='ocrx_word' id='word_1_283' title='bbox 1553 2099 1619 2170; x_wconf 76' lang='lat' dir='ltr'><strong>(iet.</strong></span> <span class='ocrx_word' id='word_1_284' title='bbox 1634 2099 1753 2163; x_wconf 83' lang='lat' dir='ltr'><strong>Qualem</strong></span> <span class='ocrx_word' id='word_1_285' title='bbox 1773 2103 1800 2152; x_wconf 82' lang='lat' dir='ltr'><strong>te</strong></span> <span class='ocrx_word' id='word_1_286' title='bbox 1818 2097 1909 2151; x_wconf 81' lang='lat' dir='ltr'><strong>invenit</strong></span> 
     </span>
     <span class='ocr_line' id='line_1_22' title="bbox 242 2189 1907 2268; baseline -0.005 -15"><span class='ocrx_word' id='word_1_287' title='bbox 242 2213 323 2254; x_wconf 90' lang='lat' dir='ltr'><strong>suam</strong></span> <span class='ocrx_word' id='word_1_288' title='bbox 348 2195 554 2268; x_wconf 87' lang='lat' dir='ltr'><strong>comprimant,</strong></span> <span class='ocrx_word' id='word_1_289' title='bbox 581 2210 617 2248; x_wconf 90' lang='lat' dir='ltr'><strong>au</strong></span> <span class='ocrx_word' id='word_1_290' title='bbox 645 2209 759 2264; x_wconf 88' lang='lat' dir='ltr'><strong>rapaces</strong></span> <span class='ocrx_word' id='word_1_291' title='bbox 786 2190 915 2247; x_wconf 72' lang='lat' dir='ltr'><strong>avaritias</strong></span> <span class='ocrx_word' id='word_1_292' title='bbox 941 2189 1061 2245; x_wconf 86' lang='lat' dir='ltr'><strong>iurantis</strong></span> <span class='ocrx_word' id='word_1_293' title='bbox 1112 2194 1247 2250; x_wconf 87' lang='lat' dir='ltr'><strong>[lominus</strong></span> <span class='ocrx_word' id='word_1_294' title='bbox 1277 2211 1343 2250; x_wconf 91' lang='lat' dir='ltr'><strong>cum</strong></span> <span class='ocrx_word' id='word_1_295' title='bbox 1373 2199 1470 2262; x_wconf 82' lang='lat' dir='ltr'><strong>vocat,</strong></span> <span class='ocrx_word' id='word_1_296' title='bbox 1499 2192 1586 2249; x_wconf 86' lang='lat' dir='ltr'><strong>talem</strong></span> <span class='ocrx_word' id='word_1_297' title='bbox 1616 2193 1725 2264; x_wconf 88' lang='lat' dir='ltr'><strong>pariter</strong></span> <span class='ocrx_word' id='word_1_298' title='bbox 1750 2196 1778 2247; x_wconf 90' lang='lat' dir='ltr'><strong>et</strong></span> <span class='ocrx_word' id='word_1_299' title='bbox 1795 2190 1907 2262; x_wconf 86' lang='lat' dir='ltr'><strong>judicat,</strong></span> 
     </span>
     <span class='ocr_line' id='line_1_23' title="bbox 242 2284 1909 2360; baseline -0.006 -13"><span class='ocrx_word' id='word_1_300' title='bbox 242 2291 437 2350; x_wconf 79' lang='lat' dir='ltr'><strong>insatiabilem</strong></span> <span class='ocrx_word' id='word_1_301' title='bbox 459 2304 574 2360; x_wconf 86' lang='lat' dir='ltr'><strong>semper</strong></span> <span class='ocrx_word' id='word_1_302' title='bbox 591 2286 723 2342; x_wconf 90' lang='lat' dir='ltr'><strong>ardorem</strong></span> <span class='ocrx_word' id='word_1_303' title='bbox 738 2286 783 2342; x_wconf 86' lang='lat' dir='ltr'><strong>rel</strong></span> <span class='ocrx_word' id='word_1_304' title='bbox 797 2289 876 2340; x_wconf 90' lang='lat' dir='ltr'><strong>melu</strong></span> <span class='ocrx_word' id='word_1_305' title='bbox 893 2284 993 2340; x_wconf 92' lang='lat' dir='ltr'><strong>mortis</strong></span> <span class='ocrx_word' id='word_1_306' title='bbox 1014 2298 1060 2339; x_wconf 89' lang='lat' dir='ltr'><strong>cx·</strong></span> <span class='ocrx_word' id='word_1_307' title='bbox 1111 2287 1224 2360; x_wconf 88' lang='lat' dir='ltr'><strong>quando</strong></span> <span class='ocrx_word' id='word_1_308' title='bbox 1238 2288 1298 2360; x_wconf 88' lang='lat' dir='ltr'><strong>ipse</strong></span> <span class='ocrx_word' id='word_1_309' title='bbox 1314 2293 1434 2344; x_wconf 89' lang='lat' dir='ltr'><strong>testatur</strong></span> <span class='ocrx_word' id='word_1_310' title='bbox 1445 2291 1474 2343; x_wconf 90' lang='lat' dir='ltr'><strong>et</strong></span> <span class='ocrx_word' id='word_1_311' title='bbox 1486 2287 1563 2343; x_wconf 89' lang='lat' dir='ltr'><strong>dicat</strong></span> <span class='ocrx_word' id='word_1_312' title='bbox 1576 2303 1583 2340; x_wconf 83' lang='lat' dir='ltr'><strong><em>z</em></strong></span> <span class='ocrx_word' id='word_1_313' title='bbox 1595 2289 1630 2343; x_wconf 87' lang='lat' dir='ltr'><strong>Et</strong></span> <span class='ocrx_word' id='word_1_314' title='bbox 1641 2289 1726 2342; x_wconf 72' lang='lat' dir='ltr'><strong>sucat</strong></span> <span class='ocrx_word' id='word_1_315' title='bbox 1740 2300 1824 2341; x_wconf 81' lang='lat' dir='ltr'><strong>omae</strong></span> <span class='ocrx_word' id='word_1_316' title='bbox 1837 2284 1909 2340; x_wconf 83' lang='lat' dir='ltr'><strong>Eccle-</strong></span> 
     </span>
     <span class='ocr_line' id='line_1_24' title="bbox 243 2378 1910 2458; baseline -0.007 -16"><span class='ocrx_word' id='word_1_317' title='bbox 243 2387 402 2458; x_wconf 86' lang='lat' dir='ltr'><strong>stinguaat,</strong></span> <span class='ocrx_word' id='word_1_318' title='bbox 425 2400 461 2439; x_wconf 90' lang='lat' dir='ltr'><strong>au</strong></span> <span class='ocrx_word' id='word_1_319' title='bbox 483 2381 623 2438; x_wconf 87' lang='lat' dir='ltr'><strong>cervicem</strong></span> <span class='ocrx_word' id='word_1_320' title='bbox 642 2381 757 2436; x_wconf 85' lang='lat' dir='ltr'><strong>flectant</strong></span> <span class='ocrx_word' id='word_1_321' title='bbox 781 2379 909 2451; x_wconf 88' lang='lat' dir='ltr'><strong>superbi,</strong></span> <span class='ocrx_word' id='word_1_322' title='bbox 924 2395 960 2433; x_wconf 89' lang='lat' dir='ltr'><strong>an</strong></span> <span class='ocrx_word' id='word_1_323' title='bbox 974 2378 1060 2433; x_wconf 90' lang='lat' dir='ltr'><strong>auda-</strong></span> <span class='ocrx_word' id='word_1_324' title='bbox 1111 2385 1159 2438; x_wconf 80' lang='lat' dir='ltr'><strong>sia</strong></span> <span class='ocrx_word' id='word_1_325' title='bbox 1170 2385 1236 2453; x_wconf 84' lang='lat' dir='ltr'><strong>quia</strong></span> <span class='ocrx_word' id='word_1_326' title='bbox 1254 2399 1301 2452; x_wconf 78' lang='lat' dir='ltr'><strong>epo</strong></span> <span class='ocrx_word' id='word_1_327' title='bbox 1321 2399 1379 2438; x_wconf 86' lang='lat' dir='ltr'><strong>sum</strong></span> <span class='ocrx_word' id='word_1_328' title='bbox 1397 2386 1535 2437; x_wconf 83' lang='lat' dir='ltr'><strong>serutucor</strong></span> <span class='ocrx_word' id='word_1_329' title='bbox 1553 2383 1625 2436; x_wconf 74' lang='lat' dir='ltr'><strong>rann</strong></span> <span class='ocrx_word' id='word_1_330' title='bbox 1637 2385 1665 2436; x_wconf 88' lang='lat' dir='ltr'><strong>et</strong></span> <span class='ocrx_word' id='word_1_331' title='bbox 1677 2381 1764 2436; x_wconf 85' lang='lat' dir='ltr'><strong>cardis</strong></span> <span class='ocrx_word' id='word_1_332' title='bbox 1777 2379 1873 2452; x_wconf 71' lang='lat' dir='ltr'><strong>(Apu,</strong></span> <span class='ocrx_word' id='word_1_333' title='bbox 1886 2394 1910 2446; x_wconf 92' lang='lat' dir='ltr'><strong>u,</strong></span> 
     </span>
     <span class='ocr_line' id='line_1_25' title="bbox 244 2471 1910 2547; baseline -0.008 -13"><span class='ocrx_word' id='word_1_334' title='bbox 244 2477 441 2535; x_wconf 87' lang='lat' dir='ltr'><strong>ciamlenianl</strong></span> <span class='ocrx_word' id='word_1_335' title='bbox 457 2477 481 2511; x_wconf 76' lang='lat'><strong>¹⁴</strong></span> <span class='ocrx_word' id='word_1_336' title='bbox 497 2475 633 2547; x_wconf 88' lang='lat' dir='ltr'><strong>improbi,</strong></span> <span class='ocrx_word' id='word_1_337' title='bbox 648 2491 684 2529; x_wconf 89' lang='lat' dir='ltr'><strong>an</strong></span> <span class='ocrx_word' id='word_1_338' title='bbox 699 2471 1060 2544; x_wconf 85' lang='lat' dir='ltr'><strong>pe1·eunlibusrlraris,vel</strong></span> <span class='ocrx_word' id='word_1_339' title='bbox 1110 2477 1166 2546; x_wconf 72' lang='lat'><strong>23).</strong></span> <span class='ocrx_word' id='word_1_340' title='bbox 1189 2477 1245 2530; x_wconf 81' lang='lat' dir='ltr'><strong>Nee</strong></span> <span class='ocrx_word' id='word_1_341' title='bbox 1270 2476 1347 2531; x_wconf 83' lang='lat' dir='ltr'><strong>enim</strong></span> <span class='ocrx_word' id='word_1_342' title='bbox 1368 2476 1441 2530; x_wconf 82' lang='lat' dir='ltr'><strong>Deos</strong></span> <span class='ocrx_word' id='word_1_343' title='bbox 1467 2473 1640 2546; x_wconf 78' lang='lat' dir='ltr'><strong>sanguinem</strong></span> <span class='ocrx_word' id='word_1_344' title='bbox 1665 2477 1793 2528; x_wconf 80' lang='lat' dir='ltr'><strong>nostram</strong></span> <span class='ocrx_word' id='word_1_345' title='bbox 1816 2471 1910 2527; x_wconf 87' lang='lat' dir='ltr'><strong>deside-</strong></span> 
     </span>
     <span class='ocr_line' id='line_1_26' title="bbox 243 2565 1910 2643; baseline -0.008 -15"><span class='ocrx_word' id='word_1_346' title='bbox 243 2573 283 2628; x_wconf 86' lang='lat' dir='ltr'><strong>sic</strong></span> <span class='ocrx_word' id='word_1_347' title='bbox 308 2571 415 2643; x_wconf 86' lang='lat' dir='ltr'><strong>aliquid</strong></span> <span class='ocrx_word' id='word_1_348' title='bbox 437 2570 536 2626; x_wconf 87' lang='lat' dir='ltr'><strong>divites</strong></span> <span class='ocrx_word' id='word_1_349' title='bbox 557 2567 752 2640; x_wconf 88' lang='lat' dir='ltr'><strong>indigentibus</strong></span> <span class='ocrx_word' id='word_1_350' title='bbox 773 2565 827 2638; x_wconf 80' lang='lat' dir='ltr'><strong>(to)</strong></span> <span class='ocrx_word' id='word_1_351' title='bbox 849 2565 1010 2637; x_wconf 84' lang='lat' dir='ltr'><strong>largiantur</strong></span> <span class='ocrx_word' id='word_1_352' title='bbox 1034 2569 1062 2618; x_wconf 88' lang='lat' dir='ltr'><strong>et</strong></span> <span class='ocrx_word' id='word_1_353' title='bbox 1112 2571 1158 2624; x_wconf 80' lang='lat' dir='ltr'><strong>rat</strong></span> <span class='ocrx_word' id='word_1_354' title='bbox 1175 2569 1198 2604; x_wconf 65' lang='grc' dir='ltr'><strong>ιι</strong></span> <span class='ocrx_word' id='word_1_355' title='bbox 1220 2568 1286 2640; x_wconf 76' lang='lat'><strong>(43),</strong></span> <span class='ocrx_word' id='word_1_356' title='bbox 1306 2569 1355 2624; x_wconf 83' lang='lat' dir='ltr'><strong>sed</strong></span> <span class='ocrx_word' id='word_1_357' title='bbox 1377 2567 1462 2624; x_wconf 86' lang='lat' dir='ltr'><strong>iidem</strong></span> <span class='ocrx_word' id='word_1_358' title='bbox 1482 2568 1595 2639; x_wconf 81' lang='lat' dir='ltr'><strong>quaerit.</strong></span> <span class='ocrx_word' id='word_1_359' title='bbox 1612 2568 1681 2622; x_wconf 82' lang='lat' dir='ltr'><strong>uam</strong></span> <span class='ocrx_word' id='word_1_360' title='bbox 1704 2583 1757 2622; x_wconf 85' lang='lat' dir='ltr'><strong>nee</strong></span> <span class='ocrx_word' id='word_1_361' title='bbox 1774 2565 1910 2630; x_wconf 77' lang='lat' dir='ltr'><strong>Abrabam,</strong></span> 
     </span>
     <span class='ocr_line' id='line_1_27' title="bbox 244 2659 1912 2730; baseline -0.007 -8"><span class='ocrx_word' id='word_1_362' title='bbox 244 2663 353 2722; x_wconf 88' lang='lat' dir='ltr'><strong>donent</strong></span> <span class='ocrx_word' id='word_1_363' title='bbox 366 2666 428 2720; x_wconf 87' lang='lat' dir='ltr'><strong>sine</strong></span> <span class='ocrx_word' id='word_1_364' title='bbox 442 2663 553 2719; x_wconf 72' lang='lat' dir='ltr'><strong>herede</strong></span> <span class='ocrx_word' id='word_1_365' title='bbox 570 2660 716 2718; x_wconf 91' lang='lat' dir='ltr'><strong>morituril</strong></span> <span class='ocrx_word' id='word_1_366' title='bbox 734 2661 770 2716; x_wconf 92' lang='lat' dir='ltr'><strong>Ut</strong></span> <span class='ocrx_word' id='word_1_367' title='bbox 780 2659 852 2714; x_wconf 90' lang='lat' dir='ltr'><strong>nibil</strong></span> <span class='ocrx_word' id='word_1_368' title='bbox 865 2659 941 2714; x_wconf 91' lang='lat' dir='ltr'><strong>aliud</strong></span> <span class='ocrx_word' id='word_1_369' title='bbox 956 2661 1060 2713; x_wconf 87' lang='lat' dir='ltr'><strong>morta·</strong></span> <span class='ocrx_word' id='word_1_370' title='bbox 1114 2679 1167 2718; x_wconf 89' lang='lat' dir='ltr'><strong>nec</strong></span> <span class='ocrx_word' id='word_1_371' title='bbox 1186 2664 1271 2730; x_wconf 87' lang='lat' dir='ltr'><strong>isaac,</strong></span> <span class='ocrx_word' id='word_1_372' title='bbox 1288 2679 1339 2718; x_wconf 87' lang='lat' dir='ltr'><strong>uec</strong></span> <span class='ocrx_word' id='word_1_373' title='bbox 1356 2661 1441 2717; x_wconf 86' lang='lat' dir='ltr'><strong>laceb</strong></span> <span class='ocrx_word' id='word_1_374' title='bbox 1464 2661 1547 2717; x_wconf 90' lang='lat' dir='ltr'><strong>occisi</strong></span> <span class='ocrx_word' id='word_1_375' title='bbox 1561 2665 1638 2730; x_wconf 91' lang='lat' dir='ltr'><strong>sunt,</strong></span> <span class='ocrx_word' id='word_1_376' title='bbox 1657 2665 1685 2716; x_wconf 88' lang='lat' dir='ltr'><strong>et</strong></span> <span class='ocrx_word' id='word_1_377' title='bbox 1701 2665 1796 2716; x_wconf 89' lang='lat' dir='ltr'><strong>lamen</strong></span> <span class='ocrx_word' id='word_1_378' title='bbox 1809 2659 1868 2714; x_wconf 82' lang='lat' dir='ltr'><strong>fidei</strong></span> <span class='ocrx_word' id='word_1_379' title='bbox 1887 2674 1912 2710; x_wconf 88' lang='lat' dir='ltr'><strong>ac</strong></span> 
     </span>
     <span class='ocr_line' id='line_1_28' title="bbox 243 2750 1913 2826; baseline -0.007 -10"><span class='ocrx_word' id='word_1_380' title='bbox 243 2761 307 2816; x_wconf 87' lang='lat' dir='ltr'><strong>litas</strong></span> <span class='ocrx_word' id='word_1_381' title='bbox 328 2759 380 2814; x_wconf 89' lang='lat' dir='ltr'><strong>isla</strong></span> <span class='ocrx_word' id='word_1_382' title='bbox 402 2757 564 2823; x_wconf 90' lang='lat' dir='ltr'><strong>contulerit,</strong></span> <span class='ocrx_word' id='word_1_383' title='bbox 588 2756 641 2810; x_wconf 87' lang='lat' dir='ltr'><strong>lrac</strong></span> <span class='ocrx_word' id='word_1_384' title='bbox 668 2753 834 2809; x_wconf 85' lang='lat' dir='ltr'><strong>Christianis</strong></span> <span class='ocrx_word' id='word_1_385' title='bbox 858 2759 887 2808; x_wconf 90' lang='lat' dir='ltr'><strong>et</strong></span> <span class='ocrx_word' id='word_1_386' title='bbox 906 2753 953 2808; x_wconf 88' lang='lat' dir='ltr'><strong>Dei</strong></span> <span class='ocrx_word' id='word_1_387' title='bbox 977 2752 1063 2808; x_wconf 85' lang='lat' dir='ltr'><strong>servis</strong></span> <span class='ocrx_word' id='word_1_388' title='bbox 1109 2755 1228 2826; x_wconf 76' lang='lat' dir='ltr'><strong>justitiae</strong></span> <span class='ocrx_word' id='word_1_389' title='bbox 1257 2755 1367 2811; x_wconf 90' lang='lat' dir='ltr'><strong>meritis</strong></span> <span class='ocrx_word' id='word_1_390' title='bbox 1394 2754 1523 2810; x_wconf 91' lang='lat' dir='ltr'><strong>honorati</strong></span> <span class='ocrx_word' id='word_1_391' title='bbox 1550 2755 1627 2810; x_wconf 90' lang='lat' dir='ltr'><strong>inter</strong></span> <span class='ocrx_word' id='word_1_392' title='bbox 1650 2754 1822 2826; x_wconf 86' lang='lat' dir='ltr'><strong>patriarchas</strong></span> <span class='ocrx_word' id='word_1_393' title='bbox 1841 2750 1913 2824; x_wconf 87' lang='lat' dir='ltr'><strong>primi</strong></span> 
     </span>
     <span class='ocr_line' id='line_1_29' title="bbox 243 2831 1912 2936; baseline -0.007 -26"><span class='ocrx_word' id='word_1_394' title='bbox 243 2855 401 2936; x_wconf 72' lang='lat' dir='ltr'><strong>plurimum</strong></span> <span class='ocrx_word' id='word_1_395' title='bbox 422 2852 565 2924; x_wconf 77' lang='lat' dir='ltr'><strong>prestitit,</strong></span> <span class='ocrx_word' id='word_1_396' title='bbox 588 2831 666 2922; x_wconf 85' lang='lat' dir='ltr'><strong>quod</strong></span> <span class='ocrx_word' id='word_1_397' title='bbox 682 2848 850 2920; x_wconf 87' lang='lat' dir='ltr'><strong>martyrium</strong></span> <span class='ocrx_word' id='word_1_398' title='bbox 873 2847 1011 2919; x_wconf 77' lang='lat' dir='ltr'><strong>erepturus</strong></span> <span class='ocrx_word' id='word_1_399' title='bbox 1033 2847 1064 2901; x_wconf 87' lang='lat' dir='ltr'><strong>li·</strong></span> <span class='ocrx_word' id='word_1_400' title='bbox 1114 2865 1174 2905; x_wconf 86' lang='lat' dir='ltr'><strong>esse</strong></span> <span class='ocrx_word' id='word_1_401' title='bbox 1196 2855 1378 2916; x_wconf 85' lang='lat' dir='ltr'><strong>meruerunt;</strong></span> <span class='ocrx_word' id='word_1_402' title='bbox 1398 2849 1435 2904; x_wconf 88' lang='lat' dir='ltr'><strong>ad</strong></span> <span class='ocrx_word' id='word_1_403' title='bbox 1455 2864 1578 2920; x_wconf 89' lang='lat' dir='ltr'><strong>quorum</strong></span> <span class='ocrx_word' id='word_1_404' title='bbox 1597 2849 1757 2904; x_wconf 83' lang='lat' dir='ltr'><strong>conririum</strong></span> <span class='ocrx_word' id='word_1_405' title='bbox 1778 2861 1912 2917; x_wconf 82' lang='lat' dir='ltr'><strong>congrega·</strong></span> 
     </span>
     <span class='ocr_line' id='line_1_30' title="bbox 233 2939 1912 3018; baseline -0.007 -15"><span class='ocrx_word' id='word_1_406' title='bbox 233 2949 346 3004; x_wconf 58' lang='lat' dir='ltr'><strong>‘beuter</strong></span> <span class='ocrx_word' id='word_1_407' title='bbox 360 2945 587 3018; x_wconf 87' lang='lat' dir='ltr'><strong>appelare,dum</strong></span> <span class='ocrx_word' id='word_1_408' title='bbox 602 2948 726 2998; x_wconf 90' lang='lat' dir='ltr'><strong>moriem</strong></span> <span class='ocrx_word' id='word_1_409' title='bbox 740 2940 1062 2996; x_wconf 90' lang='lat' dir='ltr'><strong>discimusnontimere.</strong></span> <span class='ocrx_word' id='word_1_410' title='bbox 1115 2948 1160 2999; x_wconf 93' lang='lat' dir='ltr'><strong>tur</strong></span> <span class='ocrx_word' id='word_1_411' title='bbox 1180 2942 1306 3016; x_wconf 86' lang='lat' dir='ltr'><strong>quisquis</strong></span> <span class='ocrx_word' id='word_1_412' title='bbox 1327 2943 1418 2998; x_wconf 80' lang='lat' dir='ltr'><strong>fidelis</strong></span> <span class='ocrx_word' id='word_1_413' title='bbox 1442 2946 1472 2998; x_wconf 91' lang='lat' dir='ltr'><strong>et</strong></span> <span class='ocrx_word' id='word_1_414' title='bbox 1486 2943 1580 3014; x_wconf 86' lang='lat' dir='ltr'><strong>justus</strong></span> <span class='ocrx_word' id='word_1_415' title='bbox 1600 2949 1629 2999; x_wconf 91' lang='lat' dir='ltr'><strong>et</strong></span> <span class='ocrx_word' id='word_1_416' title='bbox 1647 2942 1796 2998; x_wconf 88' lang='lat' dir='ltr'><strong>laudabilis</strong></span> <span class='ocrx_word' id='word_1_417' title='bbox 1818 2939 1912 2996; x_wconf 85' lang='lat' dir='ltr'><strong>iuraui·</strong></span> 
     </span>
     <span class='ocr_line' id='line_1_31' title="bbox 244 3035 1172 3142; baseline -0.008 -43"><span class='ocrx_word' id='word_1_418' title='bbox 244 3041 382 3099; x_wconf 85' lang='lat' dir='ltr'><strong>Exercilia</strong></span> <span class='ocrx_word' id='word_1_419' title='bbox 395 3044 462 3095; x_wconf 89' lang='lat' dir='ltr'><strong>sunt</strong></span> <span class='ocrx_word' id='word_1_420' title='bbox 478 3038 561 3094; x_wconf 91' lang='lat' dir='ltr'><strong>nobis</strong></span> <span class='ocrx_word' id='word_1_421' title='bbox 575 3039 638 3104; x_wconf 89' lang='lat' dir='ltr'><strong>ista,</strong></span> <span class='ocrx_word' id='word_1_422' title='bbox 657 3053 714 3092; x_wconf 90' lang='lat' dir='ltr'><strong>uon</strong></span> <span class='ocrx_word' id='word_1_423' title='bbox 737 3036 847 3092; x_wconf 80' lang='lat' dir='ltr'><strong>funera.</strong></span> <span class='ocrx_word' id='word_1_424' title='bbox 870 3037 944 3090; x_wconf 83' lang='lat' dir='ltr'><strong>bant</strong></span> <span class='ocrx_word' id='word_1_425' title='bbox 966 3035 1063 3092; x_wconf 88' lang='lat' dir='ltr'><strong>auimo</strong></span> <span class='ocrx_word' id='word_1_426' title='bbox 1073 3067 1101 3142; x_wconf 71' lang='lat' dir='ltr'>C</span> <span class='ocrx_word' id='word_1_427' title='bbox 1113 3042 1172 3093; x_wconf 86' lang='lat' dir='ltr'><strong>tur.</strong></span> 
     </span>
     <span class='ocr_line' id='line_1_32' title="bbox 244 3129 1913 3204; baseline -0.008 -12"><span class='ocrx_word' id='word_1_428' title='bbox 244 3133 421 3193; x_wconf 84' lang='lat' dir='ltr'><strong>fortitudinis</strong></span> <span class='ocrx_word' id='word_1_429' title='bbox 442 3132 575 3204; x_wconf 86' lang='lat' dir='ltr'><strong>gloriam,</strong></span> <span class='ocrx_word' id='word_1_430' title='bbox 595 3135 764 3203; x_wconf 89' lang='lat' dir='ltr'><strong>contemptu</strong></span> <span class='ocrx_word' id='word_1_431' title='bbox 786 3129 883 3184; x_wconf 89' lang='lat' dir='ltr'><strong>mortis</strong></span> <span class='ocrx_word' id='word_1_432' title='bbox 900 3133 1063 3202; x_wconf 79' lang='lat' dir='ltr'><strong>preparent</strong></span> <span class='ocrx_word' id='word_1_433' title='bbox 1147 3131 1236 3187; x_wconf 88' lang='lat' dir='ltr'><strong>llVlll.</strong></span> <span class='ocrx_word' id='word_1_434' title='bbox 1256 3129 1414 3186; x_wconf 88' lang='lat' dir='ltr'><strong>llemiuisse</strong></span> <span class='ocrx_word' id='word_1_435' title='bbox 1435 3129 1573 3186; x_wconf 89' lang='lat' dir='ltr'><strong>debemus</strong></span> <span class='ocrx_word' id='word_1_436' title='bbox 1592 3131 1770 3186; x_wconf 81' lang='lat' dir='ltr'><strong>volunlatem</strong></span> <span class='ocrx_word' id='word_1_437' title='bbox 1788 3145 1846 3197; x_wconf 91' lang='lat' dir='ltr'><strong>nos,</strong></span> <span class='ocrx_word' id='word_1_438' title='bbox 1865 3142 1913 3180; x_wconf 91' lang='lat' dir='ltr'><strong>nou</strong></span> 
     </span>
     <span class='ocr_line' id='line_1_33' title="bbox 246 3220 1913 3294; baseline -0.006 -10"><span class='ocrx_word' id='word_1_439' title='bbox 246 3230 282 3286; x_wconf 88' lang='lat' dir='ltr'><strong>ad</strong></span> <span class='ocrx_word' id='word_1_440' title='bbox 298 3244 442 3284; x_wconf 90' lang='lat' dir='ltr'><strong>coronam.</strong></span> <span class='ocrx_word' id='word_1_441' title='bbox 1112 3229 1250 3292; x_wconf 89' lang='lat' dir='ltr'><strong>nostram,</strong></span> <span class='ocrx_word' id='word_1_442' title='bbox 1271 3225 1320 3279; x_wconf 92' lang='lat' dir='ltr'><strong>sed</strong></span> <span class='ocrx_word' id='word_1_443' title='bbox 1339 3224 1388 3279; x_wconf 84' lang='lat' dir='ltr'><strong>liei</strong></span> <span class='ocrx_word' id='word_1_444' title='bbox 1412 3223 1508 3280; x_wconf 84' lang='lat' dir='ltr'><strong>iacere</strong></span> <span class='ocrx_word' id='word_1_445' title='bbox 1531 3225 1652 3288; x_wconf 86' lang='lat' dir='ltr'><strong>debere,</strong></span> <span class='ocrx_word' id='word_1_446' title='bbox 1679 3224 1832 3280; x_wconf 85' lang='lat' dir='ltr'><strong>secundum</strong></span> <span class='ocrx_word' id='word_1_447' title='bbox 1850 3220 1913 3294; x_wconf 87' lang='lat' dir='ltr'><strong>quod</strong></span> 
     </span>
    </p>
   </div>
   <div class='ocr_carea' id='block_1_3' title="bbox 283 3317 1917 3390">
    <p class='ocr_par' dir='ltr' id='par_1_3' title="bbox 283 3317 1917 3390">
     <span class='ocr_line' id='line_1_34' title="bbox 283 3317 1917 3390; baseline -0.006 -13"><span class='ocrx_word' id='word_1_448' title='bbox 283 3323 358 3378; x_wconf 88' lang='lat' dir='ltr'><strong>lillll.</strong></span> <span class='ocrx_word' id='word_1_449' title='bbox 386 3319 443 3377; x_wconf 90' lang='lat' dir='ltr'><strong>Sed</strong></span> <span class='ocrx_word' id='word_1_450' title='bbox 471 3320 588 3375; x_wconf 84' lang='lat' dir='ltr'><strong>tortasse</strong></span> <span class='ocrx_word' id='word_1_451' title='bbox 619 3317 720 3389; x_wconf 86' lang='lat' dir='ltr'><strong>aliquis</strong></span> <span class='ocrx_word' id='word_1_452' title='bbox 747 3324 871 3390; x_wconf 88' lang='lat' dir='ltr'><strong>opponat</strong></span> <span class='ocrx_word' id='word_1_453' title='bbox 895 3325 925 3375; x_wconf 89' lang='lat' dir='ltr'><strong>at</strong></span> <span class='ocrx_word' id='word_1_454' title='bbox 952 3319 1025 3384; x_wconf 81' lang='lat' dir='ltr'><strong>dicat</strong></span> <span class='ocrx_word' id='word_1_455' title='bbox 1050 3333 1058 3373; x_wconf 81' lang='lat' dir='ltr'><strong>r</strong></span> <span class='ocrx_word' id='word_1_456' title='bbox 1111 3335 1163 3374; x_wconf 88' lang='lat' dir='ltr'><strong>nos</strong></span> <span class='ocrx_word' id='word_1_457' title='bbox 1182 3317 1320 3375; x_wconf 85' lang='lat' dir='ltr'><strong>Dominus</strong></span> <span class='ocrx_word' id='word_1_458' title='bbox 1341 3318 1469 3389; x_wconf 90' lang='lat' dir='ltr'><strong>quotidie</strong></span> <span class='ocrx_word' id='word_1_459' title='bbox 1486 3319 1572 3389; x_wconf 90' lang='lat' dir='ltr'><strong>jussit</strong></span> <span class='ocrx_word' id='word_1_460' title='bbox 1595 3335 1690 3376; x_wconf 87' lang='lat' dir='ltr'><strong>orare.</strong></span> <span class='ocrx_word' id='word_1_461' title='bbox 1710 3319 1800 3384; x_wconf 84' lang='lat' dir='ltr'><strong>Quam</strong></span> <span class='ocrx_word' id='word_1_462' title='bbox 1821 3329 1917 3388; x_wconf 82' lang='lat' dir='ltr'><strong>prepa-</strong></span> 
     </span>
    </p>
   </div>
   <div class='ocr_carea' id='block_1_4' title="bbox 934 3460 1234 3527">
    <p class='ocr_par' dir='ltr' id='par_1_4' title="bbox 934 3460 1234 3527">
     <span class='ocr_line' id='line_1_35' title="bbox 934 3460 1234 3527; baseline 0.003 -3"><span class='ocrx_word' id='word_1_463' title='bbox 934 3460 1039 3525; x_wconf 81' lang='lat' dir='ltr'><strong>Variae</strong></span> <span class='ocrx_word' id='word_1_464' title='bbox 1066 3461 1234 3527; x_wconf 88' lang='lat' dir='ltr'><strong>lectiones.</strong></span> 
     </span>
    </p>
   </div>
   <div class='ocr_carea' id='block_1_5' title="bbox 248 3594 1917 3731">
    <p class='ocr_par' dir='ltr' id='par_1_5' title="bbox 248 3594 1917 3731">
     <span class='ocr_line' id='line_1_36' title="bbox 279 3594 1917 3664; baseline -0.004 -13"><span class='ocrx_word' id='word_1_465' title='bbox 279 3598 301 3634; x_wconf 66' lang='grc' dir='ltr'><strong>ἰ</strong></span> <span class='ocrx_word' id='word_1_466' title='bbox 316 3595 587 3662; x_wconf 79' lang='lat' dir='ltr'><strong>Comprimamrem.</strong></span> <span class='ocrx_word' id='word_1_467' title='bbox 610 3595 676 3647; x_wconf 80' lang='lat' dir='ltr'><strong>Vara</strong></span> <span class='ocrx_word' id='word_1_468' title='bbox 690 3595 751 3658; x_wconf 52' lang='grc' dir='ltr'><strong>ιβ.</strong></span> <span class='ocrx_word' id='word_1_469' title='bbox 785 3598 805 3630; x_wconf 87' lang='lat'><strong>¹⁵</strong></span> <span class='ocrx_word' id='word_1_470' title='bbox 821 3595 964 3648; x_wconf 86' lang='lat' dir='ltr'><strong>Scrutatur</strong></span> <span class='ocrx_word' id='word_1_471' title='bbox 976 3601 1017 3648; x_wconf 90' lang='lat' dir='ltr'><strong>est</strong></span> <span class='ocrx_word' id='word_1_472' title='bbox 1037 3600 1104 3648; x_wconf 77' lang='lat' dir='ltr'><strong>Vasa.</strong></span> <span class='ocrx_word' id='word_1_473' title='bbox 1116 3599 1141 3649; x_wconf 71' lang='lat' dir='ltr'><strong>i.</strong></span> <span class='ocrx_word' id='word_1_474' title='bbox 1156 3600 1224 3649; x_wconf 83' lang='lat' dir='ltr'><strong>Pem.</strong></span> <span class='ocrx_word' id='word_1_475' title='bbox 1240 3597 1321 3650; x_wconf 76' lang='lat' dir='ltr'><strong>Seria.</strong></span> <span class='ocrx_word' id='word_1_476' title='bbox 1338 3597 1399 3648; x_wconf 82' lang='lat' dir='ltr'><strong>Eod.</strong></span> <span class='ocrx_word' id='word_1_477' title='bbox 1415 3600 1437 3651; x_wconf 90' lang='grc' dir='ltr'><strong>ι.</strong></span> <span class='ocrx_word' id='word_1_478' title='bbox 1450 3600 1474 3650; x_wconf 82' lang='lat' dir='ltr'><strong>t.</strong></span> <span class='ocrx_word' id='word_1_479' title='bbox 1509 3594 1917 3664; x_wconf 61' lang='grc' dir='ltr'><strong>1Ῥιιιειιιιοιιιιιμι.ιὀιιιι.</strong></span> 
     </span>
     <span class='ocr_line' id='line_1_37' title="bbox 248 3665 937 3731; baseline -0.007 -9"><span class='ocrx_word' id='word_1_480' title='bbox 248 3666 270 3705; x_wconf 76' lang='lat'><strong>’⁷</strong></span> <span class='ocrx_word' id='word_1_481' title='bbox 283 3668 429 3722; x_wconf 78' lang='lat' dir='ltr'><strong>Desideret</strong></span> <span class='ocrx_word' id='word_1_482' title='bbox 438 3667 508 3717; x_wconf 82' lang='lat' dir='ltr'><strong>decri</strong></span> <span class='ocrx_word' id='word_1_483' title='bbox 524 3669 550 3716; x_wconf 86' lang='lat' dir='ltr'><strong>in</strong></span> <span class='ocrx_word' id='word_1_484' title='bbox 563 3666 612 3716; x_wconf 86' lang='lat' dir='ltr'><strong>Ed.</strong></span> <span class='ocrx_word' id='word_1_485' title='bbox 626 3667 710 3716; x_wconf 85' lang='lat' dir='ltr'><strong>Prr&#39;nc.</strong></span> <span class='ocrx_word' id='word_1_486' title='bbox 724 3665 835 3731; x_wconf 76' lang='lat' dir='ltr'><strong>atrisque</strong></span> <span class='ocrx_word' id='word_1_487' title='bbox 849 3667 937 3717; x_wconf 81' lang='lat' dir='ltr'><strong>dauid.</strong></span> 
     </span>
    </p>
   </div>
   <div class='ocr_carea' id='block_1_6' title="bbox 899 3795 1281 3878">
    <p class='ocr_par' dir='ltr' id='par_1_6' title="bbox 899 3795 1281 3878">
     <span class='ocr_line' id='line_1_38' title="bbox 899 3795 1281 3878; baseline 0.005 -18"><span class='ocrx_word' id='word_1_488' title='bbox 899 3795 1012 3878; x_wconf 90' lang='lat' dir='ltr'><strong>Steph.</strong></span> <span class='ocrx_word' id='word_1_489' title='bbox 1035 3795 1159 3862; x_wconf 81' lang='lat' dir='ltr'><strong>baluzii</strong></span> <span class='ocrx_word' id='word_1_490' title='bbox 1182 3803 1281 3862; x_wconf 76' lang='lat' dir='ltr'><strong>notar.</strong></span> 
     </span>
    </p>
   </div>
   <div class='ocr_carea' id='block_1_7' title="bbox 233 3910 1922 5840">
    <p class='ocr_par' dir='ltr' id='par_1_7' title="bbox 233 3910 1922 5840">
     <span class='ocr_line' id='line_1_39' title="bbox 250 3910 1918 3982; baseline -0.005 -16"><span class='ocrx_word' id='word_1_491' title='bbox 250 3911 381 3982; x_wconf 88' lang='lat' dir='ltr'><strong>positum.</strong></span> <span class='ocrx_word' id='word_1_492' title='bbox 398 3910 472 3964; x_wconf 87' lang='lat' dir='ltr'><strong>luter</strong></span> <span class='ocrx_word' id='word_1_493' title='bbox 487 3914 664 3965; x_wconf 78' lang='lat' dir='ltr'><strong>ceterararo</strong></span> <span class='ocrx_word' id='word_1_494' title='bbox 678 3923 742 3978; x_wconf 76' lang='lat' dir='ltr'><strong>qum</strong></span> <span class='ocrx_word' id='word_1_495' title='bbox 755 3913 825 3964; x_wconf 85' lang='lat' dir='ltr'><strong>dixit</strong></span> <span class='ocrx_word' id='word_1_496' title='bbox 839 3913 949 3966; x_wconf 84' lang='lat' dir='ltr'><strong>filiabus</strong></span> <span class='ocrx_word' id='word_1_497' title='bbox 961 3917 1020 3966; x_wconf 90' lang='lat' dir='ltr'><strong>suis</strong></span> <span class='ocrx_word' id='word_1_498' title='bbox 1037 3921 1070 3966; x_wconf 87' lang='lat' dir='ltr'><strong>ut</strong></span> <span class='ocrx_word' id='word_1_499' title='bbox 1117 3931 1180 3967; x_wconf 90' lang='lat' dir='ltr'><strong>mus</strong></span> <span class='ocrx_word' id='word_1_500' title='bbox 1194 3917 1221 3967; x_wconf 89' lang='lat' dir='ltr'><strong>in</strong></span> <span class='ocrx_word' id='word_1_501' title='bbox 1247 3917 1370 3981; x_wconf 83' lang='lat' dir='ltr'><strong>Epistola</strong></span> <span class='ocrx_word' id='word_1_502' title='bbox 1394 3917 1431 3967; x_wconf 89' lang='lat' dir='ltr'><strong>od</strong></span> <span class='ocrx_word' id='word_1_503' title='bbox 1456 3916 1653 3966; x_wconf 81' lang='lat' dir='ltr'><strong>Pammaclu&#39;um</strong></span> <span class='ocrx_word' id='word_1_504' title='bbox 1679 3913 1810 3967; x_wconf 80' lang='lat' dir='ltr'><strong>adversus</strong></span> <span class='ocrx_word' id='word_1_505' title='bbox 1829 3921 1918 3962; x_wconf 87' lang='lat' dir='ltr'><strong>errores</strong></span> 
     </span>
     <span class='ocr_line' id='line_1_40' title="bbox 250 3983 1918 4052; baseline -0.005 -15"><span class='ocrx_word' id='word_1_506' title='bbox 250 3983 433 4037; x_wconf 76' lang='lat' dir='ltr'><strong>dissuaderet</strong></span> <span class='ocrx_word' id='word_1_507' title='bbox 446 3985 523 4036; x_wconf 89' lang='lat' dir='ltr'><strong>hunc</strong></span> <span class='ocrx_word' id='word_1_508' title='bbox 539 3984 655 4042; x_wconf 86' lang='lat' dir='ltr'><strong>exitum,</strong></span> <span class='ocrx_word' id='word_1_509' title='bbox 671 3985 708 4034; x_wconf 88' lang='lat' dir='ltr'><strong>uit</strong></span> <span class='ocrx_word' id='word_1_510' title='bbox 726 4001 731 4034; x_wconf 76' lang='grc' dir='ltr'><strong>ι</strong></span> <span class='ocrx_word' id='word_1_511' title='bbox 748 4001 763 4034; x_wconf 77' lang='lat' dir='ltr'><strong>a</strong></span> <span class='ocrx_word' id='word_1_512' title='bbox 781 3985 984 4036; x_wconf 73' lang='lat' dir='ltr'><strong>prostituantur</strong></span> <span class='ocrx_word' id='word_1_513' title='bbox 1003 4000 1068 4052; x_wconf 89' lang='lat' dir='ltr'><strong>ergo</strong></span> <span class='ocrx_word' id='word_1_514' title='bbox 1117 3988 1233 4039; x_wconf 82' lang='lat' dir='ltr'><strong>loannis</strong></span> <span class='ocrx_word' id='word_1_515' title='bbox 1255 3987 1499 4052; x_wconf 81' lang='lat' dir='ltr'><strong>Hierosolymitani</strong></span> <span class='ocrx_word' id='word_1_516' title='bbox 1516 4002 1522 4036; x_wconf 90' lang='lat'>:</span> <span class='ocrx_word' id='word_1_517' title='bbox 1541 3987 1622 4038; x_wconf 76' lang='lat' dir='ltr'><strong>«Dei</strong></span> <span class='ocrx_word' id='word_1_518' title='bbox 1647 3987 1738 4038; x_wconf 81' lang='lat' dir='ltr'><strong>Filius</strong></span> <span class='ocrx_word' id='word_1_519' title='bbox 1757 3999 1839 4036; x_wconf 88' lang='lat' dir='ltr'><strong>unam</strong></span> <span class='ocrx_word' id='word_1_520' title='bbox 1858 3995 1918 4031; x_wconf 89' lang='lat' dir='ltr'><strong>mor-</strong></span> 
     </span>
     <span class='ocr_line' id='line_1_41' title="bbox 250 4054 1918 4122; baseline -0.004 -14"><span class='ocrx_word' id='word_1_521' title='bbox 250 4061 278 4108; x_wconf 92' lang='grc' dir='ltr'><strong>ιιι</strong></span> <span class='ocrx_word' id='word_1_522' title='bbox 292 4055 413 4122; x_wconf 90' lang='lat' dir='ltr'><strong>publicis</strong></span> <span class='ocrx_word' id='word_1_523' title='bbox 433 4054 615 4121; x_wconf 80' lang='lat' dir='ltr'><strong>lupanaribus</strong></span> <span class='ocrx_word' id='word_1_524' title='bbox 634 4055 757 4106; x_wconf 89' lang='lat' dir='ltr'><strong>membra</strong></span> <span class='ocrx_word' id='word_1_525' title='bbox 780 4069 843 4121; x_wconf 80' lang='lat' dir='ltr'><strong>quoe</strong></span> <span class='ocrx_word' id='word_1_526' title='bbox 863 4071 910 4108; x_wconf 85' lang='lat' dir='ltr'><strong>aar</strong></span> <span class='ocrx_word' id='word_1_527' title='bbox 922 4070 992 4122; x_wconf 87' lang='lat' dir='ltr'><strong>pena</strong></span> <span class='ocrx_word' id='word_1_528' title='bbox 1011 4059 1069 4122; x_wconf 89' lang='lat' dir='ltr'><strong>ipsa</strong></span> <span class='ocrx_word' id='word_1_529' title='bbox 1117 4055 1211 4108; x_wconf 89' lang='lat' dir='ltr'><strong>hidam</strong></span> <span class='ocrx_word' id='word_1_530' title='bbox 1228 4071 1308 4108; x_wconf 86' lang='lat' dir='ltr'><strong>orem</strong></span> <span class='ocrx_word' id='word_1_531' title='bbox 1330 4059 1389 4108; x_wconf 88' lang='lat' dir='ltr'><strong>suis</strong></span> <span class='ocrx_word' id='word_1_532' title='bbox 1410 4058 1535 4108; x_wconf 89' lang='lat' dir='ltr'><strong>humeris</strong></span> <span class='ocrx_word' id='word_1_533' title='bbox 1553 4060 1675 4122; x_wconf 87' lang='lat' dir='ltr'><strong>portavit</strong></span> <span class='ocrx_word' id='word_1_534' title='bbox 1700 4057 1735 4108; x_wconf 87' lang='lat' dir='ltr'><strong>ad</strong></span> <span class='ocrx_word' id='word_1_535' title='bbox 1749 4054 1918 4116; x_wconf 71' lang='lat' dir='ltr'><strong>calcabatu-</strong></span> 
     </span>
     <span class='ocr_line' id='line_1_42' title="bbox 249 4126 1750 4194; baseline -0.003 -15"><span class='ocrx_word' id='word_1_536' title='bbox 249 4128 381 4194; x_wconf 87' lang='lat' dir='ltr'><strong>publicns</strong></span> <span class='ocrx_word' id='word_1_537' title='bbox 399 4126 496 4177; x_wconf 86' lang='lat' dir='ltr'><strong>babuit</strong></span> <span class='ocrx_word' id='word_1_538' title='bbox 520 4126 716 4191; x_wconf 81' lang='lat' dir='ltr'><strong>incognitaia</strong></span> <span class='ocrx_word' id='word_1_539' title='bbox 740 4127 813 4177; x_wconf 89' lang='lat' dir='ltr'><strong>Hinc</strong></span> <span class='ocrx_word' id='word_1_540' title='bbox 825 4129 931 4179; x_wconf 88' lang='lat' dir='ltr'><strong>lactum</strong></span> <span class='ocrx_word' id='word_1_541' title='bbox 946 4133 987 4189; x_wconf 87' lang='lat' dir='ltr'><strong>ut,</strong></span> <span class='ocrx_word' id='word_1_542' title='bbox 1003 4130 1068 4194; x_wconf 86' lang='lat' dir='ltr'><strong>quia</strong></span> <span class='ocrx_word' id='word_1_543' title='bbox 1117 4127 1178 4178; x_wconf 89' lang='lat' dir='ltr'><strong>lans</strong></span> <span class='ocrx_word' id='word_1_544' title='bbox 1195 4132 1221 4179; x_wconf 89' lang='lat' dir='ltr'><strong>et</strong></span> <span class='ocrx_word' id='word_1_545' title='bbox 1237 4130 1344 4192; x_wconf 90' lang='lat' dir='ltr'><strong>patiens</strong></span> <span class='ocrx_word' id='word_1_546' title='bbox 1357 4129 1504 4180; x_wconf 88' lang='lat' dir='ltr'><strong>delicatam</strong></span> <span class='ocrx_word' id='word_1_547' title='bbox 1519 4129 1715 4193; x_wconf 83' lang='lat' dir='ltr'><strong>peccatricem.</strong></span> <span class='ocrx_word' id='word_1_548' title='bbox 1736 4147 1750 4174; x_wconf 78' lang='lat' dir='ltr'><strong>a</strong></span> 
     </span>
     <span class='ocr_line' id='line_1_43' title="bbox 249 4195 1919 4264; baseline -0.005 -14"><span class='ocrx_word' id='word_1_549' title='bbox 249 4200 371 4264; x_wconf 80' lang='lat' dir='ltr'><strong>virgines</strong></span> <span class='ocrx_word' id='word_1_550' title='bbox 384 4197 550 4248; x_wconf 74' lang='lat' dir='ltr'><strong>Christianae</strong></span> <span class='ocrx_word' id='word_1_551' title='bbox 563 4197 779 4262; x_wconf 81' lang='lat' dir='ltr'><strong>projiciebantur</strong></span> <span class='ocrx_word' id='word_1_552' title='bbox 794 4200 822 4248; x_wconf 92' lang='lat' dir='ltr'><strong>iu</strong></span> <span class='ocrx_word' id='word_1_553' title='bbox 837 4199 990 4263; x_wconf 85' lang='lat' dir='ltr'><strong>lupanaria,</strong></span> <span class='ocrx_word' id='word_1_554' title='bbox 1004 4213 1068 4252; x_wconf 89' lang='lat' dir='ltr'><strong>cre·</strong></span> <span class='ocrx_word' id='word_1_555' title='bbox 1149 4197 1198 4262; x_wconf 79' lang='lat' dir='ltr'><strong>tra)</strong></span> <span class='ocrx_word' id='word_1_556' title='bbox 1214 4198 1348 4262; x_wconf 80' lang='lat' dir='ltr'><strong>Cupiosus.</strong></span> <span class='ocrx_word' id='word_1_557' title='bbox 1372 4200 1440 4250; x_wconf 84' lang='lat' dir='ltr'><strong>Tres</strong></span> <span class='ocrx_word' id='word_1_558' title='bbox 1463 4198 1526 4249; x_wconf 89' lang='lat' dir='ltr'><strong>libri</strong></span> <span class='ocrx_word' id='word_1_559' title='bbox 1549 4200 1636 4249; x_wconf 87' lang='lat' dir='ltr'><strong>nostri</strong></span> <span class='ocrx_word' id='word_1_560' title='bbox 1661 4204 1688 4251; x_wconf 89' lang='lat' dir='ltr'><strong>et</strong></span> <span class='ocrx_word' id='word_1_561' title='bbox 1708 4214 1783 4250; x_wconf 89' lang='lat' dir='ltr'><strong>unus</strong></span> <span class='ocrx_word' id='word_1_562' title='bbox 1804 4195 1919 4248; x_wconf 79' lang='lat' dir='ltr'><strong>ablorcl-</strong></span> 
     </span>
     <span class='ocr_line' id='line_1_44' title="bbox 250 4267 1919 4335; baseline -0.004 -15"><span class='ocrx_word' id='word_1_563' title='bbox 250 4271 339 4322; x_wconf 89' lang='lat' dir='ltr'><strong>ditum</strong></span> <span class='ocrx_word' id='word_1_564' title='bbox 353 4271 388 4320; x_wconf 93' lang='lat' dir='ltr'><strong>sit</strong></span> <span class='ocrx_word' id='word_1_565' title='bbox 406 4269 476 4329; x_wconf 88' lang='lat' dir='ltr'><strong>illas,</strong></span> <span class='ocrx_word' id='word_1_566' title='bbox 493 4271 621 4333; x_wconf 80' lang='lat' dir='ltr'><strong>quamvis</strong></span> <span class='ocrx_word' id='word_1_567' title='bbox 639 4270 695 4319; x_wconf 84' lang='lat' dir='ltr'><strong>viar</strong></span> <span class='ocrx_word' id='word_1_568' title='bbox 716 4283 805 4333; x_wconf 78' lang='lat' dir='ltr'><strong>passas</strong></span> <span class='ocrx_word' id='word_1_569' title='bbox 824 4270 985 4334; x_wconf 89' lang='lat' dir='ltr'><strong>pudicitiam</strong></span> <span class='ocrx_word' id='word_1_570' title='bbox 1004 4284 1068 4322; x_wconf 85' lang='lat' dir='ltr'><strong>rara</strong></span> <span class='ocrx_word' id='word_1_571' title='bbox 1115 4267 1153 4320; x_wconf 91' lang='lat' dir='ltr'><strong>llo</strong></span> <span class='ocrx_word' id='word_1_572' title='bbox 1168 4270 1270 4320; x_wconf 86' lang='lat' dir='ltr'><strong>citatus</strong></span> <span class='ocrx_word' id='word_1_573' title='bbox 1284 4269 1417 4321; x_wconf 83' lang='lat' dir='ltr'><strong>exhibant</strong></span> <span class='ocrx_word' id='word_1_574' title='bbox 1434 4275 1546 4331; x_wconf 82' lang='lat' dir='ltr'><strong>lerneus,</strong></span> <span class='ocrx_word' id='word_1_575' title='bbox 1567 4269 1594 4320; x_wconf 90' lang='lat' dir='ltr'><strong>id</strong></span> <span class='ocrx_word' id='word_1_576' title='bbox 1618 4275 1662 4322; x_wconf 90' lang='lat' dir='ltr'><strong>est</strong></span> <span class='ocrx_word' id='word_1_577' title='bbox 1680 4273 1730 4335; x_wconf 87' lang='lat' dir='ltr'><strong>qui</strong></span> <span class='ocrx_word' id='word_1_578' title='bbox 1745 4271 1853 4334; x_wconf 88' lang='lat' dir='ltr'><strong>pulpam</strong></span> <span class='ocrx_word' id='word_1_579' title='bbox 1869 4279 1919 4315; x_wconf 89' lang='lat' dir='ltr'><strong>cer-</strong></span> 
     </span>
     <span class='ocr_line' id='line_1_45' title="bbox 233 4335 1919 4407; baseline -0.005 -15"><span class='ocrx_word' id='word_1_580' title='bbox 233 4341 446 4407; x_wconf 46' lang='lat' dir='ltr'><strong>,perdidisseat</strong></span> <span class='ocrx_word' id='word_1_581' title='bbox 463 4340 549 4390; x_wconf 86' lang='lat' dir='ltr'><strong>tuisse</strong></span> <span class='ocrx_word' id='word_1_582' title='bbox 567 4345 659 4391; x_wconf 87' lang='lat' dir='ltr'><strong>iernen</strong></span> <span class='ocrx_word' id='word_1_583' title='bbox 673 4341 793 4404; x_wconf 84' lang='lat' dir='ltr'><strong>virgines</strong></span> <span class='ocrx_word' id='word_1_584' title='bbox 810 4339 963 4392; x_wconf 90' lang='lat' dir='ltr'><strong>secundum</strong></span> <span class='ocrx_word' id='word_1_585' title='bbox 976 4343 1068 4393; x_wconf 86' lang='lat' dir='ltr'><strong>Evau-</strong></span> <span class='ocrx_word' id='word_1_586' title='bbox 1117 4340 1160 4389; x_wconf 90' lang='lat' dir='ltr'><strong>nis</strong></span> <span class='ocrx_word' id='word_1_587' title='bbox 1178 4340 1348 4391; x_wconf 90' lang='lat' dir='ltr'><strong>maculosam</strong></span> <span class='ocrx_word' id='word_1_588' title='bbox 1366 4339 1460 4400; x_wconf 87' lang='lat' dir='ltr'><strong>babet,</strong></span> <span class='ocrx_word' id='word_1_589' title='bbox 1480 4341 1507 4390; x_wconf 93' lang='lat' dir='ltr'><strong>in</strong></span> <span class='ocrx_word' id='word_1_590' title='bbox 1524 4355 1579 4405; x_wconf 89' lang='lat' dir='ltr'><strong>quo</strong></span> <span class='ocrx_word' id='word_1_591' title='bbox 1592 4345 1633 4391; x_wconf 88' lang='lat' dir='ltr'><strong>ost</strong></span> <span class='ocrx_word' id='word_1_592' title='bbox 1645 4341 1733 4392; x_wconf 91' lang='lat' dir='ltr'><strong>robur</strong></span> <span class='ocrx_word' id='word_1_593' title='bbox 1753 4347 1781 4392; x_wconf 86' lang='lat' dir='ltr'><strong>et</strong></span> <span class='ocrx_word' id='word_1_594' title='bbox 1795 4335 1919 4390; x_wconf 81' lang='lat' dir='ltr'><strong>tortitudo.</strong></span> 
     </span>
     <span class='ocr_line' id='line_1_46' title="bbox 250 4405 1919 4480; baseline -0.003 -17"><span class='ocrx_word' id='word_1_595' title='bbox 250 4413 365 4478; x_wconf 87' lang='lat' dir='ltr'><strong>galium,</strong></span> <span class='ocrx_word' id='word_1_596' title='bbox 379 4416 408 4461; x_wconf 92' lang='lat' dir='ltr'><strong>ut</strong></span> <span class='ocrx_word' id='word_1_597' title='bbox 421 4425 455 4461; x_wconf 85' lang='lat' dir='ltr'><strong>ex</strong></span> <span class='ocrx_word' id='word_1_598' title='bbox 468 4411 639 4474; x_wconf 81' lang='lat' dir='ltr'><strong>Hieronymo</strong></span> <span class='ocrx_word' id='word_1_599' title='bbox 657 4413 852 4475; x_wconf 84' lang='lat' dir='ltr'><strong>etAugustino</strong></span> <span class='ocrx_word' id='word_1_600' title='bbox 872 4413 969 4476; x_wconf 85' lang='lat' dir='ltr'><strong>probat</strong></span> <span class='ocrx_word' id='word_1_601' title='bbox 986 4413 1068 4480; x_wconf 83' lang='lat' dir='ltr'><strong>Alge—</strong></span> <span class='ocrx_word' id='word_1_602' title='bbox 1118 4410 1198 4462; x_wconf 89' lang='lat' dir='ltr'><strong>Unde</strong></span> <span class='ocrx_word' id='word_1_603' title='bbox 1224 4413 1315 4462; x_wconf 80' lang='lat' dir='ltr'><strong>cerole</strong></span> <span class='ocrx_word' id='word_1_604' title='bbox 1339 4417 1428 4462; x_wconf 84' lang='lat' dir='ltr'><strong>torosa</strong></span> <span class='ocrx_word' id='word_1_605' title='bbox 1449 4413 1523 4478; x_wconf 90' lang='lat' dir='ltr'><strong>apud</strong></span> <span class='ocrx_word' id='word_1_606' title='bbox 1552 4411 1695 4464; x_wconf 88' lang='lat' dir='ltr'><strong>Catullum</strong></span> <span class='ocrx_word' id='word_1_607' title='bbox 1713 4413 1742 4463; x_wconf 89' lang='lat' dir='ltr'><strong>in</strong></span> <span class='ocrx_word' id='word_1_608' title='bbox 1761 4411 1874 4462; x_wconf 87' lang='lat' dir='ltr'><strong>carmine</strong></span> <span class='ocrx_word' id='word_1_609' title='bbox 1893 4405 1919 4454; x_wconf 80' lang='lat' dir='ltr'><strong>de</strong></span> 
     </span>
     <span class='ocr_line' id='line_1_47' title="bbox 252 4463 1919 4550; baseline -0.005 -17"><span class='ocrx_word' id='word_1_610' title='bbox 252 4497 308 4544; x_wconf 89' lang='lat' dir='ltr'><strong>rus,</strong></span> <span class='ocrx_word' id='word_1_611' title='bbox 340 4481 524 4533; x_wconf 87' lang='lat' dir='ltr'><strong>scholasticus</strong></span> <span class='ocrx_word' id='word_1_612' title='bbox 550 4481 710 4544; x_wconf 81' lang='lat' dir='ltr'><strong>Laodamia,</strong></span> <span class='ocrx_word' id='word_1_613' title='bbox 732 4483 761 4533; x_wconf 91' lang='lat' dir='ltr'><strong>iu</strong></span> <span class='ocrx_word' id='word_1_614' title='bbox 784 4484 875 4546; x_wconf 90' lang='lat' dir='ltr'><strong>capita</strong></span> <span class='ocrx_word' id='word_1_615' title='bbox 900 4484 932 4532; x_wconf 83' lang='lat' dir='ltr'><strong>ro</strong></span> <span class='ocrx_word' id='word_1_616' title='bbox 951 4483 1014 4534; x_wconf 88' lang='lat' dir='ltr'><strong>libri</strong></span> <span class='ocrx_word' id='word_1_617' title='bbox 1037 4463 1311 4547; x_wconf 75' lang='lat' dir='ltr'><strong>deDBeracynthia,</strong></span> <span class='ocrx_word' id='word_1_618' title='bbox 1339 4483 1406 4533; x_wconf 86' lang='lat' dir='ltr'><strong>colla</strong></span> <span class='ocrx_word' id='word_1_619' title='bbox 1435 4489 1524 4535; x_wconf 87' lang='lat' dir='ltr'><strong>torosa</strong></span> <span class='ocrx_word' id='word_1_620' title='bbox 1545 4483 1621 4534; x_wconf 86' lang='lat' dir='ltr'><strong>doum</strong></span> <span class='ocrx_word' id='word_1_621' title='bbox 1650 4485 1725 4550; x_wconf 89' lang='lat' dir='ltr'><strong>apud</strong></span> <span class='ocrx_word' id='word_1_622' title='bbox 1752 4482 1875 4535; x_wconf 90' lang='lat' dir='ltr'><strong>Ovidium</strong></span> <span class='ocrx_word' id='word_1_623' title='bbox 1898 4479 1919 4526; x_wconf 92' lang='lat' dir='ltr'><strong>ia</strong></span> 
     </span>
     <span class='ocr_line' id='line_1_48' title="bbox 251 4552 1920 4620; baseline -0.001 -13"><span class='ocrx_word' id='word_1_624' title='bbox 251 4554 437 4608; x_wconf 67' lang='lat' dir='ltr'><strong>Misericordia</strong></span> <span class='ocrx_word' id='word_1_625' title='bbox 454 4553 614 4603; x_wconf 81' lang='lat' dir='ltr'><strong>etlustitiu.</strong></span> <span class='ocrx_word' id='word_1_626' title='bbox 630 4553 688 4618; x_wconf 82' lang='lat' dir='ltr'><strong>Ego</strong></span> <span class='ocrx_word' id='word_1_627' title='bbox 710 4567 774 4604; x_wconf 84' lang='lat' dir='ltr'><strong>vero</strong></span> <span class='ocrx_word' id='word_1_628' title='bbox 791 4568 825 4605; x_wconf 82' lang='lat' dir='ltr'><strong>ex</strong></span> <span class='ocrx_word' id='word_1_629' title='bbox 841 4554 939 4604; x_wconf 89' lang='lat' dir='ltr'><strong>eodem</strong></span> <span class='ocrx_word' id='word_1_630' title='bbox 962 4558 1071 4620; x_wconf 83' lang='lat' dir='ltr'><strong>Augus·</strong></span> <span class='ocrx_word' id='word_1_631' title='bbox 1118 4552 1190 4603; x_wconf 90' lang='lat' dir='ltr'><strong>libro</strong></span> <span class='ocrx_word' id='word_1_632' title='bbox 1214 4554 1339 4604; x_wconf 72' lang='lat' dir='ltr'><strong>satiando</strong></span> <span class='ocrx_word' id='word_1_633' title='bbox 1360 4555 1611 4619; x_wconf 77' lang='lat' dir='ltr'><strong>Metamorplroscou,</strong></span> <span class='ocrx_word' id='word_1_634' title='bbox 1634 4561 1663 4606; x_wconf 90' lang='lat' dir='ltr'><strong>et</strong></span> <span class='ocrx_word' id='word_1_635' title='bbox 1691 4561 1783 4607; x_wconf 84' lang='lat' dir='ltr'><strong>torosa</strong></span> <span class='ocrx_word' id='word_1_636' title='bbox 1809 4555 1920 4618; x_wconf 74' lang='lat' dir='ltr'><strong>jurentur</strong></span> 
     </span>
     <span class='ocr_line' id='line_1_49' title="bbox 251 4623 1919 4690; baseline -0.004 -13"><span class='ocrx_word' id='word_1_637' title='bbox 251 4627 310 4677; x_wconf 91' lang='lat' dir='ltr'><strong>tino</strong></span> <span class='ocrx_word' id='word_1_638' title='bbox 325 4624 395 4676; x_wconf 87' lang='lat' dir='ltr'><strong>eddo</strong></span> <span class='ocrx_word' id='word_1_639' title='bbox 413 4625 491 4674; x_wconf 90' lang='lat' dir='ltr'><strong>illum</strong></span> <span class='ocrx_word' id='word_1_640' title='bbox 507 4625 535 4674; x_wconf 91' lang='lat' dir='ltr'><strong>in</strong></span> <span class='ocrx_word' id='word_1_641' title='bbox 556 4623 679 4688; x_wconf 81' lang='lat' dir='ltr'><strong>Epistola</strong></span> <span class='ocrx_word' id='word_1_642' title='bbox 697 4625 733 4676; x_wconf 88' lang='lat' dir='ltr'><strong>od</strong></span> <span class='ocrx_word' id='word_1_643' title='bbox 752 4625 932 4676; x_wconf 77' lang='lat' dir='ltr'><strong>Victoriarum</strong></span> <span class='ocrx_word' id='word_1_644' title='bbox 948 4627 1070 4679; x_wconf 89' lang='lat' dir='ltr'><strong>scribere</strong></span> <span class='ocrx_word' id='word_1_645' title='bbox 1118 4625 1148 4674; x_wconf 89' lang='lat' dir='ltr'><strong>lu</strong></span> <span class='ocrx_word' id='word_1_646' title='bbox 1171 4623 1260 4675; x_wconf 89' lang='lat' dir='ltr'><strong>Satira</strong></span> <span class='ocrx_word' id='word_1_647' title='bbox 1280 4637 1309 4675; x_wconf 92' lang='grc' dir='ltr'><strong>ιιι</strong></span> <span class='ocrx_word' id='word_1_648' title='bbox 1332 4625 1427 4676; x_wconf 89' lang='lat' dir='ltr'><strong>Persii.</strong></span> <span class='ocrx_word' id='word_1_649' title='bbox 1456 4627 1592 4678; x_wconf 83' lang='lat' dir='ltr'><strong>Minucius</strong></span> <span class='ocrx_word' id='word_1_650' title='bbox 1615 4627 1694 4678; x_wconf 88' lang='lat' dir='ltr'><strong>Felix</strong></span> <span class='ocrx_word' id='word_1_651' title='bbox 1716 4628 1744 4677; x_wconf 88' lang='lat' dir='ltr'><strong>in</strong></span> <span class='ocrx_word' id='word_1_652' title='bbox 1768 4628 1825 4690; x_wconf 92' lang='lat' dir='ltr'><strong>ipso</strong></span> <span class='ocrx_word' id='word_1_653' title='bbox 1847 4625 1919 4672; x_wconf 87' lang='lat' dir='ltr'><strong>terma</strong></span> 
     </span>
     <span class='ocr_line' id='line_1_50' title="bbox 254 4694 1920 4762; baseline -0.004 -14"><span class='ocrx_word' id='word_1_654' title='bbox 254 4697 411 4748; x_wconf 84' lang='lat' dir='ltr'><strong>violentiam</strong></span> <span class='ocrx_word' id='word_1_655' title='bbox 443 4697 544 4746; x_wconf 87' lang='lat' dir='ltr'><strong>iactam</strong></span> <span class='ocrx_word' id='word_1_656' title='bbox 572 4697 600 4746; x_wconf 91' lang='lat' dir='ltr'><strong>in</strong></span> <span class='ocrx_word' id='word_1_657' title='bbox 625 4696 740 4760; x_wconf 84' lang='lat' dir='ltr'><strong>virgine,</strong></span> <span class='ocrx_word' id='word_1_658' title='bbox 760 4697 784 4746; x_wconf 89' lang='lat' dir='ltr'><strong>si</strong></span> <span class='ocrx_word' id='word_1_659' title='bbox 810 4697 857 4747; x_wconf 90' lang='lat' dir='ltr'><strong>illa</strong></span> <span class='ocrx_word' id='word_1_660' title='bbox 877 4711 932 4748; x_wconf 91' lang='lat' dir='ltr'><strong>non</strong></span> <span class='ocrx_word' id='word_1_661' title='bbox 955 4711 1070 4750; x_wconf 89' lang='lat' dir='ltr'><strong>consen·</strong></span> <span class='ocrx_word' id='word_1_662' title='bbox 1118 4695 1354 4761; x_wconf 86' lang='lat' dir='ltr'><strong>initio.«Crispls</strong></span> <span class='ocrx_word' id='word_1_663' title='bbox 1378 4699 1533 4762; x_wconf 87' lang='lat' dir='ltr'><strong>torosisque</strong></span> <span class='ocrx_word' id='word_1_664' title='bbox 1555 4697 1657 4749; x_wconf 90' lang='lat' dir='ltr'><strong>ibidem</strong></span> <span class='ocrx_word' id='word_1_665' title='bbox 1681 4697 1821 4750; x_wconf 88' lang='lat' dir='ltr'><strong>erroribus</strong></span> <span class='ocrx_word' id='word_1_666' title='bbox 1844 4694 1920 4746; x_wconf 88' lang='lat' dir='ltr'><strong>delac-</strong></span> 
     </span>
     <span class='ocr_line' id='line_1_51' title="bbox 252 4766 1920 4834; baseline -0.004 -14"><span class='ocrx_word' id='word_1_667' title='bbox 252 4771 329 4824; x_wconf 86' lang='lat' dir='ltr'><strong>serit.</strong></span> <span class='ocrx_word' id='word_1_668' title='bbox 342 4781 396 4818; x_wconf 90' lang='lat' dir='ltr'><strong>uon</strong></span> <span class='ocrx_word' id='word_1_669' title='bbox 411 4781 461 4831; x_wconf 92' lang='lat' dir='ltr'><strong>pro</strong></span> <span class='ocrx_word' id='word_1_670' title='bbox 474 4768 660 4831; x_wconf 89' lang='lat' dir='ltr'><strong>corruptionis</strong></span> <span class='ocrx_word' id='word_1_671' title='bbox 683 4766 864 4831; x_wconf 88' lang='lat' dir='ltr'><strong>turpitudine,</strong></span> <span class='ocrx_word' id='word_1_672' title='bbox 881 4767 991 4832; x_wconf 89' lang='lat' dir='ltr'><strong>sedpro</strong></span> <span class='ocrx_word' id='word_1_673' title='bbox 1007 4783 1070 4834; x_wconf 87' lang='lat' dir='ltr'><strong>pas·</strong></span> <span class='ocrx_word' id='word_1_674' title='bbox 1119 4771 1167 4817; x_wconf 88' lang='lat' dir='ltr'><strong>tat.</strong></span> <span class='ocrx_word' id='word_1_675' title='bbox 1186 4785 1199 4812; x_wconf 79' lang='lat' dir='ltr'><strong>s</strong></span> <span class='ocrx_word' id='word_1_676' title='bbox 1224 4767 1254 4816; x_wconf 89' lang='lat' dir='ltr'><strong>ln</strong></span> <span class='ocrx_word' id='word_1_677' title='bbox 1275 4767 1346 4818; x_wconf 90' lang='lat' dir='ltr'><strong>libro</strong></span> <span class='ocrx_word' id='word_1_678' title='bbox 1374 4770 1533 4820; x_wconf 88' lang='lat' dir='ltr'><strong>monasterii</strong></span> <span class='ocrx_word' id='word_1_679' title='bbox 1559 4770 1708 4822; x_wconf 89' lang='lat' dir='ltr'><strong>Baccensls</strong></span> <span class='ocrx_word' id='word_1_680' title='bbox 1736 4773 1864 4834; x_wconf 87' lang='lat' dir='ltr'><strong>scriptum</strong></span> <span class='ocrx_word' id='word_1_681' title='bbox 1887 4767 1920 4814; x_wconf 86' lang='lat' dir='ltr'><strong>est</strong></span> 
     </span>
     <span class='ocr_line' id='line_1_52' title="bbox 251 4838 1432 4904; baseline 0.001 -14"><span class='ocrx_word' id='word_1_682' title='bbox 251 4841 338 4891; x_wconf 87' lang='lat' dir='ltr'><strong>sionis</strong></span> <span class='ocrx_word' id='word_1_683' title='bbox 350 4839 465 4890; x_wconf 85' lang='lat' dir='ltr'><strong>vulnera</strong></span> <span class='ocrx_word' id='word_1_684' title='bbox 479 4838 675 4902; x_wconf 86' lang='lat' dir='ltr'><strong>deputandam,</strong></span> <span class='ocrx_word' id='word_1_685' title='bbox 691 4843 719 4890; x_wconf 88' lang='lat' dir='ltr'><strong>at</strong></span> <span class='ocrx_word' id='word_1_686' title='bbox 739 4841 767 4889; x_wconf 94' lang='lat' dir='ltr'><strong>in</strong></span> <span class='ocrx_word' id='word_1_687' title='bbox 790 4839 913 4904; x_wconf 83' lang='lat' dir='ltr'><strong>Epistola</strong></span> <span class='ocrx_word' id='word_1_688' title='bbox 932 4841 968 4891; x_wconf 87' lang='lat' dir='ltr'><strong>ud</strong></span> <span class='ocrx_word' id='word_1_689' title='bbox 985 4843 1070 4892; x_wconf 84' lang='lat' dir='ltr'><strong>licao-</strong></span> <span class='ocrx_word' id='word_1_690' title='bbox 1119 4851 1243 4889; x_wconf 87' lang='lat' dir='ltr'><strong>corrosus</strong></span> <span class='ocrx_word' id='word_1_691' title='bbox 1258 4851 1307 4900; x_wconf 88' lang='lat' dir='ltr'><strong>pro</strong></span> <span class='ocrx_word' id='word_1_692' title='bbox 1321 4844 1432 4891; x_wconf 79' lang='lat' dir='ltr'><strong>tornare.</strong></span> 
     </span>
     <span class='ocr_line' id='line_1_53' title="bbox 252 4909 1920 4975; baseline -0.001 -15"><span class='ocrx_word' id='word_1_693' title='bbox 252 4915 341 4961; x_wconf 84' lang='lat' dir='ltr'><strong>rutum</strong></span> <span class='ocrx_word' id='word_1_694' title='bbox 363 4910 486 4962; x_wconf 88' lang='lat' dir='ltr'><strong>scribere</strong></span> <span class='ocrx_word' id='word_1_695' title='bbox 507 4910 671 4974; x_wconf 88' lang='lat' dir='ltr'><strong>pudicitiam</strong></span> <span class='ocrx_word' id='word_1_696' title='bbox 697 4923 752 4960; x_wconf 91' lang='lat' dir='ltr'><strong>non</strong></span> <span class='ocrx_word' id='word_1_697' title='bbox 775 4911 874 4962; x_wconf 87' lang='lat' dir='ltr'><strong>violari</strong></span> <span class='ocrx_word' id='word_1_698' title='bbox 892 4913 1033 4973; x_wconf 85' lang='lat' dir='ltr'><strong>violentia,</strong></span> <span class='ocrx_word' id='word_1_699' title='bbox 1046 4916 1069 4964; x_wconf 88' lang='lat' dir='ltr'><strong>si</strong></span> <span class='ocrx_word' id='word_1_700' title='bbox 1151 4909 1199 4972; x_wconf 78' lang='lat' dir='ltr'><strong>(lili</strong></span> <span class='ocrx_word' id='word_1_701' title='bbox 1213 4909 1399 4974; x_wconf 77' lang='lat' dir='ltr'><strong>indigentibus.</strong></span> <span class='ocrx_word' id='word_1_702' title='bbox 1422 4911 1496 4962; x_wconf 90' lang='lat' dir='ltr'><strong>lstud</strong></span> <span class='ocrx_word' id='word_1_703' title='bbox 1519 4911 1671 4975; x_wconf 84' lang='lat' dir='ltr'><strong>adiecimus</strong></span> <span class='ocrx_word' id='word_1_704' title='bbox 1693 4928 1728 4964; x_wconf 80' lang='lat' dir='ltr'><strong>aa</strong></span> <span class='ocrx_word' id='word_1_705' title='bbox 1746 4911 1801 4964; x_wconf 90' lang='lat' dir='ltr'><strong>lide</strong></span> <span class='ocrx_word' id='word_1_706' title='bbox 1817 4911 1920 4962; x_wconf 79' lang='lat' dir='ltr'><strong>dirorum</strong></span> 
     </span>
     <span class='ocr_line' id='line_1_54' title="bbox 252 4979 1920 5046; baseline -0.004 -14"><span class='ocrx_word' id='word_1_707' title='bbox 252 4986 345 5032; x_wconf 89' lang='lat' dir='ltr'><strong>manle</strong></span> <span class='ocrx_word' id='word_1_708' title='bbox 368 4985 502 5041; x_wconf 86' lang='lat' dir='ltr'><strong>servatur,</strong></span> <span class='ocrx_word' id='word_1_709' title='bbox 528 4983 660 5046; x_wconf 83' lang='lat' dir='ltr'><strong>quoniam</strong></span> <span class='ocrx_word' id='word_1_710' title='bbox 687 4995 744 5033; x_wconf 78' lang='lat' dir='ltr'><strong>trec</strong></span> <span class='ocrx_word' id='word_1_711' title='bbox 771 4983 799 5032; x_wconf 93' lang='lat' dir='ltr'><strong>in</strong></span> <span class='ocrx_word' id='word_1_712' title='bbox 832 4996 915 5034; x_wconf 88' lang='lat' dir='ltr'><strong>carne</strong></span> <span class='ocrx_word' id='word_1_713' title='bbox 952 4985 1071 5036; x_wconf 80' lang='lat' dir='ltr'><strong>violatur</strong></span> <span class='ocrx_word' id='word_1_714' title='bbox 1120 4981 1606 5034; x_wconf 83' lang='lat' dir='ltr'><strong>reterurnlibrorumnostrorumst</strong></span> <span class='ocrx_word' id='word_1_715' title='bbox 1625 4983 1744 5035; x_wconf 92' lang='lat' dir='ltr'><strong>duorum</strong></span> <span class='ocrx_word' id='word_1_716' title='bbox 1763 4979 1920 5042; x_wconf 78' lang='lat' dir='ltr'><strong>ilemdngli·</strong></span> 
     </span>
     <span class='ocr_line' id='line_1_55' title="bbox 252 5051 1263 5117; baseline 0 -15"><span class='ocrx_word' id='word_1_717' title='bbox 252 5051 365 5116; x_wconf 87' lang='lat' dir='ltr'><strong>quando</strong></span> <span class='ocrx_word' id='word_1_718' title='bbox 389 5052 517 5102; x_wconf 87' lang='lat' dir='ltr'><strong>voluntas</strong></span> <span class='ocrx_word' id='word_1_719' title='bbox 543 5053 673 5116; x_wconf 89' lang='lat' dir='ltr'><strong>patieutis</strong></span> <span class='ocrx_word' id='word_1_720' title='bbox 695 5068 745 5104; x_wconf 90' lang='lat' dir='ltr'><strong>sua</strong></span> <span class='ocrx_word' id='word_1_721' title='bbox 770 5054 885 5117; x_wconf 88' lang='lat' dir='ltr'><strong>turpiter</strong></span> <span class='ocrx_word' id='word_1_722' title='bbox 904 5068 986 5107; x_wconf 89' lang='lat' dir='ltr'><strong>carue</strong></span> <span class='ocrx_word' id='word_1_723' title='bbox 1014 5071 1070 5108; x_wconf 90' lang='lat' dir='ltr'><strong>nou</strong></span> <span class='ocrx_word' id='word_1_724' title='bbox 1120 5065 1263 5102; x_wconf 87' lang='lat' dir='ltr'><strong>canorum.</strong></span> 
     </span>
     <span class='ocr_line' id='line_1_56' title="bbox 252 5121 1920 5194; baseline 0.005 -22"><span class='ocrx_word' id='word_1_725' title='bbox 252 5125 349 5185; x_wconf 88' lang='lat' dir='ltr'><strong>utitur,</strong></span> <span class='ocrx_word' id='word_1_726' title='bbox 362 5123 409 5174; x_wconf 87' lang='lat' dir='ltr'><strong>sed</strong></span> <span class='ocrx_word' id='word_1_727' title='bbox 423 5124 483 5174; x_wconf 85' lang='lat' dir='ltr'><strong>siue</strong></span> <span class='ocrx_word' id='word_1_728' title='bbox 506 5125 689 5175; x_wconf 86' lang='lat' dir='ltr'><strong>consensione</strong></span> <span class='ocrx_word' id='word_1_729' title='bbox 711 5125 811 5176; x_wconf 86' lang='lat' dir='ltr'><strong>tolerat</strong></span> <span class='ocrx_word' id='word_1_730' title='bbox 824 5125 899 5190; x_wconf 89' lang='lat' dir='ltr'><strong>quod</strong></span> <span class='ocrx_word' id='word_1_731' title='bbox 921 5128 992 5178; x_wconf 92' lang='lat' dir='ltr'><strong>alius</strong></span> <span class='ocrx_word' id='word_1_732' title='bbox 1005 5142 1071 5194; x_wconf 89' lang='lat' dir='ltr'><strong>ope-</strong></span> <span class='ocrx_word' id='word_1_733' title='bbox 1152 5125 1354 5184; x_wconf 67' lang='lat' dir='ltr'><strong>lilidetttt&#39;t’t&#39;usu</strong></span> <span class='ocrx_word' id='word_1_734' title='bbox 1368 5126 1509 5191; x_wconf 72' lang='lat' dir='ltr'><strong>conceptio.</strong></span> <span class='ocrx_word' id='word_1_735' title='bbox 1528 5125 1624 5178; x_wconf 84' lang='lat' dir='ltr'><strong>Codex</strong></span> <span class='ocrx_word' id='word_1_736' title='bbox 1641 5125 1847 5193; x_wconf 73' lang='lat' dir='ltr'><strong>Seguierisuut,</strong></span> <span class='ocrx_word' id='word_1_737' title='bbox 1860 5121 1920 5188; x_wconf 65' lang='lat' dir='ltr'><strong>iteri·</strong></span> 
     </span>
     <span class='ocr_line' id='line_1_57' title="bbox 252 5192 1219 5264; baseline 0.009 -22"><span class='ocrx_word' id='word_1_738' title='bbox 252 5197 337 5242; x_wconf 89' lang='lat' dir='ltr'><strong>ratur.</strong></span> <span class='ocrx_word' id='word_1_739' title='bbox 356 5194 522 5244; x_wconf 89' lang='lat' dir='ltr'><strong>Videetiam</strong></span> <span class='ocrx_word' id='word_1_740' title='bbox 545 5192 676 5244; x_wconf 88' lang='lat' dir='ltr'><strong>Ceratum</strong></span> <span class='ocrx_word' id='word_1_741' title='bbox 700 5195 840 5260; x_wconf 83' lang='lat' dir='ltr'><strong>Guyalum</strong></span> <span class='ocrx_word' id='word_1_742' title='bbox 861 5196 908 5247; x_wconf 90' lang='lat' dir='ltr'><strong>lib.</strong></span> <span class='ocrx_word' id='word_1_743' title='bbox 928 5212 956 5258; x_wconf 90' lang='grc' dir='ltr'><strong>ιι,</strong></span> <span class='ocrx_word' id='word_1_744' title='bbox 970 5213 1029 5264; x_wconf 86' lang='lat' dir='ltr'><strong>cap.</strong></span> <span class='ocrx_word' id='word_1_745' title='bbox 1046 5203 1070 5262; x_wconf 86' lang='lat'><strong>7,</strong></span> <span class='ocrx_word' id='word_1_746' title='bbox 1120 5193 1219 5246; x_wconf 71' lang='lat' dir='ltr'><strong>culusu-</strong></span> 
     </span>
     <span class='ocr_line' id='line_1_58' title="bbox 252 5263 1922 5330; baseline -0.002 -18"><span class='ocrx_word' id='word_1_747' title='bbox 252 5277 313 5329; x_wconf 88' lang='lat' dir='ltr'><strong>pag.</strong></span> <span class='ocrx_word' id='word_1_748' title='bbox 334 5265 387 5325; x_wconf 77' lang='lat' dir='ltr'><strong>tra,</strong></span> <span class='ocrx_word' id='word_1_749' title='bbox 401 5265 582 5330; x_wconf 76' lang='lat' dir='ltr'><strong>Heorloloplae.</strong></span> <span class='ocrx_word' id='word_1_750' title='bbox 596 5265 748 5318; x_wconf 88' lang='lat' dir='ltr'><strong>Suetonius</strong></span> <span class='ocrx_word' id='word_1_751' title='bbox 760 5270 786 5316; x_wconf 93' lang='lat' dir='ltr'><strong>in</strong></span> <span class='ocrx_word' id='word_1_752' title='bbox 801 5267 911 5320; x_wconf 88' lang='lat' dir='ltr'><strong>Tiberio</strong></span> <span class='ocrx_word' id='word_1_753' title='bbox 930 5285 936 5319; x_wconf 77' lang='grc' dir='ltr'><strong><em>ε</em></strong></span> <span class='ocrx_word' id='word_1_754' title='bbox 951 5272 1071 5322; x_wconf 89' lang='lat' dir='ltr'><strong>«Imma-</strong></span> <span class='ocrx_word' id='word_1_755' title='bbox 1128 5285 1132 5299; x_wconf 91' lang='lat'><strong>·</strong></span> <span class='ocrx_word' id='word_1_756' title='bbox 1152 5265 1200 5328; x_wconf 73' lang='lat' dir='ltr'><strong>tter</strong></span> <span class='ocrx_word' id='word_1_757' title='bbox 1212 5264 1292 5316; x_wconf 83' lang='lat' dir='ltr'><strong>Aliud</strong></span> <span class='ocrx_word' id='word_1_758' title='bbox 1309 5272 1345 5318; x_wconf 85' lang='lat' dir='ltr'><strong>ert</strong></span> <span class='ocrx_word' id='word_1_759' title='bbox 1357 5270 1436 5319; x_wconf 78' lang='lat' dir='ltr'><strong>caim.</strong></span> <span class='ocrx_word' id='word_1_760' title='bbox 1450 5271 1573 5321; x_wconf 82' lang='lat' dir='ltr'><strong>loannes</strong></span> <span class='ocrx_word' id='word_1_761' title='bbox 1586 5270 1668 5322; x_wconf 90' lang='lat' dir='ltr'><strong>Picus</strong></span> <span class='ocrx_word' id='word_1_762' title='bbox 1684 5267 1835 5320; x_wconf 82' lang='lat' dir='ltr'><strong>Mirandula</strong></span> <span class='ocrx_word' id='word_1_763' title='bbox 1853 5263 1922 5314; x_wconf 87' lang='lat' dir='ltr'><strong>aliter</strong></span> 
     </span>
     <span class='ocr_line' id='line_1_59' title="bbox 252 5336 1921 5407; baseline 0.005 -23"><span class='ocrx_word' id='word_1_764' title='bbox 252 5336 452 5399; x_wconf 71' lang='lat' dir='ltr'><strong>incapacitas,</strong></span> <span class='ocrx_word' id='word_1_765' title='bbox 475 5337 539 5401; x_wconf 88' lang='lat' dir='ltr'><strong>quia</strong></span> <span class='ocrx_word' id='word_1_766' title='bbox 568 5349 644 5388; x_wconf 88' lang='lat' dir='ltr'><strong>more</strong></span> <span class='ocrx_word' id='word_1_767' title='bbox 675 5339 776 5389; x_wconf 88' lang='lat' dir='ltr'><strong>tradito</strong></span> <span class='ocrx_word' id='word_1_768' title='bbox 811 5341 889 5390; x_wconf 87' lang='lat' dir='ltr'><strong>naias</strong></span> <span class='ocrx_word' id='word_1_769' title='bbox 916 5347 989 5393; x_wconf 88' lang='lat' dir='ltr'><strong>esset</strong></span> <span class='ocrx_word' id='word_1_770' title='bbox 1013 5343 1071 5392; x_wconf 85' lang='grc' dir='ltr'>ιιι·</span> <span class='ocrx_word' id='word_1_771' title='bbox 1120 5337 1275 5402; x_wconf 74' lang='lat' dir='ltr'><strong>lugabalia</strong></span> <span class='ocrx_word' id='word_1_772' title='bbox 1301 5354 1352 5391; x_wconf 90' lang='lat' dir='ltr'><strong>suo</strong></span> <span class='ocrx_word' id='word_1_773' title='bbox 1378 5342 1483 5394; x_wconf 91' lang='lat' dir='ltr'><strong>codice.</strong></span> <span class='ocrx_word' id='word_1_774' title='bbox 1510 5342 1626 5407; x_wconf 88' lang='lat' dir='ltr'><strong>Scripsit</strong></span> <span class='ocrx_word' id='word_1_775' title='bbox 1644 5345 1718 5395; x_wconf 89' lang='lat' dir='ltr'><strong>enim</strong></span> <span class='ocrx_word' id='word_1_776' title='bbox 1744 5336 1921 5392; x_wconf 71' lang='lat' dir='ltr'><strong>:adliudtsl</strong></span> 
     </span>
     <span class='ocr_line' id='line_1_60' title="bbox 252 5407 1922 5477; baseline 0.002 -21"><span class='ocrx_word' id='word_1_777' title='bbox 252 5407 332 5471; x_wconf 84' lang='lat' dir='ltr'><strong>ginas</strong></span> <span class='ocrx_word' id='word_1_778' title='bbox 356 5407 532 5472; x_wconf 81' lang='lat' dir='ltr'><strong>strangulari,</strong></span> <span class='ocrx_word' id='word_1_779' title='bbox 562 5408 664 5459; x_wconf 71' lang='lat' dir='ltr'><strong>vitiatas</strong></span> <span class='ocrx_word' id='word_1_780' title='bbox 694 5409 770 5473; x_wconf 91' lang='lat' dir='ltr'><strong>prius</strong></span> <span class='ocrx_word' id='word_1_781' title='bbox 796 5425 811 5460; x_wconf 87' lang='lat' dir='ltr'><strong>a</strong></span> <span class='ocrx_word' id='word_1_782' title='bbox 837 5411 978 5476; x_wconf 83' lang='lat' dir='ltr'><strong>carnifice,</strong></span> <span class='ocrx_word' id='word_1_783' title='bbox 1006 5413 1070 5466; x_wconf 88' lang='lat' dir='ltr'><strong>dein</strong></span> <span class='ocrx_word' id='word_1_784' title='bbox 1121 5411 1196 5460; x_wconf 91' lang='lat' dir='ltr'><strong>anim</strong></span> <span class='ocrx_word' id='word_1_785' title='bbox 1209 5413 1372 5475; x_wconf 80' lang='lat' dir='ltr'><strong>martyrium</strong></span> <span class='ocrx_word' id='word_1_786' title='bbox 1388 5412 1484 5468; x_wconf 87' lang='lat' dir='ltr'><strong>deesse</strong></span> <span class='ocrx_word' id='word_1_787' title='bbox 1501 5413 1690 5477; x_wconf 89' lang='lat' dir='ltr'><strong>animc,aliud</strong></span> <span class='ocrx_word' id='word_1_788' title='bbox 1704 5416 1828 5464; x_wconf 89' lang='lat' dir='ltr'><strong>animum</strong></span> <span class='ocrx_word' id='word_1_789' title='bbox 1839 5409 1922 5460; x_wconf 74' lang='lat' dir='ltr'><strong>demae</strong></span> 
     </span>
     <span class='ocr_line' id='line_1_61' title="bbox 252 5478 1546 5548; baseline 0.009 -21"><span class='ocrx_word' id='word_1_790' title='bbox 252 5479 459 5545; x_wconf 74' lang='lat' dir='ltr'><strong>strangulatas</strong></span> <span class='ocrx_word' id='word_1_791' title='bbox 484 5479 525 5530; x_wconf 92' lang='lat' dir='ltr'><strong>De</strong></span> <span class='ocrx_word' id='word_1_792' title='bbox 551 5478 608 5529; x_wconf 86' lang='lat' dir='ltr'><strong>fllia</strong></span> <span class='ocrx_word' id='word_1_793' title='bbox 622 5481 715 5545; x_wconf 85' lang='lat' dir='ltr'><strong>Sejaui</strong></span> <span class='ocrx_word' id='word_1_794' title='bbox 736 5481 774 5531; x_wconf 90' lang='lat' dir='ltr'><strong>ila</strong></span> <span class='ocrx_word' id='word_1_795' title='bbox 789 5482 873 5533; x_wconf 87' lang='lat' dir='ltr'><strong>etiem</strong></span> <span class='ocrx_word' id='word_1_796' title='bbox 888 5488 1004 5535; x_wconf 81' lang='lat' dir='ltr'><strong>testatur</strong></span> <span class='ocrx_word' id='word_1_797' title='bbox 1019 5486 1071 5538; x_wconf 91' lang='lat' dir='ltr'><strong>Dio</strong></span> <span class='ocrx_word' id='word_1_798' title='bbox 1121 5482 1262 5543; x_wconf 58' lang='lat' dir='ltr'><strong>martyria</strong></span> <span class='ocrx_word' id='word_1_799' title='bbox 1279 5499 1293 5525; x_wconf 70' lang='grc' dir='ltr'><strong>ι»</strong></span> <span class='ocrx_word' id='word_1_800' title='bbox 1313 5481 1352 5531; x_wconf 80' lang='lat' dir='ltr'><strong>ltu</strong></span> <span class='ocrx_word' id='word_1_801' title='bbox 1369 5483 1396 5532; x_wconf 86' lang='lat' dir='ltr'><strong>in</strong></span> <span class='ocrx_word' id='word_1_802' title='bbox 1408 5483 1546 5548; x_wconf 72' lang='lat' dir='ltr'><strong>Apologia.</strong></span> 
     </span>
     <span class='ocr_line' id='line_1_62' title="bbox 253 5547 1921 5622; baseline 0.003 -23"><span class='ocrx_word' id='word_1_803' title='bbox 253 5547 531 5602; x_wconf 72' lang='lat' dir='ltr'><strong>Cassiuellauno.</strong></span> <span class='ocrx_word' id='word_1_804' title='bbox 558 5550 630 5602; x_wconf 91' lang='lat' dir='ltr'><strong>Vide</strong></span> <span class='ocrx_word' id='word_1_805' title='bbox 654 5552 805 5604; x_wconf 85' lang='lat' dir='ltr'><strong>Beronium</strong></span> <span class='ocrx_word' id='word_1_806' title='bbox 832 5555 866 5605; x_wconf 89' lang='lat' dir='ltr'><strong>ad</strong></span> <span class='ocrx_word' id='word_1_807' title='bbox 892 5553 966 5606; x_wconf 89' lang='lat' dir='ltr'><strong>diem</strong></span> <span class='ocrx_word' id='word_1_808' title='bbox 983 5553 1014 5606; x_wconf 75' lang='lat' dir='ltr'><strong>rt</strong></span> <span class='ocrx_word' id='word_1_809' title='bbox 1030 5557 1071 5608; x_wconf 84' lang='lat' dir='ltr'><strong>Ja-</strong></span> <span class='ocrx_word' id='word_1_810' title='bbox 1153 5551 1361 5614; x_wconf 79' lang='lat' dir='ltr'><strong>tlilllieutlcrut.</strong></span> <span class='ocrx_word' id='word_1_811' title='bbox 1378 5555 1413 5605; x_wconf 87' lang='lat' dir='ltr'><strong>Et</strong></span> <span class='ocrx_word' id='word_1_812' title='bbox 1430 5556 1505 5605; x_wconf 89' lang='lat' dir='ltr'><strong>istud</strong></span> <span class='ocrx_word' id='word_1_813' title='bbox 1521 5569 1633 5622; x_wconf 89' lang='lat' dir='ltr'><strong>quoque</strong></span> <span class='ocrx_word' id='word_1_814' title='bbox 1652 5557 1848 5621; x_wconf 84' lang='lat' dir='ltr'><strong>adiecimusex</strong></span> <span class='ocrx_word' id='word_1_815' title='bbox 1869 5548 1921 5614; x_wconf 78' lang='lat' dir='ltr'><strong>qui·</strong></span> 
     </span>
     <span class='ocr_line' id='line_1_63' title="bbox 252 5621 1920 5696; baseline 0 -24"><span class='ocrx_word' id='word_1_816' title='bbox 252 5623 356 5672; x_wconf 87' lang='lat' dir='ltr'><strong>nuarii.</strong></span> <span class='ocrx_word' id='word_1_817' title='bbox 1120 5621 1238 5674; x_wconf 87' lang='lat' dir='ltr'><strong>busdam</strong></span> <span class='ocrx_word' id='word_1_818' title='bbox 1252 5623 1396 5676; x_wconf 90' lang='lat' dir='ltr'><strong>codicibus</strong></span> <span class='ocrx_word' id='word_1_819' title='bbox 1408 5627 1509 5678; x_wconf 88' lang='lat' dir='ltr'><strong>nostris</strong></span> <span class='ocrx_word' id='word_1_820' title='bbox 1524 5631 1552 5680; x_wconf 88' lang='lat' dir='ltr'><strong>et</strong></span> <span class='ocrx_word' id='word_1_821' title='bbox 1566 5642 1601 5680; x_wconf 88' lang='lat' dir='ltr'><strong>ax</strong></span> <span class='ocrx_word' id='word_1_822' title='bbox 1620 5627 1787 5696; x_wconf 85' lang='lat' dir='ltr'><strong>quibusdam</strong></span> <span class='ocrx_word' id='word_1_823' title='bbox 1802 5622 1920 5690; x_wconf 78' lang='lat' dir='ltr'><strong>anglia·</strong></span> 
     </span>
     <span class='ocr_line' id='line_1_64' title="bbox 284 5692 1624 5764; baseline 0.004 -18"><span class='ocrx_word' id='word_1_824' title='bbox 284 5693 332 5757; x_wconf 81' lang='grc'>(38)</span> <span class='ocrx_word' id='word_1_825' title='bbox 372 5692 489 5744; x_wconf 82' lang='lat' dir='ltr'><strong>Delicatu</strong></span> <span class='ocrx_word' id='word_1_826' title='bbox 517 5695 653 5744; x_wconf 72' lang='lat' dir='ltr'><strong>meritona.</strong></span> <span class='ocrx_word' id='word_1_827' title='bbox 686 5693 783 5746; x_wconf 87' lang='lat' dir='ltr'><strong>Victor</strong></span> <span class='ocrx_word' id='word_1_828' title='bbox 811 5695 934 5748; x_wconf 83' lang='lat' dir='ltr'><strong>vitensis</strong></span> <span class='ocrx_word' id='word_1_829' title='bbox 961 5698 1010 5752; x_wconf 86' lang='lat' dir='ltr'><strong>lib.</strong></span> <span class='ocrx_word' id='word_1_830' title='bbox 1042 5714 1071 5763; x_wconf 87' lang='lat' dir='ltr'><strong>v,</strong></span> <span class='ocrx_word' id='word_1_831' title='bbox 1120 5693 1172 5744; x_wconf 84' lang='lat' dir='ltr'><strong>nis.</strong></span> <span class='ocrx_word' id='word_1_832' title='bbox 1190 5693 1389 5748; x_wconf 86' lang='lat' dir='ltr'><strong>Potesttamen</strong></span> <span class='ocrx_word' id='word_1_833' title='bbox 1406 5699 1624 5764; x_wconf 81' lang='lat' dir='ltr'><strong>essaglossema.</strong></span> 
     </span>
     <span class='ocr_line' id='line_1_65' title="bbox 252 5764 1070 5840; baseline 0.002 -20"><span class='ocrx_word' id='word_1_834' title='bbox 252 5776 314 5832; x_wconf 83' lang='lat' dir='ltr'><strong>cap.</strong></span> <span class='ocrx_word' id='word_1_835' title='bbox 328 5767 395 5819; x_wconf 77' lang='lat' dir='ltr'><strong>er«</strong></span> <span class='ocrx_word' id='word_1_836' title='bbox 423 5765 546 5818; x_wconf 79' lang='lat' dir='ltr'><strong>Matrona</strong></span> <span class='ocrx_word' id='word_1_837' title='bbox 574 5764 675 5817; x_wconf 89' lang='lat' dir='ltr'><strong>nobilis</strong></span> <span class='ocrx_word' id='word_1_838' title='bbox 697 5777 730 5816; x_wconf 89' lang='lat' dir='ltr'><strong>aa</strong></span> <span class='ocrx_word' id='word_1_839' title='bbox 751 5765 910 5820; x_wconf 80' lang='lat' dir='ltr'><strong>delicata.»</strong></span> <span class='ocrx_word' id='word_1_840' title='bbox 934 5771 1070 5840; x_wconf 79' lang='lat' dir='ltr'><strong>lliarouy-</strong></span> 
     </span>
    </p>
   </div>
   <div class='ocr_carea' id='block_1_8' title="bbox 0 0 2013 6208">
    <p class='ocr_par' dir='ltr' id='par_1_8' title="bbox 0 0 2013 6208">
     <span class='ocr_line' id='line_1_66' title="bbox 0 0 2013 6208; baseline 0 0"><span class='ocrx_word' id='word_1_841' title='bbox 0 0 2013 6208; x_wconf 95' lang='lat' dir='ltr'><strong> </strong></span> 
     </span>
    </p>
   </div>
  </div>
 </body>
</html>
