4080 6200
270 235 322 292 295
730 229 759 289 S.
778 224 937 292 chartul
956 226 1095 294 OPERUli
1114 226 1200 294 PARS
1215 231 1236 291 l.
1252 265 1286 278 -
1304 227 1485 294 EPiSTOtAE.
1882 244 1928 300 tib

268 359 430 430 promotum
447 358 499 413 est.
511 355 583 427 Opto
598 369 657 423 vos,
671 355 775 412 iratres
785 356 956 426 charissimi,
971 375 1085 430 semper
1095 359 1239 444 Ailernm
1266 376 1332 414 eum
1363 357 1539 414 confessione
1571 359 1730 432 geminatus
1762 369 1930 434 promerendi

268 451 341 507 bena
367 449 461 505 valere
485 453 514 504 et
540 449 630 506 nostri
657 449 836 506 meminisse.
865 451 1083 508 Fraternitatem
1136 453 1185 508 llei
1200 453 1298 520 titulis,
1311 457 1386 508 stare
1401 453 1484 508 firmo
1496 454 1518 488 ⁶¹
1543 455 1644 526 gradu,
1660 459 1689 510 et
1706 455 1736 510 in
1755 455 1804 512 hac
1822 459 1930 531 acieqoi

268 545 399 601 salutate.
415 543 520 600 Valete.
1135 547 1322 619 Evangelium
1352 553 1493 602 conantur
1521 548 1684 619 irrumpere
1714 555 1764 618 ct,
1795 555 1932 624 praecptis

452 687 731 764 aserenon
750 689 814 746 xxv
835 691 902 762 oo·
1135 639 1675 803 tittltittlitlltit?
1694 644 1931 807 iilltltlt

236 801 240 810 '
268 805 438 870 (Erasm.‚1v,
454 803 1086 888 ³3rnm01,‚argn.,mlua.,xxv;Pario-‚¹¹1t5
1135 827 1214 883 initia
1238 827 1480 896 virtutum,nuuc
1502 831 1665 884 cimorum
1688 830 1844 901 magisteria
1864 849 1930 903 prte-

523 877 619 940 ⁰¹⁰⁰''
631 877 711 942 Μ’
726 877 827 940 ΝΜ)
1134 921 1214 977 bere.
1231 921 1368 978 Dominus
1381 927 1445 993 post
1457 923 1695 979 resurrectionem
1710 924 1821 980 mittens
1832 932 1930 996 aposto·

296 1002 330 1042 aa
349 1001 455 1042 uorsaa
474 1002 505 1040 ar
524 1000 649 1042 urxruuu
665 1001 698 1041 ar
717 1000 842 1042 cmrerms
862 1000 1058 1042 consessores.
1133 1016 1176 1072 ¹03
1197 1015 1316 1071 mandat
1335 1020 1362 1070 Μ
1382 1014 1471 1072 dicit:
1493 1017 1566 1070 „aya
1579 1021 1618 1072 ω,
1642 1017 1709 1072 mpu-
1727 1020 1811 1072 my,
1828 1024 1931 1089 pompm

270 1101 470 1155 decussantur.
496 1129 530 1138 -
554 1098 680 1169 Epistola
703 1099 758 1154 two
782 1101 820 1154 est
843 1100 1027 1168 statutatttitt
1048 1100 1085 1155 tut
1133 1110 1320 1164 inculcatio
1335 1111 1471 1164 terrulis
1491 1124 1553 1177 arpo
1575 1115 1602 1164 et
1624 1109 1714 1165 docete
1735 1116 1823 1178 pentes
1842 1126 1929 1175 omnes,

519 1189 683 1256 ⁰⁰¹²s⁶⁸⁸⁰i⁶⁸
699 1188 842 1244 R⁰m⁰¹t⁰b
1135 1204 1269 1271 tingentes
1283 1201 1306 1236 ⁸³
1319 1217 1361 1257 eos
1375 1203 1405 1256 in
1423 1203 1530 1258 nomine
1546 1203 1637 1258 Patris
1655 1209 1683 1258 et
1702 1203 1766 1258 Filii
1777 1209 1803 1258 et
1825 1203 1932 1274 Spiritus

305 1308 325 1362 l.
357 1307 513 1384 Cyprianus
539 1307 624 1379 ltoysi
649 1311 678 1362 et
701 1308 823 1363 blaximo
853 1309 1029 1381 presbyteris
1056 1314 1085 1364 et
1133 1298 1231 1358 sancti,
1264 1295 1385 1350 docentes
1420 1310 1463 1350 eos
1492 1295 1631 1352 obsonare
1663 1298 1756 1352 omnio
1787 1311 1934 1368 qwcanque

268 1400 377 1456 ceteris
401 1399 621 1468 confessoribus,
649 1400 842 1456 dileetissimis
871 1401 1014 1471 iratribus,
1039 1419 1083 1458 sa-
1132 1389 1250 1460 Piaetillt‘
1279 1389 1353 1444 2¹01)ss
1385 1388 1506 1460 (Mattio
1540 1403 1637 1456 ¹¹V¹¹¹2
1673 1389 1727 1460 le).
1761 1389 1793 1444 Εῑ
1823 1392 1933 1445 10301]θῦ

268 1495 367 1550 lutam.
392 1490 517 1549 Gloriam
549 1492 617 1548 iidei
642 1499 670 1550 et
700 1493 813 1549 virtutis
844 1499 958 1566 vestra,
984 1495 1083 1552 iortis·
1132 1481 1421 1553 ⁸P⁰⁵t⁰¹¹¹⁵fflfl¹¹dflti
1440 1479 1931 1554 ¹11‘³¹¹101'issssllsst0lst³¹¹t²it⁰⁸t1¹¹⁰·

270 1587 333 1644 simi
364 1588 387 1623 ⁵¹
421 1603 454 1644 ac
483 1586 640 1642 beatissimi
678 1587 805 1656 iratres,
840 1587 1017 1661 jampridem
1049 1589 1084 1645 de
1134 1575 1202 1630 dum
1224 1575 1308 1646 9⁰¹¹st
1329 1576 1353 1611 ⁶⁴
1382 1591 1389 1630 ²
1413 1577 1448 1630 ¹²¹
1472 1575 1530 1638 ¹4⁰⁶»
1552 1573 1658 1646 inquit»
1682 1577 1857 1645 intelligimus
1876 1579 1935 1647 itti

269 1680 403 1752 opinione
427 1695 629 1752 cognoveram,
652 1681 763 1736 loeutus
784 1681 853 1736 satis
874 1685 904 1738 et
925 1682 1081 1755 plurimum
1134 1676 1305 1744 connovitius
1325 1689 1395 1738 eum,
1407 1675 1432 1729 tt
1447 1679 1584 1745 praecepta
1603 1676 1664 1743 tint
1681 1675 1871 1732 custodiamus.
1891 1678 1936 1744 Oui

269 1775 425 1846 gratulatus
440 1774 516 1846 quod
536 1790 585 1829 vos
598 1773 773 1830 couiessione
789 1775 832 1830 sui
851 1776 977 1830 nominis
997 1739 1200 1847 para-Bttt'oe't
1220 1770 1348 1839 quoniam
1371 1770 1495 1839 connivit
1521 1783 1581 1824 eum
1603 1775 1629 1824 et
1653 1770 1790 1824 mandata
1813 1770 1869 1838 ejus
1888 1785 1936 1824 nen

268 1867 343 1924 verit
361 1868 396 1902 ⁵¹·
410 1865 445 1922 ad
468 1882 605 1923 coronam
630 1866 742 1924 Domini
770 1868 859 1923 nostri
885 1871 951 1924 iesu
978 1867 1083 1926 Christi
1133 1867 1232 1926 acwot,
1247 1862 1415 1920 mendoceat
1434 1863 1573 1918 cineratos
1592 1863 1684 1917 initio
1699 1869 1808 1918 nonest
1826 1864 1936 1932 (iicon,

267 1959 413 2033 praecipua
436 1959 577 2032 dignatio.
599 1962 653 2015 Vos
676 1960 753 2016 enim
779 1961 922 2032 primores
943 1964 973 2016 et
997 1961 1083 2017 duces
1134 1972 1163 2023 11,
1178 1957 1204 2023 3,
1225 1955 1263 2026 t).
1289 1957 1354 2011 llaec
1376 1959 1519 2027 precepta
1542 1955 1731 2012 custodienda
1750 1957 1774 1992 ⁸⁵
1796 1955 1937 2028 suggeritis

267 2054 303 2110 ad
322 2053 410 2108 nostri
424 2055 564 2125 temporis
577 2053 709 2126 pralium
737 2053 815 2122 iacti,
831 2053 953 2111 coelestis
972 2055 1083 2110 militia
1134 2048 1230 2104 divina
1251 2051 1280 2104 et
1299 2049 1425 2105 coelestio
1439 2049 1574 2105 mandata
1594 2049 1720 2105 servatis.
1745 2051 1802 2106 Hoc
1817 2056 1858 2106 cst
1876 2067 1937 2105 con-

265 2149 347 2219 sigua
361 2146 497 2203 movistis.
513 2148 567 2202 Vos
587 2147 713 2218 spiritale
733 2153 878 2204 certamen
906 2147 981 2220 quod
1005 2164 1083 2204 nnnc
1133 2142 1272 2198 sessorem
1292 2141 1487 2206 Domini,th
1510 2149 1631 2198 estesse
1652 2146 1811 2216 martyrem
1832 2141 1937 2210 Christi,

268 2240 329 2314 geri
350 2242 426 2296 Deus
448 2239 538 2297 voluit
557 2241 658 2297 vestris
680 2241 832 2297 virtutibus
854 2241 1004 2297 imbuistis.
1028 2243 1084 2298 Vos
1133 2253 1246 2292 servare
1277 2239 1353 2292 vocis
1385 2253 1443 2292 suae
1476 2236 1641 2292 inviolatam
1672 2237 1746 2293 circa
1780 2237 1885 2306 omnia,
1914 2243 1939 2292 et

267 2335 409 2406 surgentis
432 2334 500 2390 belli
526 2335 785 2407 impetuslprimos
814 2336 954 2391 immobili
978 2336 1081 2392 robore
1133 2326 1253 2383 solidam
1286 2327 1463 2382 firmitatem.
1494 2327 1565 2382 Nom
1602 2326 1675 2383 velle
1710 2333 1817 2400 praeter
1851 2327 1938 2383 ltomi·

266 2433 352 2500 atque
370 2427 539 2484 inconcussa
555 2427 706 2484 stabilitate
720 2429 744 2462 ⁸³
760 2427 893 2499 fregistis.
916 2429 984 2484 inde
1003 2428 1083 2484 initia
1133 2437 1202 2476 num
1222 2422 1247 2456 ⁶⁶
1271 2419 1326 2492 (63)
1349 2425 1505 2492 martyrem
1525 2419 1586 2476 fleri
1609 2423 1638 2476 et
1660 2425 1804 2493 precepta
1829 2421 1936 2478 Domini

266 2521 358 2578 felicia
373 2520 521 2594 pugnandi
534 2526 596 2577 orta
609 2523 693 2589 sunt3
715 2519 782 2576 inde
800 2521 936 2577 vincendi
957 2521 1083 2593 auspicia
1133 2515 1278 2570 destruere
1305 2513 1423 2584 conari,
1448 2516 1481 2568 ut
1506 2514 1639 2570 adversus
1661 2513 1743 2570 ilium
1772 2515 1935 2588 dignatione

266 2619 421 2687 caeperunt.
448 2613 573 2686 Contigit
583 2615 607 2649 i*
634 2613 680 2669 hio
705 2629 758 2686 per
781 2619 926 2672 tormenta
947 2631 1082 2670 consum·
1133 2624 1220 2681 quam
1235 2606 1287 2663 tibi
1300 2607 1419 2678 dederit,
1433 2606 1519 2662 armis
1540 2606 1576 2662 ab
1594 2607 1643 2662 illo
1663 2608 1789 2680 acceptis
1809 2607 1940 2663 rebellem

264 2708 338 2764 mari
353 2707 376 2742 ⁵⁵
395 2707 542 2780 martyria.
558 2708 613 2764 sed
627 2707 677 2780 qui
695 2707 725 2762 in
747 2707 949 2780 congressione
963 2709 987 2744 ὃ*
1006 2725 1080 2780 prae-
1132 2700 1344 2774 quodammodo
1376 2700 1448 2771 lieri,
1476 2701 1532 2756 hoc
1561 2706 1603 2756 est
1634 2701 1781 2758 Christum
1812 2701 1936 2758 conliteri

265 2802 369 2858 cedens
382 2801 550 2874 exemplum
563 2801 674 2857 virtutis
689 2801 824 2858 iratribus
842 2801 932 2858 iactus
947 2805 1001 2870 est,
1016 2819 1080 2858 cum
1131 2795 1203 2850 veile
1217 2795 1240 2830 ⁸⁷
1255 2801 1284 2850 et
1298 2793 1484 2866 Evangelium
1499 2794 1603 2850 Christi
1622 2811 1740 2867 negare.
1757 2799 1848 2852 tator
1861 2794 1941 2866 igitur

264 2895 439 2968 martyribus
472 2894 502 2950 in
540 2896 649 2952 honoro
679 2895 839 2951 communis
869 2900 921 2952 est.
956 2897 1081 2952 Coronas
1131 2904 1165 2943 ex
1189 2887 1278 2957 robis,
1302 2887 1450 2943 fortissimi
1474 2888 1499 2923 ⁶⁸
1527 2903 1560 2942 ac
1585 2887 1741 2944 fidelissimi
1770 2891 1890 2947 iratres:
1916 2891 1941 2942 et

263 2992 358 3048 vestra
371 2989 392 3023 ⁵⁷
416 3005 503 3044 manu
526 2994 617 3045 sertas
638 2988 706 3045 inde
728 2990 784 3045 huo
807 2989 972 3061 tradidistis,
995 2994 1024 3046 ot
1044 2989 1080 3044 rin
1131 2985 1272 3053 quantum
1288 2981 1417 3053 gratulor
1429 2981 1602 3054 martyribus
1614 2981 1678 3038 istic
1693 2983 1717 3018 θ’
1730 2982 1878 3039 honoratis
1890 2981 1940 3054 (ii)

262 3084 366 3157 poculo
379 3083 496 3138 salutari
506 3082 643 3139 iratribus
655 3083 839 3155 propinastis.
1091 3105 1119 3180 C
1132 3075 1168 3131 ob
1182 3074 1285 3131 virium
1299 3075 1431 3148 gloriam,
1444 3077 1559 3130 tantum
1572 3077 1700 3147 gratmor
1710 3076 1856 3148 perimet
1869 3075 1942 3131 robis

301 3177 333 3232 li.
357 3176 482 3232 Accessit
507 3176 542 3232 ad
565 3176 750 3232 confessionis
773 3175 888 3232 exordia
911 3177 1033 3249 gloriosa
1051 3181 1081 3234 et
1132 3170 1167 3225 ⁰b
1187 3168 1343 3226 Dominio&
1358 3169 1444 3224 etiam
1462 3168 1618 3240 disciplina
1633 3185 1784 3228 coronam.
1800 3171 1940 3242 [lignatio-

262 3269 373 3326 militim
384 3269 408 3304 ⁵⁸
420 3268 541 3323 victricis
551 3269 677 3341 auspicia
690 3268 845 3340 discipline
858 3275 1034 3343 tenorqnem
1044 3271 1079 3326 de
1130 3279 1197 3319 nem
1221 3279 1302 3318 suam
1330 3262 1470 3319 Dominus
1496 3262 1647 3335 multiplici
1673 3280 1782 3337 genere
1809 3265 1941 3336 largitatis

263 3362 392 3434 epistola
404 3361 503 3434 vigore
516 3361 725 3434 perspeximus,
739 3379 827 3435 quam
841 3364 976 3420 modoad
992 3365 1078 3422 colle·
1130 3361 1244 3431 infudit,
1260 3363 1400 3418 bonorum
1415 3361 1539 3417 militum
1553 3362 1650 3418 laudes
1662 3365 1691 3418 et
1712 3361 1820 3434 glorias
1832 3361 1940 3435 spirita·

263 3473 314 3530 gas
342 3461 448 3510 vestros
472 3454 503 3510 iu
530 3455 708 3512 coniessione
735 3455 880 3512 vobiscum
908 3458 1030 3514 Domino
1056 3459 1079 3494 ⁶⁹
1131 3457 1173 3512 les
1203 3456 1316 3528 eopiosa
1351 3455 1485 3512 varietate
1519 3454 1672 3511 distribuit.
1707 3456 1831 3512 lionoris
1863 3455 1941 3510 vestri

263 3549 411 3620 copulatos
435 3547 490 3620 (θῖ)
512 3549 630 3605 sollicita
652 3549 850 3606 admonitione
873 3552 990 3608 misistis
1003 3551 1027 3588 ⁰⁰
1049 3555 1082 3608 ut
1130 3551 1281 3624 participes
1295 3555 1323 3605 et
1336 3565 1388 3604 nos
1409 3565 1517 3618 somus,
1532 3549 1653 3622 gloriam
1671 3554 1796 3605 vestram
1819 3552 1941 3605 nostram

261 3641 409 3714 Evangelii
418 3643 1081 3714 sancmpraeceptacttraditanobissemelman-
1130 3645 1251 3717 gloriam
1273 3648 1483 3714 computamus,
1499 3659 1620 3714 quorum
1640 3648 1772 3714 tempora
1796 3643 1942 3700 illustrarit

262 3738 329 3793 data
343 3735 437 3792 vitalia
452 3735 519 3791 lorti
539 3739 569 3791 ct
589 3736 683 3790 stabili
704 3735 901 3793 observatione
915 3741 1077 3795 teneantur.
1128 3743 1207 3794 tanta
1222 3737 1350 3806 felicitas,
1364 3740 1397 3791 ut
1411 3739 1526 3792 sautem
1549 3740 1676 3792 nostram
1692 3736 1746 3808 (65)
1768 3737 1865 3794 videre
1876 3752 1940 3792 con·

260 3831 331 3888 Ecce
355 3829 426 3885 alius
453 3829 552 3902 gloriae
583 3833 685 3886 vestrae
717 3831 848 3886 sublimis
874 3833 990 3904 gradus,
1013 3849 1078 3888 ecoe
1128 3832 1259 3904 tingeret
1280 3829 1414 3902 probatos
1437 3845 1532 3886 servos
1561 3829 1611 3885 Dei
1640 3831 1669 3886 et
1698 3829 1805 3887 Christi
1839 3831 1941 3886 milites

951 3956 1056 4021 Varias
1076 3956 1244 4021 lectiones.

291 4072 313 4106 ⁵¹
335 4069 498 4124 cbarissimi
516 4071 585 4123 lam
610 4071 688 4122 litor.
722 4073 744 4108 ⁵¹
765 4073 949 4126 illustraverit
974 4075 1030 4125 Ver.
1065 4078 1085 4110 ⁵³
1107 4075 1278 4126 inconcussa
1296 4075 1362 4128 fidei
1383 4075 1534 4129 stabilitate
1556 4075 1627 4126 tom.
1662 4075 1682 4109 ⁵⁴
1699 4073 1847 4142 Contingit
1866 4073 1939 4126 Osos.

260 4144 282 4180 ⁶⁵
296 4143 501 4196 Consummera
520 4145 574 4194 Ver.
610 4143 630 4178 ⁵⁸
644 4143 827 4197 Conressmne
841 4147 909 4196 tom.
926 4145 1001 4196 litor.
1021 4146 1075 4198 ΝΟ.
1092 4148 1115 4199 l.
1149 4145 1169 4180 Ἰ
1189 4145 1301 4198 Vestras
1319 4149 1374 4198 llil.
1409 4146 1486 4198 “Ad
1508 4145 1635 4212 glorioaae
1655 4145 1763 4196 militias
1785 4147 1855 4196 Pam.
1877 4145 1940 4196 Voss.

260 4213 479 4266 ‘’Dominiliod.
496 4215 519 4264 l.
553 4213 704 4266 ⁸¹Fecistis
722 4217 778 4266 Ver.
811 4217 832 4250 ⁴¹
847 4217 953 4268 Firmos
968 4218 1030 4268 Bod.
1047 4221 1071 4268 l.
1105 4216 1266 4268 ⁸¹1tthanc
1284 4219 1373 4268 eciem
1391 4229 1454 4282 quoe
1478 4212 1821 4280 arengalium-impias
1845 4216 1940 4266 inierre

260 4284 422 4336 timaeo.
439 4285 494 4334 NG.
510 4287 532 4334 l.
555 4283 626 4347 Quas
646 4285 674 4336 in
693 4285 844 4350 Evangelio
863 4291 1011 4339 coronatur
1036 4289 1093 4338 Ver.
1119 4288 1176 4338 Vol.
1202 4290 1294 4337 ionum.
1318 4289 1388 4352 Spir.
1413 4287 1470 4338 liet.
1502 4285 1523 4319 ⁸³
1549 4285 1722 4350 Baptizanles
1744 4284 1823 4335 libor.
1848 4284 1901 4336 ΝΟ.
1917 4285 1939 4334 l.

259 4353 376 4403 ⁸‘Ponit
395 4358 423 4405 et
442 4353 662 4404 dictaverant.
684 4355 750 4403 i'oss.
771 4355 795 4404 Ξ.
827 4355 849 4390 ⁸⁵
862 4354 933 4406 Cum
950 4358 1132 4410 custodienda
1146 4359 1223 4408 omo.
1257 4358 1344 4410 “Pro
1360 4359 1479 4410 Domino
1497 4357 1551 4409 Nc.
1567 4361 1591 4406 Ξ.
1623 4353 1736 4408 ”Nolle
1756 4359 1827 4408 Pem.
1859 4354 1941 4406 “ui-

171 4491 173 4496 ,
258 4423 404 4476 lectissimi
419 4425 516 4477 iratres
531 4426 599 4476 tom.
612 4427 669 4476 Lin.
685 4426 760 4476 Ebor.
776 4425 831 4478 ΝΟ.
848 4428 870 4478 l.
902 4426 1078 4481 “illisPcm

924 4539 1037 4624 Steph.
1052 4542 1176 4606 Baluzii
1191 4548 1289 4607 notae.

289 4643 337 4708 (alt
364 4643 394 4694 In
419 4645 527 4695 vetusto
550 4644 646 4696 codice
674 4645 838 4710 Remigiano
872 4647 988 4712 epistola
1020 4649 1073 4700 ista
1155 4649 1203 4712 itti
1223 4649 1322 4699 Pralar
1352 4648 1501 4698 nomisram.
1523 4647 1554 4697 lu
1580 4645 1722 4711 plerisque
1744 4645 1887 4698 veteribus
1907 4645 1938 4696 li-

257 4713 361 4767 dlcitur
374 4715 475 4780 scripta
491 4715 569 4778 Most,
582 4716 714 4774 Maximo,
737 4717 891 4778 Nicostrato
910 4723 938 4771 el
955 4721 1071 4772 canteris.
1082 4681 1111 4752 D
1122 4723 1179 4774 bris
1189 4724 1324 4788 scriptum
1338 4725 1390 4784 esi,
1405 4720 1727 4772 Pchominum.1nuno
1742 4733 1807 4771 meo
1822 4736 1828 4768 ι
1842 4739 1857 4770 a
1871 4720 1938 4770 Nam

257 4790 288 4840 ln
307 4789 540 4854 veteriCatalogo
559 4791 754 4856 episcoporum
775 4791 910 4844 Ecclesia
930 4793 1072 4856 Romanae,
1122 4799 1221 4860 praeter
1246 4795 1398 4846 Dominum
1428 4797 1578 4856 martyram
1603 4791 1672 4842 lieri.
1688 4807 1703 4838 a
1730 4792 1761 4842 In
1786 4793 1936 4844 Beccensi:

257 4875 341 4925 quern
370 4861 508 4926 Rigaltiue
536 4861 631 4913 laudet
668 4875 702 4914 ex
740 4863 836 4915 codice
863 4865 969 4916 Nicolai
991 4866 1073 4918 Fabri
1122 4865 1208 4920 aNec
1227 4868 1339 4929 propter
1363 4864 1513 4915 Dominum
1534 4863 1665 4926 martyria
1683 4861 1753 4914 ilari.
1768 4880 1783 4910 a
1799 4863 1841 4914 lta
1857 4865 1938 4913 etiam

257 4931 398 4993 Pelrescii‚
413 4931 515 4996 legitur
534 4949 573 4983 :a
595 4934 660 4984 Post
681 4934 839 4998 passionem
864 4935 943 4987 Fabii
965 4937 1073 5001 Moyses
1122 4937 1178 4987 iere
1197 4935 1383 4988 carnotensis.

257 5006 285 5053 et
302 5003 439 5054 Maximus
453 5003 605 5066 presbyteri
622 5009 651 5055 at
663 5005 835 5056 Nicostratus
851 5005 986 5058 diaconus
998 5022 1073 5059 com·
1153 5009 1202 5072 rest
1217 5007 1371 5059 Honoratii.
1388 5004 1483 5057 Codex
1496 5005 1778 5070 Gratianopolilanus,
1792 5005 1938 5056 honeratis.

206 5136 207 5142 ἵ
257 5071 386 5135 prehensi
399 5075 464 5122 sunt
479 5076 508 5123 et
530 5073 558 5123 ln
580 5087 721 5126 carcerem
743 5079 808 5126 sunt
832 5077 919 5128 missi.
935 5079 973 5128 lta
989 5080 1072 5130 etiam
1123 5079 1242 5142 Quidam
1262 5078 1325 5129 libri
1349 5081 1456 5129 veteres
1476 5081 1504 5128 et
1524 5075 1653 5142 quasdam
1676 5076 1813 5128 editiones
1836 5075 1937 5126 habant

256 5141 286 5192 in
300 5142 354 5194 alio
377 5143 504 5208 catalogo
526 5158 610 5208 quem
633 5157 668 5196 ex
689 5145 863 5210 Cuspiniano
886 5148 973 5200 edidit
994 5150 1072 5214 AEgi-
1121 5151 1264 5201 coronatis.

258 5211 322 5262 dius
337 5212 507 5274 Bucherius3
524 5226 559 5265 cx
579 5229 635 5280 quo
659 5217 800 5281 colligitur
822 5232 871 5282 pro
896 5219 980 5282 liniti,
996 5221 1072 5286 quod
1152 5221 1201 5284 (65)
1216 5221 1332 5270 AElotcm
1350 5221 1481 5269 nostram.
1505 5217 1546 5268 lta
1566 5229 1618 5268 nos
1646 5217 1824 5281 reposuimus
1849 5216 1938 5268 secuti

257 5286 300 5334 est
325 5283 355 5334 in
382 5283 452 5335 libro
476 5283 617 5348 Peirescii‚
646 5287 836 5351 reponendum
860 5303 921 5342 esse
950 5291 1070 5342 Fabiani.
1121 5291 1313 5344 auctoritatem
1337 5291 1464 5340 veterum
1492 5288 1644 5340 editionum
1670 5291 1699 5339 et
1721 5291 1784 5338 octo
1809 5291 1937 5338 veterum

256 5353 409 5406 Maximum
436 5355 523 5406 luisse
551 5357 746 5421 presbyterum
769 5358 904 5414 Eccleslae
939 5363 1072 5416 Romanas
1121 5361 1330 5426 exemplarium.
1353 5359 1509 5411 Fatendum
1528 5363 1621 5410 tamon
1641 5361 1685 5410 est
1708 5357 1937 5422 lectionemque

256 5429 373 5477 testatur
396 5439 467 5491 papa
492 5423 639 5478 Cornelius
663 5429 738 5493 apud
766 5429 930 5495 Eusebium,
958 5435 1006 5486 lib.
1031 5449 1071 5497 vr,
1121 5433 1292 5484 babetaetote
1307 5437 1398 5484 nostro
1415 5435 1524 5483 exstare
1548 5431 1632 5482 etiam
1656 5431 1685 5480 in
1707 5433 1771 5481 octo
1792 5427 1937 5480 codicibus

255 5509 314 5561 cap.
332 5495 349 5548 3
368 5497 489 5548 Historia
507 5496 692 5550 sccbsioslica.
716 5499 787 5552 Vide
809 5503 921 5554 Baronli
948 5505 1071 5558 Adnota-
1121 5503 1252 5568 antimais.

253 5567 392 5620 donesad
405 5567 631 5634 Martyrologlum
653 5569 809 5624 Romanum
830 5573 876 5625 dte
898 5576 929 5628 tt
951 5577 1071 5630 Novem·
1152 5574 1183 5625 ln
1198 5577 1275 5626 calce
1299 5573 1385 5638 huius
1404 5573 1528 5638 epistolae
1550 5579 1579 5625 et
1596 5573 1624 5625 ln
1646 5573 1724 5625 calce
1747 5571 1873 5638 epistolas
1893 5571 1935 5634 at,

252 5637 319 5692 arn.
1120 5646 1306 5712 scriptumest
1324 5645 1478 5709 maiomam
1502 5646 1531 5697 m
1553 5645 1650 5698 mares
1670 5643 1770 5697 arator
1785 5659 1791 5694 ι
1804 5660 1819 5689 a
1831 5643 1935 5694 nmm-

251 5787 262 5842 ι
285 5714 332 5778 (dit
346 5716 457 5840 liam
480 5711 624 5780 mpototoa.
642 5715 674 5768 ln
696 5718 794 5772 codice
822 5721 956 5775 Baccensi
981 5723 1071 5790 scrip·
1120 5717 1197 5770 davit
1210 5719 1338 5770 tustinus
1348 5717 1454 5770 itonam.
1468 5735 1484 5766 s
1508 5733 1510 5738 ·

264 5798 312 5840 um
326 5791 370 5842 est
451 5787 501 5840 iat.
