3978 6204
267 289 317 347 lto
715 294 743 348 S.
763 294 919 350 creatam
939 295 1075 352 ornauit
1096 295 1183 350 rius
1202 296 1224 350 Ι.
1244 323 1278 335 -
1297 296 1482 369 aristote.
1878 299 1923 355 tit

263 414 350 470 etiarn
364 413 447 469 bunis
459 414 640 486 spolienturr
656 420 694 484 et,
706 415 730 470 si
741 416 881 487 ademptis
894 417 1076 472 facultatibus
1126 421 1165 484 te,
1179 417 1269 472 frater
1286 417 1461 488 charissime,
1479 433 1596 491 semper
1615 418 1645 474 in
1665 418 1782 476 Domino
1796 420 1864 477 hene
1881 439 1923 478 va·

263 507 416 563 Christiani
449 525 510 564 esse
541 510 806 580 perseveraverint,
841 511 931 582 capite
963 525 1077 583 quoque
1126 509 1198 565 lere.

262 602 435 656 mulctentur
459 604 535 673 (97);
558 609 697 659 matrona
721 621 800 674 vero,
820 603 961 676 ademptis
982 604 1075 672 bonis,
1270 655 1274 664 ,
1375 591 1536 649 ΕΡῙΒΤΟΒΑ
1551 593 1681 650 Lfflffl·

260 693 290 747 in
306 694 435 750 exsilium
456 697 640 768 relegentur3
662 698 814 753 Caesariani
830 704 925 754 autem
944 699 1074 770 quicum·
1126 701 1244 763 tiamsi„
1264 701 1365 765 Rigalt,
1383 703 1478 765 Belua,
1498 714 1615 765 uuum
1637 702 1828 766 Peris.,mm;
1840 704 1925 767 oxon,

261 801 316 857 qne
339 789 382 842 rel
406 788 484 860 prius
506 789 628 845 confessi
651 792 765 847 fuerant
784 793 828 846 vel
853 808 929 847 nunc
955 792 1075 849 confessi
1439 773 1630 838 ¹⁴¹P⁸uL¹¹¹¹³

258 879 379 948 luerint,
401 882 591 938 confiscentur
609 887 638 939 et
655 884 740 940 vincti
760 885 790 940 in
814 886 984 942 Caesarianas
1007 903 1073 958 pos·
1125 891 1160 931 88
1179 891 1285 932 cmii!
1304 894 1336 932 nr
1355 893 1469 946 888881,
1490 895 1524 934 88
1548 894 1600 935 880
1624 894 1745 945 secessu,
1765 895 1848 936 raum
1864 896 1926 936 aare

260 974 399 1030 sessiones
430 975 564 1047 descripti
587 979 609 1014 ⁰¹
644 979 803 1034 mittuntur.
836 980 959 1051 subjecit
989 981 1074 1036 etiam
1451 984 1611 1026 8888108818·

259 1067 422 1123 Valerianus
441 1069 731 1140 imperatororationi
749 1088 808 1127 sua
822 1074 983 1145 exemplum
998 1075 1073 1130 titte-
1123 1083 1321 1140 Anonrrenruu.
1338 1115 1372 1125 -
1392 1085 1458 1140 Cum
1473 1085 1544 1155 jam,
1565 1086 1613 1140 sub
1635 1089 1713 1155 tinem
1731 1087 1805 1147 vita,
1821 1085 1856 1139 nd
1874 1086 1926 1140 bor·

258 1176 358 1216 rerum
383 1178 454 1234 quas
478 1163 513 1218 ad
542 1165 674 1234 praesides
701 1166 913 1236 provinciarum
936 1167 971 1223 de
994 1168 1073 1223 nobis
1159 1176 1198 1228 tos
1221 1187 1282 1228 suos
1301 1188 1405 1228 reuerso
1425 1174 1563 1244 Cypriane
1584 1177 1759 1230 nuntiaretur
1778 1177 1927 1230 missossus

258 1253 326 1309 lecit
340 1271 347 1310 s
363 1271 433 1327 quas
445 1256 553 1311 litteras
565 1258 692 1328 quotidie
710 1274 856 1329 speramus
871 1261 977 1328 venire,
992 1265 1070 1316 stan·
1158 1262 1208 1330 qui
1221 1276 1248 1316 se
1265 1263 1370 1316 Uticam
1382 1262 1420 1316 ad
1431 1264 1596 1333 supplicium
1607 1265 1807 1334 patratorem,
1822 1265 1924 1318 secessit

259 1351 301 1402 tes
313 1349 468 1404 secundum
482 1349 548 1404 lldsi
563 1350 729 1406 firmitatem
742 1353 777 1407 ud
792 1353 931 1424 passionis
946 1356 1071 1411 tolereu-
1158 1351 1198 1407 Ns
1223 1365 1286 1404 osso
1311 1355 1383 1405 metu
1409 1354 1504 1406 mortis
1530 1352 1561 1406 id
1586 1354 1680 1419 {scum
1703 1353 1862 1417 8888888888,
1882 1352 1927 1405 diti

257 1440 336 1509 tiam,
348 1445 376 1496 et
389 1447 582 1512 exspectantes
598 1443 633 1499 de
646 1460 699 1516 ope
724 1448 753 1500 et
765 1445 944 1518 induigentia
958 1449 1072 1504 Domini
1158 1438 1273 1507 ‘limiti
1285 1452 1392 1493 causam
1411 1439 1511 1502 redistis
1534 1445 1566 1495 ut
1586 1455 1680 1511 nenpe
1698 1456 1754 1496 '1⁰²²
1770 1441 1837 1494 “lib‘'
1852 1456 1926 1509 quum

258 1533 323 1588 vitm
339 1540 453 1590 aterum
466 1552 613 1593 coronam.
627 1537 734 1594 llistunr
752 1541 807 1612 (98)
829 1544 926 1597 autem
941 1542 970 1597 in
991 1543 1070 1598 cimi-
1158 1528 1331 1596 Carthagine,
1346 1530 1374 1583 5¹¹
1387 1534 1531 1600 ⁶⁰i²⁸ii⁶⁶lii
1552 1545 1670 1593 lumime
1684 1531 1845 1599 martynum
1856 1530 1924 1584 subi·

257 1626 331 1682 terio
346 1628 574 1685 animadversum
590 1631 684 1686 sciatis
701 1639 799 1690 octavo
813 1634 917 1691 iduum
938 1635 993 1707 (aa)
1013 1639 1069 1691 du·
1155 1622 1206 1672 m·

256 1725 405 1790 gustarurn
427 1722 483 1791 die,
498 1728 527 1779 et
546 1741 611 1780 cum
632 1741 664 1781 eo
684 1726 813 1783 diacones
833 1735 957 1800 quatuor
971 1731 995 1766 ⁰²
1020 1732 1068 1801 (l).
1155 1734 1176 1787 1.
1200 1733 1355 1804 Cyprianus
1378 1734 1548 1806 presbyteris
1570 1739 1599 1790 et
1616 1735 1784 1791 diaconibus
1804 1739 1832 1792 et
1855 1735 1924 1806 plebi

255 1813 307 1869 Sed
322 1820 350 1869 ei
364 1815 430 1870 huic
443 1818 632 1888 persecutioni
652 1821 778 1891 quotidie
795 1822 930 1877 insistunt
942 1821 1107 1894 praelectiB
1121 1826 1257 1882 universae
1282 1828 1414 1883 salutem.
1435 1829 1506 1883 Cum
1529 1830 1672 1900 perlatum
1694 1830 1731 1886 ad
1754 1845 1805 1885 uos
1826 1830 1923 1896 luisset,

254 1906 283 1961 in
296 1907 389 1978 Urbe;
403 1913 446 1979 ut,
469 1911 561 1983 siqui
582 1912 737 1970 sibiobleti
759 1915 876 1985 inerint,
890 1917 1068 1972 animadver-
1119 1918 1219 1975 tratres
1243 1920 1411 1987 charissimi,
1436 1923 1656 1978 commentarios
1679 1923 1718 1993 (i)
1746 1938 1806 1979 esse
1835 1923 1925 1977 missos

254 2003 361 2064 matur,
377 2005 406 2056 et
420 2002 494 2058 bona
509 2021 609 2060 eorum
624 2006 692 2063 tlsco
705 2007 894 2064 vindicentur.
1121 2011 1170 2082 qui
1194 2027 1242 2068 me
1262 2013 1372 2070 Uticam
1393 2015 1594 2085 perducerent,
1614 2021 1644 2072 et
1666 2015 1785 2072 coasilio
1805 2017 1923 2071 charissi-

290 2095 323 2148 ll.
341 2094 404 2149 llaec
426 2102 493 2166 peto
513 2113 566 2168 per
579 2115 627 2154 vos
648 2104 676 2155 et
697 2101 809 2156 caeteris
830 2102 947 2173 collegis
964 2104 1069 2159 nostris
1119 2120 1234 2162 morum
1257 2122 1424 2178 persuasum
1446 2112 1522 2163 esset
1543 2113 1576 2164 ut
1598 2109 1633 2164 de
1654 2109 1746 2164 bortis
1769 2109 1870 2165 nostris
1891 2111 1923 2178 (3)

253 2186 441 2258 innotescant,
457 2195 487 2243 ut
501 2190 605 2263 ubique
620 2192 732 2248 hortatu
747 2210 851 2250 eorum
863 2197 952 2266 possit
965 2197 1069 2252 trater·
1119 2198 1231 2254 iuterim
1261 2200 1472 2268 secederemus,
1498 2202 1575 2272 justa
1600 2202 1809 2258 interveniente
1836 2217 1923 2267 cause,

253 2279 327 2335 nitas
342 2282 522 2338 corroborari
535 2289 563 2340 et
585 2286 620 2341 sd
642 2303 766 2358 ugonem
788 2288 945 2360 spiritalem
960 2305 1069 2362 praepa·
1117 2292 1255 2362 consensi,
1272 2294 1393 2366 eoquod
1408 2301 1548 2367 congruat
1567 2295 1734 2368 episcopum
1756 2297 1785 2350 in
1808 2311 1841 2352 ea
1862 2295 1923 2350 cisi·

253 2374 321 2436 rari.
338 2378 370 2429 ut
381 2374 486 2448 singuli
500 2393 533 2433 cr
551 2381 655 2434 nostris
673 2397 729 2436 uon
748 2382 840 2453 magis
853 2386 977 2438 mortem
990 2385 1067 2455 cogi·
1119 2389 1177 2440 tete
1190 2387 1219 2441 in
1236 2402 1291 2458 qua
1306 2387 1438 2443 Ecclesia
1453 2388 1608 2444 [lominica
1624 2395 1739 2460 praest,
1760 2389 1816 2447 iilic
1835 2388 1923 2444 Domi·

251 2469 313 2521 tent
336 2485 422 2540 quam
438 2469 694 2544 immortalitatem,
710 2480 746 2544 et,
769 2476 854 2547 plana
875 2476 932 2532 ilde
953 2493 986 2532 ac
1011 2481 1069 2533 tote
1117 2495 1187 2535 num
1201 2479 1331 2536 confiteri
1346 2487 1374 2536 et
1386 2482 1498 2552 plebem
1520 2482 1682 2537 nniversam
1699 2483 1843 2555 praepositi
1862 2499 1924 2554 pra-

251 2560 356 2616 rirtnte
378 2563 500 2619 Domino
523 2565 620 2634 dicati,
643 2568 788 2638 gaudeant
809 2569 901 2642 magis
923 2586 1010 2642 quam
1030 2572 1067 2626 ti·
1118 2573 1204 2628 sentis
1227 2574 1406 2630 confessione
1437 2576 1597 2632 clarificari.
1624 2577 1830 2649 Quodcumque
1855 2576 1924 2631 enim

218 2731 220 2737 y
251 2655 391 2711 meantia
408 2657 671 2730 baccouiessicne;
687 2660 778 2735 431
800 2662 1067 2734 inquasciunthei
1118 2657 1235 2722 subillo'
1251 2668 1436 2723 confessionis
1459 2676 1606 2726 momento
1621 2670 1768 2725 confessor
1786 2671 1924 2741 episcopus

250 2753 280 2803 et
301 2749 406 2805 Christi
429 2750 534 2807 milites
556 2770 615 2808 non
638 2755 752 2825 perimi,
767 2756 816 2812 sed
839 2759 979 2813 coronari.
995 2759 1067 2830 Opto
1116 2759 1252 2830 loquitar,
1266 2761 1408 2832 aspirante
1423 2763 1489 2833 Uen,
1503 2779 1553 2818 ore
1566 2764 1701 2818 omnium
1724 2763 1857 2837 loquitur.
1871 2767 1923 2819 Ca·

944 2869 1048 2934 Variae
1070 2870 1239 2935 lectiones.

282 2969 302 3001 ⁹¹
317 2969 346 3019 Et
361 2971 457 3036 scripti
475 2973 531 3022 Ver.
564 2973 706 3039 ”Quarto
728 2978 783 3026 Ver.
799 2976 871 3029 Cum
885 2977 982 3029 eodem
996 2982 1127 3042 quartum
1144 2979 1222 3028 Onus.

890 3083 1004 3165 Steph.
1028 3082 1152 3146 Baluzii
1174 3087 1269 3146 riotae.

279 3186 329 3247 (97)
341 3186 510 3238 Mirtctsntur.
525 3189 593 3241 Tres
606 3190 670 3241 iibri
692 3196 799 3243 veteres
816 3192 919 3243 habeut
944 3192 1066 3256 plinton·
1079 3228 1106 3302 C
1119 3191 1225 3242 nullius
1241 3195 1283 3242 est
1301 3195 1442 3245 momenti.
1459 3195 1650 3246 Felloissimus
1667 3199 1694 3247 et
1710 3197 1844 3261 Agapiius
1864 3206 1926 3244 mor-

250 3261 305 3315 tur,
321 3256 376 3307 duo
389 3259 550 3321 plectantur.
1120 3267 1175 3313 tem
1195 3263 1325 3313 obierunt
1354 3278 1418 3315 curn
1442 3265 1530 3328 Xisto,
1552 3267 1650 3330 reliqui
1675 3268 1771 3332 aliquo
1786 3281 1820 3318 ex
1838 3265 1925 3316 diebus

63 3355 65 3359 ·
167 3371 170 3374 ⁴
279 3329 328 3390 (est
353 3330 464 3381 Xistum.
505 3332 619 3385 Pontius
649 3334 792 3395 diaconus,
830 3337 859 3386 in
889 3336 946 3386 Vita
983 3341 1069 3389 suncti
1119 3333 1309 3396 sequentibus.

249 3399 379 3462 cypriani
394 3416 399 3448 :
416 3419 431 3447 α
443 3402 507 3452 iam
521 3401 556 3453 de
573 3405 653 3454 xisto
666 3403 739 3455 bono
753 3410 781 3456 et
794 3405 909 3469 pacifico
923 3407 1068 3459 sacerdote
1150 3404 1182 3464 (Ξ)
1207 3405 1425 3456 Comnrenturios.
1448 3406 1599 3469 Manutius,
1620 3409 1665 3458 oui
1692 3409 1783 3473 prima
1808 3407 1926 3472 Epistola

248 3483 281 3520 ao
296 3474 438 3534 propterea
466 3473 628 3525 beatissimo
650 3480 771 3540 martyre
792 3476 827 3527 ab
853 3476 927 3527 Urbe
951 3481 1068 3529 nuntius
1118 3477 1198 3528 istius
1220 3478 1305 3528 editio
1329 3478 1455 3541 debetur,
1480 3485 1507 3532 et
1534 3481 1675 3533 Morelliue
1701 3481 1886 3548 posuerunt!
1915 3505 1925 3514 ·

248 3549 400 3595 venerei.»
424 3546 495 3598 Vide
518 3550 641 3600 Annales
671 3549 854 3614 Cyprianicos
882 3557 909 3604 st
935 3552 1066 3604 disserte·
1117 3554 1283 3615 mentorios;
1317 3566 1403 3617 quam
1431 3553 1580 3606 lectionem
1603 3557 1715 3621 praeteri
1738 3559 1821 3607 etiem
1846 3554 1924 3607 codex

248 3616 353 3667 tionem
372 3630 403 3669 xr
429 3616 623 3684 Cyprianioam
648 3622 793 3674 Dodwelii.
818 3623 1007 3688 Hieronymus
1037 3628 1064 3676 in
1117 3621 1364 3676 ilemensissancti
1379 3624 1514 3689 Dionysii.
1531 3627 1635 3678 Omnes
1653 3629 1700 3678 alii
1723 3632 1750 3679 et
1764 3627 1819 3679 duo
1830 3626 1924 3678 laudati

247 3686 371 3751 Epistola
410 3689 446 3740 od
479 3689 669 3756 Chsipitontsm
710 3694 842 3745 adversus
881 3695 1064 3760 Pelagianos:
1115 3694 1279 3745 aPumelio
1303 3694 1409 3746 habent
1441 3699 1652 3749 commentarios.
1678 3699 1763 3750 istam
1788 3699 1922 3750 lectionem

247 3758 416 3820 «Euagrius
435 3761 565 3813 Ponticus
585 3764 712 3816 conludii
729 3765 839 3816 Xistum
860 3765 1065 3831 Pythagoreum
1115 3764 1168 3814 sibi
1184 3767 1272 3830 magis
1294 3766 1405 3831 probari
1430 3767 1499 3818 dixit
1518 3770 1666 3832 Panaetius,
1688 3776 1716 3822 et
1737 3776 1829 3821 tamen
1846 3766 1923 3818 edidit

247 3842 312 3880 cum
337 3829 414 3882 Sixto
438 3836 560 3896 martyre
587 3839 615 3886 et
640 3837 770 3901 episcopo
807 3837 939 3888 Romana
963 3836 1065 3890 Ecoie-
1113 3835 1315 3900 (cementarios.
1342 3836 1541 3891 Commentarii
1577 3842 1636 3892 sire
1657 3842 1921 3896 commentarienses,

246 3900 331 3951 eia.»
714 3932 715 3936 ,
1114 3920 1234 3972 quorum
1258 3908 1344 3959 muita
1359 3911 1463 3960 mentio
1486 3911 1515 3961 in
1535 3910 1638 3964 Codice
1663 3913 1865 3973 Theodosium,
1879 3908 1921 3958 ubi

275 3973 325 4034 (ses
355 3975 450 4027 Octavo
477 3978 579 4030 iduum.
596 3980 728 4046 Quinque
753 3981 816 4032 libri
832 3986 939 4033 veteres
961 3981 1063 4046 prete-
1114 3983 1248 4030 vocantur
1262 3980 1436 4044 nequissimi,
1455 3981 1474 4031 ii
1498 3987 1586 4043 erant,
1604 3988 1633 4033 ui
1657 3985 1695 4034 ait
1715 3983 1808 4035 Julius
1832 3982 1920 4032 Firmi·

245 4049 311 4096 ruut
325 4046 427 4110 quinto.
445 4047 499 4100 Sed
509 4051 537 4100 in
553 4053 757 4118 martyrologiis
766 4054 900 4118 scriptum
913 4058 1061 4116 estociuoo,
1113 4062 1164 4100 cus
1179 4051 1208 4099 in
1222 4050 1293 4101 libro
1316 4051 1349 4101 ds
1371 4051 1537 4103 institutione
1557 4054 1712 4117 Herbessos,
1737 4054 1838 4121 quibem
1851 4053 1919 4102 dam·

245 4116 274 4165 in
287 4115 379 4168 Gestis
392 4120 598 4183 pontificalibus
610 4128 693 4174 ssato.
1112 4125 1242 4172 natorum
1263 4133 1330 4174 cura
1347 4124 1582 4188 committebatur,
1605 4126 1648 4177 rel
1670 4139 1813 4179 carcerum
1836 4127 1919 4175 cusio-

277 4188 309 4250 (1)
333 4189 460 4241 Diaconos
482 4197 607 4256 quatuor.
634 4193 699 4245 Scio
723 4194 785 4244 istic
811 4195 865 4259 legi
891 4195 920 4245 in
948 4196 1062 4261 quibus·
1112 4190 1169 4255 des,
1198 4206 1269 4258 quos
1295 4207 1346 4245 nos
1372 4208 1505 4246 vocemus
1542 4196 1692 4260 geotmios,
1731 4196 1847 4261 psoiisrs.
1879 4192 1919 4244 sic

244 4256 308 4308 dam
321 4261 463 4312 veteribus
482 4262 561 4313 libris
577 4268 604 4315 et
625 4265 654 4315 ln
674 4265 870 4329 posterioribus
891 4267 1061 4319 editionibus
1112 4264 1186 4314 enim
1209 4269 1283 4316 recte
1308 4265 1485 4329 explicantur
1521 4268 1550 4317 iu
1577 4269 1654 4318 Actis
1682 4269 1765 4332 primi
1791 4269 1918 4332 ingressus

244 4332 270 4378 st
296 4344 353 4380 cum
374 4332 462 4383 sodsm
480 4334 617 4395 Quartum.
636 4339 673 4387 st
700 4349 752 4400 ego
776 4339 892 4401 praefero
912 4338 1061 4390 lectionem
1110 4334 1226 4385 ioannis
1241 4335 1395 4399 d'0rleaus,
1410 4338 1531 4402 episcopi
1550 4339 1769 4399 Aurelianensis,
1783 4339 1811 4388 in
1830 4336 1917 4386 urbem

244 4399 359 4452 Manuiii
377 4408 405 4454 et
421 4405 548 4465 Moreliii,
567 4411 596 4458 et
611 4412 678 4472 puto
699 4414 823 4461 velerum
847 4409 980 4461 librorum
1003 4412 1059 4463 lec·
1110 4419 1190 4456 suum
1205 4420 1279 4457 anno
1291 4408 1372 4459 litii:
1392 4426 1406 4458 s
1427 4409 1612 4474 Episcopatus
1636 4410 1845 4463 Aurelianensis
1864 4421 1916 4458 car·

243 4472 347 4523 itonam
368 4476 416 4540 qui
443 4475 547 4528 babent
574 4480 706 4541 Quartam
730 4485 818 4531 ortam
844 4494 905 4532 esse
920 4494 955 4532 ex
976 4496 1059 4546 prava
1110 4490 1206 4528 cerum
1226 4479 1498 4531 ‘commentarienses
1523 4482 1582 4533 sive
1607 4482 1753 4547 geolarios.
1783 4500 1796 4527 »
1818 4479 1916 4534 lisdem,

242 4543 362 4597 lectione
384 4546 468 4611 hujus
489 4548 543 4600 ioci
565 4549 733 4615 Cyprianici.
761 4551 845 4603 Error
869 4558 963 4604 aurem
983 4561 1059 4605 orius
1110 4552 1141 4597 ut
1155 4547 1283 4599 nitidem
1312 4550 1458 4608 Firminus,
1475 4552 1652 4616 publicarum
1677 4557 1837 4604 catenarum
1860 4562 1917 4600 cura

244 4621 295 4678 eet,
311 4622 342 4668 ut
355 4620 463 4683 opinor,
478 4633 513 4672 ex
531 4635 564 4673 eo
588 4622 663 4688 quod
685 4624 714 4674 ln
740 4624 860 4689 quodem
883 4625 953 4676 libr-0
977 4593 1345 4682 vereriDdemandabatum
1371 4621 1406 4672 de
1429 4622 1532 4686 quibus
1558 4623 1620 4674 vide
1646 4625 1729 4675 etiarn
1757 4624 1917 4675 Ludoricum

243 4689 376 4753 scriptum
389 4696 448 4743 erat
462 4693 490 4743 in
505 4695 671 4759 compendio
694 4699 789 4745 sicum
807 4709 836 4747 eo
860 4696 885 4746 d.
908 4709 1060 4761 rv,quem-
1110 4690 1229 4741 Caelissffl
1253 4690 1440 4756 Rh⁰ditiissiim
1464 4692 1511 4743 lib·
1538 4707 1578 4754 ¹12
1602 4707 1662 4759 0³1)-
1694 4696 1734 4746 3⁴·
1760 4695 1842 4746 Recte
1862 4703 1917 4754 ssiti⁰

243 4759 395 4812 admodum
422 4777 474 4827 ego
503 4778 616 4830 quoque
639 4765 695 4817 vidi
718 4767 851 4831 scriptum
878 4782 916 4830 ιν,
948 4768 976 4816 iu
1003 4782 1059 4818 uuo
1109 4761 1268 4826 Cyprianus
1282 4763 1320 4813 eit
1350 4763 1450 4814 missos
1471 4777 1531 4815 esse
1558 4766 1773 4816 commentarios
1799 4766 1915 4830 quicum

244 4833 328 4883 veteri
353 4832 433 4884 libro.
457 4835 500 4886 Ex
517 4849 573 4900 quo
593 4841 745 4902 sequentes
768 4838 872 4889 librarii
897 4839 1060 4891 tecemotst
1110 4833 1218 4885 Uticam
1246 4833 1439 4899 perducerent.
1468 4834 1553 4886 iidem
1588 4835 1700 4888 lictores
1731 4840 1863 4890 vocantur
1893 4835 1916 4883 in

242 4904 401 4954 sumendam
425 4907 564 4968 Quartum,
579 4908 647 4959 Nam
669 4913 734 4960 sunt
757 4908 842 4975 aliqui
868 4909 933 4961 libri
953 4915 1060 4962 veteres
1109 4904 1233 4970 Epistola
1248 4905 1413 4970 Hieronymi
1427 4905 1462 4957 de
1481 4906 1597 4958 muliere
1620 4909 1722 4971 septies
1740 4905 1915 4959 iota:«Tur-

242 4974 291 5036 qui
316 4974 421 5026 hubent
438 4981 545 5028 tantum
567 4984 591 5029 st
616 4993 674 5029 oum
695 4980 783 5031 eodem
807 4986 933 5045 quatuor,
956 4982 1058 5032 omissa
1109 4973 1251 5025 beturiali
1272 4977 1373 5027 nuntio
1387 4976 1454 5027 urbs
1475 4978 1640 5042 propinqua,
1663 4982 1690 5028 et
1716 4982 1773 5029 tota
1798 4977 1916 5029 liciorum

241 5056 310 5095 voce
333 5046 463 5099 diacones.
490 5048 603 5100 Certum
640 5055 683 5101 est
716 5064 797 5114 porro
826 5052 932 5102 nuliam
961 5052 1059 5116 Quarti
1109 5051 1218 5098 caterve
1242 5046 1419 5111 glomeratur,
1446 5061 1462 5099 8
1490 5048 1593 5114 quibus
1621 5049 1739 5110 medius,
1774 5048 1807 5100 ⁸⁶
1841 5059 1915 5111 quem

243 5118 413 5168 mentionem
440 5119 505 5170 alibi
532 5121 645 5184 reperiri
670 5136 754 5186 quem
788 5122 861 5186 apud
898 5124 1059 5187 martyroio·
1109 5117 1305 5169 (1888888ῑο8888
1327 5132 1393 5170 cura
1424 5119 1589 5185 Pssiiissebdb
1611 5135 1794 5185 erumpens»
1818 5117 1914 5170 ⁰10=D⁶

243 5200 302 5248 gos,
318 5189 365 5251 qui
384 5190 470 5240 citant
491 5191 636 5255 epistolam
661 5191 801 5256 Cypriani,
816 5193 931 5245 Certum
945 5209 1059 5259 quoque
1110 5190 1296 5241 frumentariis
1309 5190 1372 5242 ride
1387 5195 1466 5242 notus
1479 5193 1598 5244 Andreas
1612 5193 1718 5244 Schotti
1733 5193 1767 5243 ed
1782 5190 1914 5242 Aurelium

242 5260 285 5305 est
303 5255 506 5312 Felicissimum
532 5265 561 5312 et
576 5262 724 5327 Agapitum
748 5264 881 5315 diaconos
907 5265 1059 5316 decollatos
1109 5262 1248 5313 Victorem
1261 5277 1269 5323 ;
1308 5262 1460 5314 Haurieum
1498 5263 1639 5314 valesium
1676 5263 1710 5314 ad
1751 5262 1849 5313 librum
1881 5271 1913 5315 vn

241 5326 328 5378 luisse
350 5342 415 5380 oum
438 5331 527 5383 xisto.
556 5332 649 5396 Quare
675 5337 740 5397 puto
768 5335 864 5385 lalsem
889 5349 949 5388 esse
971 5338 1059 5388 anim·
1109 5333 1408 5397 consumsimus.
1427 5333 1592 5394 Eusebii,et
1609 5333 1778 5387 Glossarium
1797 5332 1913 5385 Latinum

241 5397 434 5461 adversionem
461 5402 574 5454 Pamelii
612 5407 751 5456 censentis
788 5406 975 5460 nullomodo
1013 5409 1060 5459 ds.
1110 5402 1216 5468 Cangii.
1240 5405 1303 5454 Atio
1328 5417 1413 5455 seusu
1442 5404 1564 5455 Jacobue
1587 5404 1727 5455 Uilliusiu
1751 5403 1860 5456 scholiis
1884 5398 1913 5448 ed

240 5469 316 5522 tendi
329 5485 410 5536 posse
428 5473 577 5526 lectionem
590 5475 707 5527 binnutti
718 5481 744 5527 et
759 5477 885 5528 Morellii.
908 5478 980 5530 Sane
996 5480 1059 5531 istic
1110 5474 1270 5527 Orationem
1285 5474 1411 5540 Gregorii
1425 5475 1589 5526 Nazianzeui
1613 5477 1645 5526 ds
1667 5475 1750 5542 Plaga
1770 5472 1912 5527 Grandine,

241 5549 493 5595 commemorantur
515 5550 634 5610 quatuor
653 5546 762 5599 diaconi
785 5561 850 5599 oum
875 5549 953 5599 liisto
973 5552 1057 5613 passi.
1110 5547 1305 5598 irumeutarios
1318 5547 1516 5612 eosrooatqui
1530 5547 1812 5599 idcircoirumentum
1826 5544 1913 5597 emunt

240 5613 276 5664 Et
294 5616 386 5665 tamen
409 5614 464 5666 duo
488 5619 595 5667 tantum
623 5631 687 5670 cum
714 5631 748 5668 eo
774 5618 901 5671 decollati
928 5622 1059 5672 dicuntur
1109 5618 1330 5669 utiratressuos
1345 5620 1511 5682 opprimant.

240 5683 269 5733 in
294 5685 370 5735 Actis
392 5687 462 5749 ejus.
491 5688 522 5738 In
548 5686 641 5740 Gestis
663 5704 727 5740 vero
752 5691 970 5755 pontificalibus,
995 5706 1058 5757 qum
1142 5691 1174 5752 (3)
1189 5691 1224 5739 De
1239 5689 1327 5741 tortis
1339 5691 1445 5741 nostris.
1456 5689 1528 5741 Vide
1540 5704 1603 5754 quia
1615 5690 1650 5743 de
1668 5691 1755 5743 bortis
1771 5689 1828 5741 ielis
1847 5685 1912 5736 dicia

240 5756 359 5806 citantur
378 5757 461 5808 etiam
487 5760 515 5809 iu
539 5761 662 5825 antiquis
681 5761 892 5829 Martyrologiis,
922 5764 1058 5828 scriptum
1109 5766 1173 5812 sunt
1188 5760 1222 5811 ad
1235 5761 1389 5827 Epistulam
1404 5774 1442 5823 vr,
1456 5774 1518 5828 pag.
1533 5762 1588 5815 393.

239 5833 280 5879 est
295 5840 344 5883 sex
359 5842 424 5883 cum
445 5831 493 5884 illo
518 5844 615 5897 passos
633 5845 702 5886 esse.
726 5833 781 5890 sed
803 5835 856 5888 ista
876 5835 1058 5901 repugnantis
