4076 6190
247 276 310 386 *sss
925 324 1060 382 uorrru
1078 323 1175 382 sonu.
1196 325 1268 380 use.
1892 323 1939 379 sss
2021 301 2022 304 ‘

258 455 301 508 set
324 467 433 523 graecus
457 450 518 522 ipse
545 455 695 507 contextus
720 467 727 506 ς
752 465 829 521 nans,
855 465 930 518 cum,
956 449 1075 506 latinam
1086 461 1190 535 Arum
1217 447 1319 504 nablia
1341 445 1432 503 Latini
1448 446 1606 516 celebrent,
1620 443 1665 502 rel
1681 447 1713 502 nt
1729 445 1806 518 apud
1822 449 1940 516 Grecos,

257 543 447 601 consessionis
462 544 729 618 interpretationem
748 561 812 600 cum
826 559 919 616 graece
938 547 1075 599 contextu
1126 541 1170 597 die
1180 546 1196 597 ι
1205 541 1342 610 Octobris,
1354 557 1468 597 necesse
1483 543 1535 610 est,
1548 547 1580 595 nt
1591 540 1724 596 observat
1735 540 1937 608 Tillemuntius,

254 639 421 707 conterens,
447 639 536 694 multu
562 637 752 712 interpretem
778 638 954 704 detraxisse,
983 638 1075 692 multe
1124 636 1152 690 id
1167 652 1244 691 enno
1264 637 1316 691 sul
1330 635 1493 706 contigisse.
1506 635 1603 706 Neque
1619 634 1696 690 enim
1717 650 1794 691 enne
1813 637 1863 692 303
1879 652 1940 691 con·

254 721 409 800 addidisse,
431 738 460 788 et
479 732 510 788 in
533 732 664 805 plurimrs
684 747 700 788 a
723 748 791 788 vere
816 748 901 788 sensu
926 732 1073 787 aberrasse
1125 730 1236 800 tingere
1261 729 1366 801 petuit;
1389 729 1456 801 quia
1478 728 1667 784 Diocletianus
1688 728 1743 784 bec
1765 744 1842 785 anne
1870 729 1941 784 cirea

254 825 504 897 deprehenderim,
516 842 617 882 vereor
626 842 662 882 ne
676 826 752 882 idem
766 827 796 881 in
810 824 881 881 duas
894 826 963 882 alias
976 832 1073 898 partes
1123 834 1255 875 mensem
1272 818 1460 874 novembrem
1477 821 1573 874 ΗΘΜ
1587 819 1763 890 versabatur,
1777 835 1830 875 1100
1844 835 1937 891 perse·

253 920 392 976 evenerit.
422 921 493 976 lline
521 919 593 980 nihil
621 919 749 993 reperias
775 919 804 976 in
832 919 1009 976 Concessum
1037 920 1072 976 de
1123 913 1198 968 cutio
1224 917 1291 968 ente
1319 929 1429 968 annum
1456 913 1508 969 bol
1535 911 1669 968 adversus
1700 913 1786 969 laicos
1818 914 1920 968 exarsit

253 1015 391 1085 preclare
415 1013 464 1070 illa
489 1030 574 1086 prece
602 1030 659 1086 que
689 1014 801 1070 lustina
826 1014 975 1087 Deiperam
1000 1018 1073 1070 teste
1123 1023 1217 1079 neque
1237 1005 1329 1081 181
1350 1006 1437 1062 elium
1456 1023 1534 1063 anno
1554 1009 1617 1078 305,
1632 1007 1700 1080 quie
1714 1007 1767 1064 hoc
1781 1023 1857 1063 enno
1878 1007 1937 1063 llio-

254 1106 392 1179 Cregurio
418 1105 606 1178 Nezienzeno,
626 1107 656 1163 in
686 1108 748 1180 ipse
778 1107 945 1164 tentationis
971 1107 1070 1163 discri—
1121 1100 1334 1172 cletienusjam
1353 1115 1452 1156 nrensc
1474 1100 1550 1157 maio
1569 1100 1725 1173 imperium
1749 1100 1933 1157 abdicaverat.

253 1202 332 1256 mine
346 1200 458 1270 orabat,
473 1207 505 1257 nt
518 1201 623 1273 uirgini
641 1200 728 1273 Virgo
747 1206 935 1270 succurreret,
948 1200 1022 1256 nibil
1035 1201 1071 1257 de
1156 1194 1273 1251 Videtur
1294 1197 1376 1250 etate
1401 1197 1551 1266 provectus
1572 1194 1660 1250 tuisse
1685 1193 1842 1267 Cyprianus
1870 1210 1935 1250 enm

253 1293 406 1351 combustis
424 1311 442 1351 a
462 1295 604 1367 Cypriane
628 1295 747 1367 magicis
772 1294 850 1350 libris
873 1299 939 1350 ante
962 1293 1070 1367 baptis·
1120 1287 1207 1343 vitum
1229 1303 1281 1361 pro
1304 1287 1414 1343 Christo
1431 1287 1566 1360 protudit.
1587 1290 1681 1344 dunos
1703 1287 1821 1361 triginta
1845 1291 1928 1344 natus

253 1399 345 1452 mum,
361 1382 432 1439 nihil
449 1384 484 1439 de
502 1383 610 1439 ostiarii
627 1399 756 1453 munere,
777 1384 853 1458 quod
872 1384 899 1439 el
916 1388 982 1456 post
1003 1384 1071 1456 bap·
1121 1397 1154 1436 ex
1166 1383 1287 1454 AEgypto
1300 1383 1329 1436 iu
1343 1381 1508 1440 Chaldaeum
1523 1383 1665 1454 prefectus
1679 1387 1732 1451 est,
1747 1381 1846 1455 ibique
1859 1397 1936 1438 cem·

252 1475 370 1532 tismum
389 1476 574 1534 commissum
593 1480 645 1532 est.
661 1477 769 1534 Eadem
789 1478 863 1534 forte
881 1477 918 1532 du
939 1493 1025 1533 causa
1038 1477 1069 1532 in
1120 1481 1246 1531 muratus
1267 1475 1354 1530 rediit
1372 1475 1401 1530 in
1427 1475 1560 1548 patriam,
1574 1475 1623 1531 nbi
1639 1475 1738 1532 multis
1758 1475 1933 1532 facinoribus

250 1573 380 1627 Pessime
399 1573 532 1643 Cypriani
544 1579 570 1628 et
584 1574 699 1628 lustina
711 1571 801 1644 judex
823 1571 873 1643 qui
887 1587 935 1626 ees
947 1571 1067 1626 demna·
1118 1569 1225 1625 lamam
1236 1573 1266 1624 et
1275 1585 1382 1624 nomen
1395 1569 1515 1642 adeptus
1528 1572 1581 1638 est,
1593 1586 1625 1625 ec
1638 1569 1755 1625 tandem
1769 1569 1934 1642 aliquande,

250 1662 306 1732 rit,
322 1680 418 1720 comes
431 1665 556 1722 Orientis
569 1664 688 1734 dicitur,
706 1672 735 1720 et
749 1663 924 1721 Diocletiano
943 1664 983 1719 sic
1003 1665 1069 1720 scri·
1118 1679 1184 1718 cum
1204 1661 1320 1718 nefarie
1337 1661 1406 1718 artie
1421 1662 1519 1719 irritos
1531 1663 1561 1718 in
1576 1663 1715 1719 lustinam
1736 1665 1856 1720 conclus
1872 1679 1932 1718 sen·

250 1755 294 1812 bit
317 1773 323 1813 :
350 1759 465 1816 Claudio
497 1758 676 1831 (Diocletiano
704 1757 766 1814 ced.
794 1756 940 1827 Celbert.),
967 1757 1068 1814 Caesari
1118 1755 1207 1824 sisset,
1226 1771 1330 1812 nomen
1351 1755 1429 1811 dedit
1453 1755 1621 1814 Christiane
1642 1757 1786 1830 religioni.
1800 1758 1866 1812 Post
1883 1771 1932 1811 en·

251 1866 358 1920 magne,
383 1857 461 1908 terra
481 1857 508 1907 et
528 1855 612 1908 meme
630 1853 747 1920 domino,
769 1852 894 1907 solutore.
916 1850 961 1907 Sic
982 1833 1187 1906 etiemBnum
1204 1849 1353 1921 presbyter
1372 1849 1463 1904 lactus
1477 1853 1529 1918 est,
1543 1856 1572 1906 et
1584 1850 1727 1906 sexdecim
1738 1849 1820 1905 eneis
1833 1849 1861 1905 in
1878 1849 1932 1905 huc

251 1942 408 2015 Cyprianus
422 1947 451 2000 et
462 1944 570 2001 Justina
581 1946 747 2001 Damascum
762 1949 956 2012 accersuntur,
970 1959 1068 2016 quam·
1118 1943 1209 2013 gredu
1235 1940 1333 2015 182
1357 1941 1462 1998 exactis
1482 1942 1619 1999 Anthimo
1640 1943 1770 2016 episcopo
1789 1945 1931 1999 successit.

251 2037 293 2091 vis
305 2037 381 2110 apud
392 2037 527 2094 Photium
542 2036 651 2094 lustina
660 2038 721 2110 jem
734 2044 821 2093 autea
835 2038 864 2092 in
880 2037 954 2092 hanc
967 2036 1067 2091 urbem
1117 2036 1236 2092 Necesse
1256 2040 1298 2092 est
1318 2053 1384 2092 eum
1406 2036 1436 2093 in
1458 2039 1620 2110 episcopatu
1643 2039 1740 2110 plures
1758 2053 1850 2095 eunus
1870 2043 1930 2092 tre·

252 2130 401 2202 migrasse,
417 2135 485 2188 tunc
498 2135 594 2188 antem
608 2133 682 2187 sulus
695 2131 853 2204 Cyprianus
868 2147 901 2187 ee
914 2128 1067 2202 perductos
1117 2127 1251 2198 duxisse,
1276 2151 1291 2180 ιι
1312 2128 1453 2203 siquidem
1472 2130 1628 2186 multorum
1650 2130 1736 2187 corde
1755 2129 1932 2186 illuminabat

250 2225 339 2281 tuisse
352 2223 475 2280 dicatur.
1116 2238 1168 2294 per
1187 2221 1304 2278 verbum
1325 2223 1377 2278 bei
1396 2228 1424 2279 et
1439 2224 1621 2280 convertebat
1633 2223 1669 2279 ab
1688 2225 1767 2280 omni
1784 2224 1884 2280 haeresi
1901 2227 1930 2278 ct

287 2318 463 2391 Cyprianum
478 2335 544 2374 cum
559 2319 670 2374 lustina
687 2334 801 2390 pessum
818 2333 878 2373 esse
893 2318 1067 2374 Nicomediae
1115 2315 1240 2387 augebat
1249 2331 1367 2388 gregem
1379 2316 1493 2373 Christi.
1504 2337 1517 2366 u
1528 2317 1677 2374 Anthimus
1688 2325 1783 2373 autem
1797 2317 1931 2389 Cypriani

249 2411 303 2468 sub
324 2412 498 2472 Diocletiane
516 2418 544 2469 et
562 2412 734 2468 Maximiano
752 2417 814 2467 tum
833 2428 899 2468 cum
915 2411 1065 2468 Diocletia-
1116 2409 1250 2465 decessor
1272 2409 1375 2482 Optato
1401 2416 1593 2479 successerat,
1621 2427 1716 2483 eque
1745 2411 1873 2466 AEdesius
1902 2413 1933 2466 et

249 2522 304 2563 nus
324 2503 497 2561 Nicomedies
516 2511 688 2575 versaretur,
700 2522 733 2561 ex
752 2505 884 2562 Euducioe
901 2505 978 2577 apud
998 2506 1066 2560 Pho-
1115 2503 1250 2560 Cledunie
1267 2519 1332 2558 cum
1351 2502 1409 2559 lilia
1426 2505 1538 2561 Justine
1550 2504 1686 2576 baptizati
1706 2507 1786 2574 sunt;
1800 2503 1930 2560 AEdesius

249 2599 322 2654 tium
342 2598 509 2656 tesh'munio
531 2599 710 2672 perspicitur,
731 2603 759 2655 et
780 2615 813 2654 ex
838 2599 899 2670 ipsa
922 2598 1063 2656 Passione.
1115 2599 1200 2654 etiem
1216 2600 1365 2672 presbyter
1377 2607 1500 2666 creatus,
1513 2614 1571 2670 quo
1584 2599 1742 2654 ministeriu
1755 2615 1806 2670 per
1818 2614 1929 2653 anuum

247 2691 326 2757 Quod
342 2691 364 2748 si
378 2691 452 2764 passi
473 2696 540 2750 sent
561 2692 607 2749 die
625 2695 659 2749 ιθ
677 2692 855 2765 septembris,
871 2691 995 2765 quodie
1015 2709 1063 2748 eo·
1114 2700 1143 2748 et
1158 2709 1271 2750 menses
1285 2711 1334 2750 sex
1350 2695 1516 2766 perfunctus
1530 2699 1583 2751 est.

758 3019 989 3112 uerrere
1010 2983 1264 3113 'ceuruuu
1296 3019 1420 3112 use.

583 3201 640 3270 QUI
659 3202 707 3258 Ab
727 3202 819 3260 HANG
839 3201 1023 3259 nutriemur
1043 3202 1275 3260 ADORNANDAM
1292 3202 1443 3260 hblllbl'll
1462 3201 1583 3258 ruens.

276 3472 440 3530 Contnleret
454 3470 582 3526 baluzius
595 3487 660 3538 cum
673 3469 819 3526 codicibus
835 3471 1037 3543 manuscriptis
1051 3472 1176 3544 plurima
1189 3473 1323 3546 Cypriani
1338 3489 1458 3545 operum
1471 3473 1547 3529 edita
1561 3469 1746 3543 exemplaria,
1761 3483 1826 3541 quae
1843 3467 1934 3523 rrobis

240 3559 379 3632 inspicere
399 3575 456 3614 nen
479 3559 568 3614 licuit.
583 3559 638 3616 Sed
657 3575 692 3615 ex
712 3560 774 3630 ejus
795 3558 868 3615 netis
889 3559 1045 3616 existimari
1065 3567 1158 3634 petest
1178 3567 1317 3634 quantum
1338 3562 1485 3616 industriae
1507 3578 1540 3616 ac
1556 3561 1662 3615 laberis
1686 3559 1716 3614 in
1737 3558 1792 3613 hec
1818 3573 1932 3628 genere

238 3649 434 3722 insumpserit.
448 3650 528 3719 Nem,
546 3654 652 3720 prester
668 3649 776 3704 codices
795 3649 844 3721 qui
863 3650 997 3719 llanutio,
1012 3651 1150 3717 Pemelie,
1164 3652 1287 3724 Rigaltiu
1303 3659 1331 3709 et
1343 3653 1440 3724 huglis
1454 3653 1517 3706 usui
1532 3651 1660 3718 luerunt,
1675 3648 1775 3704 hebuit
1796 3645 1927 3703 baluzius

237 3757 269 3796 ae
284 3739 440 3811 diligenter
454 3755 521 3796 cum
539 3738 622 3794 editis
635 3738 753 3793 cuntulit
769 3739 862 3808 plures
876 3755 909 3794 ex
923 3739 1095 3796 bibliotheca
1116 3739 1215 3813 begis,
1230 3741 1259 3796 in
1274 3741 1318 3797 his
1338 3747 1481 3797 vetustum
1504 3739 1630 3796 codicem
1650 3737 1700 3810 qui
1724 3737 1793 3793 elim
1815 3736 1870 3791 luit
1899 3737 1931 3792 S.

237 3829 348 3886 henim
368 3827 574 3884 Turuoeensis:
594 3845 629 3884 ex
650 3828 823 3884 bibliothece
844 3835 939 3884 autem
960 3828 1121 3885 Celbertine
1142 3831 1262 3899 cedices,
1288 3833 1350 3897 lbi,
1371 3833 1434 3896 782,
1461 3831 1524 3896 801,
1544 3829 1625 3895 uste,
1648 3831 1678 3882 et
1697 3825 1926 3882 vetustissimum

236 3921 316 3987 1305,
330 3918 379 3990 qui
392 3917 447 3978 luit
459 3917 527 3972 elim
538 3917 717 3973 bibliothece
735 3917 882 3987 Thuaoiae,
898 3917 1028 3973 stallum
1046 3918 1095 3990 qui
1113 3918 1168 3973 luit
1187 3919 1257 3974 elim
1277 3918 1388 3990 collegii
1409 3919 1542 3974 besensis
1555 3936 1561 3973 :
1576 3935 1609 3974 ex
1628 3916 1800 3973 bibliothece
1825 3917 1927 3972 bemi-

234 4008 321 4082 giano
342 4021 433 4062 sunum
456 4006 686 4072 vetustissimum,
703 4010 732 4062 et
752 4006 839 4062 alium
860 4007 1069 4062 recentiorem:
1086 4025 1175 4063 unum
1190 4025 1224 4064 ex
1246 4009 1468 4064 monasterius.
1494 4007 1620 4079 Dionysii
1640 4007 1668 4062 in
1692 4005 1795 4062 eadem
1817 4004 1890 4058 urbe
1916 4021 1925 4059 s

232 4098 330 4170 plures
348 4097 436 4152 etiam
455 4099 517 4150 turn
535 4113 568 4152 ex
588 4095 618 4152 S.
637 4095 755 4151 Victoris
776 4094 951 4163 basielensis,
967 4101 1028 4151 tum
1050 4113 1084 4152 ex
1105 4097 1192 4170 ipsius
1212 4097 1312 4152 baluzii
1335 4096 1516 4154 bibliothece.
1542 4097 1586 4152 llis
1610 4097 1683 4152 adde
1707 4095 1920 4168 ch'ucrieuum

235 4189 302 4242 ente
323 4201 414 4240 eunus
437 4183 513 4240 mille
535 4184 683 4256 scriptum,
708 4185 886 4252 beccensem,
907 4183 1114 4253 Divionensem,
1137 4186 1350 4255 Curbeiensem,
1374 4187 1673 4258 Gratianopolitanum
1696 4183 1846 4241 clarissimi
1868 4184 1928 4239 viri

236 4277 366 4346 Gasparis
387 4274 464 4341 boni,
488 4273 710 4344 Burgundicum,
738 4275 942 4341 Fussatensem,
965 4275 1180 4342 carnotensem,
1204 4276 1419 4346 hainoensem,
1440 4275 1712 4348 compendiensem,
1737 4275 1925 4330 Pithoeanum

236 4362 438 4432 Serbonicum,
454 4360 712 4429 Monasteriensem,
727 4377 803 4416 nrrnu
824 4361 934 4417 Parisiis
952 4363 980 4416 in
999 4361 1172 4420 bibliothece
1192 4367 1467 4437 Augustiniauurum
1487 4366 1617 4422 suburbii
1642 4365 1670 4422 S.
1687 4363 1821 4421 Germani
1832 4380 1929 4418 asser-

233 4454 340 4522 vetum,
366 4451 582 4520 Floriecensem,
604 4449 845 4521 lloyssiacensum,
862 4453 1003 4506 vetustum
1028 4451 1132 4508 librum
1157 4454 1206 4526 qui
1226 4455 1281 4510 luit
1303 4455 1463 4527 baymundi
1487 4454 1613 4528 episcopi
1636 4453 1825 4521 hecenensis;
1848 4453 1926 4508 elios

235 4542 357 4614 denique
381 4558 414 4596 ex
438 4540 618 4596 monasteriis
641 4539 669 4595 S.
690 4539 831 4611 Arnulphi
850 4540 990 4608 lleteusis,
1014 4541 1043 4596 S.
1064 4543 1206 4598 Michaelis
1224 4543 1253 4598 in
1274 4544 1399 4614 periculo
1423 4544 1520 4611 maris,
1542 4544 1569 4599 S.
1582 4542 1715 4598 Germani
1740 4542 1872 4608 abrutis,
1893 4545 1924 4598 S.

234 4631 314 4698 Celti,
327 4629 428 4686 lduntis
440 4630 466 4686 S.
482 4628 576 4702 Eligii.
591 4630 732 4684 Praeterea
748 4627 842 4684 misere
855 4628 891 4683 ed
907 4628 1052 4685 baluzium
1066 4629 1183 4685 luerunt
1197 4633 1281 4688 variae
1298 4633 1435 4688 lectiones
1455 4635 1592 4704 excerptae
1607 4649 1641 4687 ex
1655 4631 1797 4687 codicibus
1811 4627 1928 4684 Vatica-

235 4719 289 4790 nis,
305 4724 336 4775 ut
349 4721 427 4791 petet
439 4735 474 4774 ex
489 4719 550 4790 ejus
564 4717 639 4775 notis
650 4717 685 4772 ed
702 4715 857 4788 Epistulam
877 4716 1009 4790 Cypriani
1026 4733 1116 4774 xcvus.
1130 4721 1170 4776 bx
1184 4720 1230 4775 his
1246 4726 1343 4778 aetem
1362 4721 1515 4790 codicibus,
1534 4736 1605 4793 quus
1622 4719 1828 4784 recensuimus,
1849 4735 1928 4774 nun-

233 4808 303 4864 nulli
315 4808 350 4864 eb
363 4809 462 4880 englis
481 4807 562 4864 citari
579 4807 672 4863 solent
688 4823 695 4862 ε
711 4807 761 4863 sed
775 4810 872 4864 tamen
883 4809 922 4862 sic
937 4806 991 4863 illis
1009 4807 1099 4865 utitur
1115 4809 1254 4879 baluzius,
1274 4818 1306 4866 ιιι
1326 4829 1375 4867 eos
1393 4810 1545 4868 contulisse
1562 4827 1628 4868 cum
1648 4811 1730 4866 editis
1750 4812 1801 4866 aut
1817 4809 1924 4865 saltem

234 4897 412 4952 consuluisse
426 4896 565 4953 rideatur.

269 4985 458 5043 Adhibuimus
476 4987 563 5042 etiam
584 4986 620 5042 ed
640 5002 730 5058 opere
746 4987 886 5059 Cypriane
909 4989 1030 5060 ascripta
1050 4991 1158 5046 veteres
1171 4989 1259 5048 libros
1272 5009 1305 5048 ex
1320 4993 1491 5049 bibliotheca
1512 4992 1614 5066 Regia,
1629 5009 1662 5048 ex
1684 4991 1858 5059 Celhertina,
1886 5005 1924 5044 ex

232 5074 401 5144 Sorhenica,
421 5075 562 5132 Victorino
581 5079 611 5132 et
627 5073 881 5148 Sahgermnneusi.
903 5077 960 5134 Sed
980 5079 1016 5134 ad
1037 5095 1072 5134 ee
1092 5093 1158 5151 ques
1179 5081 1294 5152 maJ'oris
1315 5087 1381 5138 sunt
1402 5083 1509 5154 pretii,
1534 5086 1665 5138 accurate
1686 5079 1870 5136 emendanda
1894 5087 1928 5135 et

232 5163 401 5236 castiganda
422 5179 530 5236 magno
553 5165 583 5221 in
607 5165 706 5236 primis
730 5167 793 5221 usui
817 5167 936 5223 luerunt
956 5169 1014 5223 tres
1036 5168 1226 5240 antiquissimi
1248 5171 1378 5242 codices,
1403 5171 1588 5244 llemigieuus
1611 5187 1686 5228 unns
1709 5170 1745 5225 ad
1767 5169 1927 5241 epistelam

232 5251 303 5309 Celsi
322 5253 361 5310 ed
382 5254 523 5324 vigilium,
546 5257 575 5310 et
597 5254 654 5310 due
677 5256 938 5329 sangermanenses
961 5259 996 5314 ed
1017 5257 1122 5314 librum
1145 5260 1178 5316 de
1201 5261 1403 5332 Singulos-itote
1427 5261 1591 5318 clericerum
1612 5263 1643 5316 et
1662 5261 1866 5330 Rupoeits'onem
1892 5261 1928 5314 iu

231 5341 398 5410 Symbolum.

1507 5442 1538 5497 b.
1560 5441 1645 5498 reue.
1664 5440 1771 5497 llsmu.
