4012 6192
260 267 307 334 tel
569 271 782 333 leopatius.
797 268 956 332 CYPllthl
969 267 1118 333 ordume
1135 267 1281 332 manao.
1295 269 1329 328 ll.
1344 299 1380 316 -··
1394 267 1633 332 supposituri.
1855 273 1900 338 att

257 399 377 476 quaesita
402 397 536 471 diligenti
566 415 634 455 cora
663 398 798 467 custodit,
825 399 948 456 eoelestis
972 399 1072 471 patriae
1083 397 1177 484 Arias
1201 396 1231 454 iu
1257 400 1396 454 aeternam
1420 397 1637 454 damnationem
1662 395 1826 467 dilabentem
1845 404 1902 457 eta

255 510 415 570 perennem
428 495 597 550 thesaurum
611 493 734 549 amittat.
747 493 790 549 lld
803 510 891 566 quem
903 494 1070 550 thesaurum
1122 490 1279 554 contrario,
1305 492 1380 546 dccii
1403 495 1467 546 sunt
1489 489 1682 560 miscimrdrs
1703 493 1764 560 quio
1776 495 1901 550 miserior·

258 589 396 662 Dominus
407 591 489 644 iesus
507 587 720 644 adolescentem
738 587 866 656 diuitem,
879 588 930 661 qui
949 605 1015 646 eum
1035 589 1070 644 de
1121 584 1196 640 dium
1220 589 1414 656 consequentur
1438 584 1559 653 (110111.1
1583 600 1610 652 a,
1632 585 1669 656 7).
1694 585 1766 640 Felix
1785 591 1824 642 est
1846 603 1903 659 ergo

256 681 431 755 perfectione
450 681 684 752 interrogaverat,
707 680 746 738 ita
768 682 944 753 respondens
967 681 1070 739 invita-
1120 677 1294 747 misericors,
1308 677 1378 733 dom
1399 677 1430 734 io
1453 678 1506 736 hac
1527 675 1633 734 virtute
1654 693 1713 736 nou
1734 677 1904 750 substante,

255 776 317 831 vit:
333 777 365 833 Si
376 778 418 832 uis
430 777 565 846 perfectio
576 790 643 843 esse,
661 775 732 832 assde
751 779 777 831 et
795 775 879 830 ucnde
902 778 992 832 omnic
1012 793 1072 847 quc
1121 771 1170 828 sed
1181 769 1315 828 allectum
1328 771 1401 828 ilaus
1414 770 1547 844 requirit.

258 871 348 936 babes,
363 875 389 926 ot
407 871 444 926 dc
460 870 640 940 pauperibus,
656 876 682 926 et
703 871 775 936 ueni,
792 885 962 940 sequererne,
977 875 1003 926 ct
1024 871 1072 926 tro-
1444 866 1555 924 CAPUT
1573 866 1605 921 V.

257 965 328 1020 babis
353 966 510 1020 thesaurum
534 967 564 1018 in
588 963 651 1019 coelo
678 963 800 1034 (dietih,
815 979 871 1024 xix,
897 962 953 1033 21).
977 964 1070 1031 Quem
1155 957 1276 1023 Quintus
1290 958 1435 1016 abusionis
1448 959 1554 1032 gradus
1571 963 1623 1028 est,
1639 959 1747 1016 lamina
1765 960 1819 1016 sina
1837 961 1906 1034 podi-
1981 951 1982 1002 i

256 1059 426 1114 thesaurum
459 1058 562 1122 ⁸nullus
605 1072 731 1128 unquam
770 1056 921 1113 hominum
967 1057 1070 1114 babere
1120 1051 1196 1108 cille·
1212 1051 1380 1110 sicutenim
1399 1069 1501 1110 omnes
1523 1051 1614 1109 bonos
1634 1069 1728 1110 mores
1749 1059 1866 1125 procuret
1882 1057 1907 1110 ei
1981 1039 1982 1116 i

257 1158 361 1225 potest,
387 1151 440 1208 nisi
466 1151 515 1223 qui
541 1152 711 1223 pauperibus
735 1150 837 1206 solatia
863 1156 991 1222 praestet,
1020 1155 1071 1208 eut
1119 1148 1285 1206 custoditio
1301 1149 1367 1206 viris
1387 1151 1547 1222 prudentie,
1567 1151 1647 1207 sicet
1666 1151 1697 1206 in
1718 1151 1906 1208 reminiscunt-
1981 1167 1982 1200 l

257 1263 311 1320 per
322 1246 448 1317 seipsum
463 1261 574 1317 pauper
588 1248 640 1300 est.
657 1247 718 1300 Non
732 1260 801 1316 ergo
817 1244 939 1300 dormiat
959 1245 988 1301 in
1004 1245 1067 1302 the·
1119 1245 1164 1300 tos
1177 1243 1294 1300 honoris
1318 1247 1398 1302 actos
1412 1244 1504 1301 nutrit
1515 1250 1545 1302 et
1555 1245 1632 1301 louet
1654 1247 1683 1300 et
1703 1245 1818 1302 custodit
1838 1245 1907 1317 pudi-
1981 1253 1982 1312 ,

243 1341 349 1396 sauris
365 1341 421 1396 tois
434 1341 500 1410 (14),
515 1337 590 1409 quod
616 1355 757 1410 parsperes
777 1339 903 1396 dormire
917 1355 973 1394 non
989 1339 1068 1397 sinit.
1109 1337 1192 1391 citis.
1209 1336 1349 1394 Pudicitia
1364 1353 1490 1409 namque
1510 1338 1670 1394 castitatem
1693 1338 1819 1406 custodit,
1834 1339 1909 1394 asari·
1981 1365 1982 1380 .

257 1433 336 1490 [lives
358 1449 483 1505 namque
505 1432 558 1487 etsi
579 1432 668 1488 inulta
694 1433 920 1505 congregaverit,
943 1433 987 1488 his
1013 1433 1068 1488 trui
1118 1429 1188 1484 ham
1202 1431 1339 1496 relreoot,
1351 1431 1413 1486 lites
1427 1431 1541 1500 devitat,
1555 1432 1630 1488 iram
1643 1431 1768 1502 mitigat,
1780 1431 1908 1486 libidinem
1981 1405 1982 1500 )

255 1528 332 1581 solos
363 1542 544 1598 naquaquam
576 1526 699 1597 poterit;
731 1526 800 1597 quia
828 1527 916 1582 unitas
945 1526 1069 1582 hominis
1119 1529 1253 1595 occupet,
1268 1524 1454 1596 cupiditatem
1474 1529 1623 1596 temperat,
1644 1524 1785 1580 lasciviam
1800 1525 1909 1596 castigat,

255 1625 357 1674 natura
371 1620 469 1675 multis
481 1620 567 1676 rebus
581 1635 639 1674 non
652 1620 799 1676 succurrit.
814 1621 892 1686 Quid
913 1635 982 1693 ergo
998 1620 1067 1678 stul·
1118 1615 1290 1674 ebrietatem
1304 1621 1395 1686 caret,
1410 1619 1496 1676 verba
1511 1635 1568 1676 non
1583 1619 1766 1691 multiplicat,
1781 1619 1912 1690 3010000-
1981 1603 1982 1640 l

256 1714 312 1768 lius
337 1717 380 1768 est
399 1729 485 1785 quam
509 1717 630 1785 propter
653 1713 739 1768 unius
763 1714 889 1770 bominis
909 1713 1015 1770 uictum
1039 1718 1068 1769 et
1120 1710 1311 1781 cupiscentias
1331 1717 1436 1783 purgat
1449 1713 1513 1784 (18),
1528 1713 1640 1768 lurtum
1664 1712 1782 1768 omnino
1800 1712 1911 1768 damnat
1981 1757 1982 1772 .

256 1807 403 1873 restimm,
428 1809 519 1862 totam
550 1805 633 1878 regni
664 1806 787 1862 eoelestis
817 1807 937 1878 perdere
966 1777 1323 1879 peren-Bouidpluriat
1338 1805 1440 1862 Omnia
1459 1805 1528 1862 uitia
1542 1807 1709 1878 restringit;
1725 1811 1857 1862 etomnes
1868 1805 1911 1860 sir·
1981 1787 1982 1860 i

258 1915 325 1954 nem
349 1900 403 1971 (15)
424 1899 645 1969 jucunditatem,
672 1906 700 1955 et
727 1902 849 1956 aeternos
873 1900 980 1956 interni
1005 1917 1068 1956 ero·
1120 1899 1205 1961 lutea,
1219 1903 1247 1954 et
1268 1898 1406 1970 quidquid
1430 1914 1527 1956 eorem
1542 1901 1650 1955 Deoel
1667 1901 1750 1956 boob
1769 1899 1911 1955 hominihus
1981 1927 1982 1956 l

256 1993 354 2058 ciatus,
367 1992 476 2064 absque
494 1992 696 2049 consolationis
717 1993 929 2065 praestolatione
951 1994 1070 2050 subire?
1120 1990 1265 2047 laudabile
1281 1997 1324 2048 est
1337 1992 1438 2049 nutrit.
1453 1993 1911 2066 lmpudicanamquesitaneolau-

255 2085 434 2158 Ouodigitur
443 2086 594 2159 aliquando
607 2101 660 2158 per
672 2087 866 2143 necessitatem
876 2087 1069 2144 amittendum
1121 2084 1187 2140 dem
1201 2085 1237 2140 ab
1253 2085 1419 2141 bominibus
1430 2086 1462 2141 in
1483 2087 1617 2158 presenti
1632 2087 1747 2154 saeculo,
1760 2103 1811 2142 nec
1831 2103 1910 2140 ramu-

257 2183 309 2247 est,
324 2195 376 2251 pro
393 2181 501 2234 aeterna
519 2181 751 2236 remuneratione
770 2185 871 2253 sponte
894 2180 1068 2236 distribuen·
1119 2178 1297 2235 narationem
1317 2181 1405 2236 abeo
1419 2186 1563 2252 exspectet
1577 2180 1609 2236 in
1623 2181 1732 2236 buturo.
1749 2179 1847 2237 Pudice
1858 2195 1911 2234 sero
1981 2215 1982 2248 ,

255 2273 325 2328 dnm
356 2276 408 2329 cst.
435 2275 531 2331 Omnia
558 2277 629 2330 enim
652 2290 711 2344 que
744 2275 873 2331 uidentur
909 2276 1069 2346 tencarolia
1118 2272 1294 2328 vitatamam
1308 2273 1414 2330 bonam
1436 2274 1811 2341 interhomineshabet,et
1829 2273 1911 2343 despe
1981 2285 1982 2354 J

253 2367 608 2438 sunt,quaenonuidentnr
625 2374 811 2424 0100000001
829 2369 861 2439 (ll
882 2371 954 2434 don,
969 2385 996 2436 v,
1014 2371 1066 2436 18).
1118 2365 1911 2440 lutoraebeatitudioisgaudet.Prescnlibussemetipsun
1981 2367 1982 2406 t

254 2461 393 2526 Quamdiu
408 2477 534 2533 namque
548 2461 721 2533 temporales
734 2479 843 2531 sumus,
859 2463 1068 2534 temporalibus
1119 2460 1290 2516 imitabilem
1311 2460 1391 2531 lacit,
1404 2461 1523 2534 posteris
1536 2461 1708 2518 memoriam
1725 2461 1867 2518 amabilem
1876 2476 1912 2516 m·
1981 2505 1982 2526 ,

254 2555 425 2625 temporalia
440 2553 615 2623 deserviunt,
631 2560 661 2611 et
682 2571 748 2610 cum
767 2556 834 2611 binc
855 2557 1066 2626 transierimus,
1118 2553 1231 2626 linquit.
1247 2553 1331 2610 Bonis
1352 2571 1467 2627 semper
1486 2555 1614 2612 moribus
1636 2556 1795 2613 delectatur
1814 2557 1840 2610 et
1855 2569 1912 2608 000-
1981 2529 1982 2596 i

254 2648 369 2704 [eternis
395 2652 503 2704 aterna
522 2649 620 2703 solatia
641 2649 861 2720 prestabontor.
882 2649 987 2706 idcirco
1009 2665 1066 2706 non
1118 2648 1215 2718 sentit,
1232 2653 1260 2703 et
1273 2648 1392 2704 assiduis
1414 2649 1623 2720 Scripturarum
1647 2647 1873 2706 meditationibus
1886 2651 1909 2702 et

254 2739 393 2796 deminus
408 2740 529 2813 diligere
541 2757 574 2796 ea
588 2757 653 2813 quaa
669 2759 727 2796 non
748 2756 862 2812 semper
879 2743 1066 2813 habebimus;
1117 2741 1238 2813 eloquiis
1253 2742 1380 2798 animam
1397 2745 1514 2815 vegetet
1524 2744 1591 2815 (19).
1604 2743 1747 2800 bonorum
1762 2741 1907 2814 preceden-

252 2834 413 2905 praesertim
427 2850 492 2890 cum
512 2840 657 2906 expertem
675 2835 794 2892 rationis
807 2852 924 2892 avarum
939 2836 1065 2906 divitem,
1116 2834 1189 2890 tium
1215 2836 1346 2907 exempla
1373 2836 1504 2904 custodit,
1527 2839 1556 2892 et
1576 2835 1781 2908 inseparabilia
1800 2833 1912 2907 perlectis

252 2927 378 2983 thesauri
400 2929 444 2985 soi
465 2931 495 2984 et
516 2927 588 2999 agri,
610 2934 639 2984 et
657 2929 756 2984 omnia
775 2945 841 3001 que
862 2930 957 3000 habet,
972 2934 1066 2986 osten-
1116 2927 1303 2985 contubernia
1336 2929 1433 2986 nectit.
1461 2928 1577 2986 Duobus
1602 2947 1672 3002 ergo
1702 2930 1795 2986 modis
1818 2931 1912 2984 constat

251 3021 339 3089 dant3
356 3021 425 3092 quia
439 3024 498 3077 toto
518 3021 610 3076 cordis
625 3022 730 3078 intuitu
751 3022 814 3077 illas
834 3038 880 3078 res
902 3027 981 3080 amet
1001 3041 1066 3096 quse
1116 3037 1190 3076 verse¹
1212 3021 1357 3093 pudicitie
1378 3021 1553 3087 exercitatio,
1570 3023 1598 3078 id
1621 3026 1664 3078 est
1684 3024 1809 3095 eorporis
1831 3021 1911 3077 habitu
1981 3007 1982 3056 l

250 3131 400 3186 nunquam
416 3133 446 3170 se
460 3114 593 3187 diligunt.
607 3115 635 3170 Si
650 3116 727 3171 enim
743 3132 847 3171 aurum
862 3119 1063 3189 etargentum,
1115 3119 1143 3170 et
1158 3115 1308 3187 superficie
1327 3119 1357 3170 et
1370 3116 1462 3171 animi
1474 3115 1576 3173 allecto
1593 3117 1718 3172 interno.
1733 3118 1788 3173 Par
1806 3113 1911 3170 exterio-
1981 3121 1982 3128 ’

250 3214 280 3265 01
302 3225 395 3280 agros,
416 3213 445 3264 et
471 3210 649 3276 vestimenta,
674 3215 703 3264 et
729 3210 814 3278 cibos,
835 3215 865 3264 et
884 3212 1011 3280 metalla,
1036 3217 1066 3267 et
1114 3210 1308 3265 remmodum
1330 3209 1716 3282 commemorassemus
1738 3208 1911 3282 operabona.
1981 3275 1982 3292 χ

250 3303 336 3358 bruta
359 3302 494 3358 animalia
518 3304 581 3376 quis
605 3303 745 3367 dilexerit,
769 3304 829 3360 baec
854 3305 949 3360 omnia
973 3305 1063 3362 vicem
1114 3301 1256 3358 Pudicitia
1271 3318 1398 3375 namque
1415 3303 1545 3374 corporis
1564 3309 1616 3370 est,
1630 3304 1739 3359 alienas
1753 3319 1798 3358 res
1809 3315 1911 3370 consp
1981 3327 1982 3386 t

250 3396 303 3451 sibi
327 3396 601 3468 amorisrependara
625 3413 683 3452 non
705 3413 798 3468 posse,
813 3398 873 3468 ipsa
896 3415 993 3454 rerum
1014 3415 1064 3456 na·
1113 3401 1221 3467 petere,
1248 3399 1278 3451 et
1308 3413 1423 3452 omnem
1454 3396 1670 3454 immunditiam
1697 3397 1831 3463 deuitare,
1856 3395 1911 3448 anie

250 3493 313 3544 tura
337 3489 471 3545 ostendit.
501 3489 575 3556 Quid
600 3505 669 3562 ergo
693 3507 710 3544 a
734 3490 845 3546 ratione
875 3491 992 3563 longius
1021 3497 1064 3548 est
1113 3490 1215 3546 horam
1234 3505 1401 3561 ,congruam
1424 3505 1483 3546 000
1512 3496 1626 3563 gustare
1652 3491 1736 3559 sella,
1757 3490 1842 3548 nsum
1865 3501 1911 3542 000
1981 3515 1982 3520 1

248 3599 336 3654 quam
354 3583 486 3655 diligere,
503 3582 580 3655 quod
602 3588 630 3638 ta
655 3599 753 3639 amare
774 3585 940 3651 uonvalet;
965 3590 993 3640 et
1015 3601 1064 3640 ne·
1114 3583 1247 3652 excitare,
1262 3583 1442 3640 verberans
1461 3587 1490 3638 et
1509 3583 1576 3638 lalse
1594 3600 1654 3640 non
1677 3585 1777 3656 loqui;
1798 3581 1912 3639 babilon
1981 3643 1982 3648 η

248 3661 472 3748 gligercillum,
492 3675 620 3748 quitum
641 3676 786 3732 dilectioni
810 3676 865 3748 (lu)
887 3693 953 3734 cum
980 3678 1064 3734 (11100-
1113 3693 1165 3748 per
1187 3677 1286 3732 omnia
1311 3677 1485 3744 ordinatum,
1505 3677 1801 3750 compositionemque
1823 3689 1912 3731 eonse-

249 3771 324 3825 11000
339 3769 435 3826 omnia
447 3770 577 3842 prebet?
591 3771 711 3842 Propter
722 3771 777 3826 hoc
795 3770 884 3843 igitur
902 3787 962 3827 non
980 3772 1062 3844 diligi
1113 3769 1237 3825 aientem
1251 3772 1310 3826 tam
1325 3769 1496 3842 capillorum
1512 3785 1599 3842 quam
1612 3769 1911 3839 seatium,sieutdeaet,

248 3863 383 3932 mondus,
405 3863 457 3919 sed
475 3863 556 3934 diligi
581 3864 725 3936 prosimus
748 3880 765 3920 a
790 3867 848 3920 lleu
876 3864 1044 3936 precipitur
1051 3883 1060 3935 3
1112 3862 1220 3918 habere
1227 3879 1235 3933 ;
1247 3879 1313 3918 cum
1324 3863 1453 3936 indignis
1463 3864 1650 3921 contubernia
1662 3881 1722 3920 non
1735 3865 1912 3933 inire;supeo

248 3958 316 4029 quia
330 3958 480 4029 proximus
493 3957 584 4013 uicem
599 3957 643 4013 sui
658 3958 765 4013 amoris
781 3962 877 4029 potest
892 3958 1060 4030 rependere,
1111 3957 1209 4012 ciliuso
1222 3957 1331 4012 intuitu
1347 3957 1495 4013 nemiuem
1508 3957 1644 4030 aspicere,
1655 3959 1755 4030 uagari
1766 3956 1857 4014 oeulos
1864 3969 1911 4012 000
1981 4003 1982 4056 1

248 4051 326 4122 quod
339 4050 465 4106 mundos
478 4050 599 4106 minime
612 4069 694 4123 posse
709 4050 764 4123 (17)
779 4067 835 4106 000
847 4051 1001 4108 dubitetur.
1016 4053 1062 4109 Sic
1110 4051 1279 4121 permittere
1292 4067 1299 4117 3
1326 4051 1488 4122 pompatico
1507 4054 1536 4108 et
1556 4051 1725 4108 illecebroso
1743 4067 1841 4124 gressu
1861 4062 1910 4103 noo
1981 4117 1982 4126 ἵ

248 4144 326 4200 enirn
342 4143 491 4198 inimicum
512 4161 574 4199 asse
596 4145 775 4215 diligendum
796 4146 933 4202 Dominus
957 4162 1062 4218 praeoe-
1111 4144 1261 4213 incedere;
1276 4143 1347 4200 nulli
1362 4143 1482 4200 interior
1496 4145 1548 4216 (rut
1565 4145 1594 4199 in
1608 4145 1725 4216 incepto
1745 4145 1820 4200 bono
1834 4155 1911 4214 opere
1981 4163 1982 4178 ¹

246 4238 299 4314 pit,
314 4235 411 4310 873
426 4239 458 4292 01
476 4237 524 4292 illa
539 4237 651 4293 dilectio
664 4238 790 4300 amicum
802 4239 885 4294 illum
898 4255 932 4294 ex
944 4240 1061 4296 inimico
1110 4253 1260 4310 apparere,
1275 4237 1348 4294 nulli
1366 4238 1571 4294 contumeliam
1593 4236 1693 4311 874
1717 4247 1769 4294 aut
1791 4237 1911 4293 ruborem

247 4329 363 4385 efficiat.
376 4329 508 4402 Quisquis
529 4346 597 4402 ergo
620 4329 700 4385 disee
719 4331 839 4402 cupidus
859 4334 919 4387 vrrlt
941 4339 1061 4392 eternas
1111 4332 1250 4402 incutere,
1265 4331 1414 4387 neminem
1431 4331 1642 4403 blasphemare,
1657 4349 1745 4388 senes
1757 4347 1814 4387 non
1826 4328 1911 4384 irride
1981 4343 1982 4352 ¹

246 4423 352 4479 babere
374 4422 493 4492 diuitias,
509 4422 707 4479 distribuendo
727 4424 825 4497 egenis
850 4429 966 4496 praestet
986 4427 1060 4482 inte·
1111 4440 1153 4492 re,
1168 4423 1250 4480 bonis
1264 4440 1324 4479 noo
1342 4421 1910 4492 10011000,000110010000001000οωος
1981 4407 1982 4416 ¹

249 4518 302 4573 rim
316 4533 377 4573 non
390 4505 1146 4590 1000000008)0011000011111113110000000111,Βο0
1165 4517 1210 4572 bis
1232 4533 1296 4589 quoe
1317 4519 1443 4590 ignoras,
1459 4533 1519 4574 non
1541 4521 1676 4587 tractare,
1691 4523 1721 4574 et
1744 4535 1778 4574 ce
1790 4533 1849 4590 qua
1868 4513 1911 4569 seis

245 4627 331 4668 nemo
345 4616 440 4684 potest
451 4627 549 4667 emere
564 4611 641 4684 quod
655 4613 742 4684 cupit.
757 4614 843 4668 llvari
857 4629 982 4686 namque
994 4613 1059 4669 ideo
1110 4626 1169 4667 non
1185 4611 1283 4667 omnia
1294 4611 1424 4683 prolerre
1440 4611 1604 4670 :heceulm
1620 4612 1762 4684 proximis
1774 4609 1910 4666 amabilem

245 4707 274 4762 in
295 4705 404 4779 judicio
424 4723 441 4761 a
459 4705 725 4776 rectissimojudice
747 4710 952 4779 nuncupantur
973 4708 1060 4764 mele·
1110 4708 1257 4764 bominem
1277 4708 1415 4776 reddunt,
1437 4711 1466 4764 et
1492 4709 1546 4764 lieo
1574 4708 1783 4780 acceptabilem
1806 4707 1909 4764 1001001.

244 4800 323 4869 dicti,
336 4799 404 4872 quia
426 4799 475 4872 qui
501 4799 686 4872 praeteribant
703 4816 803 4856 eorum
818 4800 981 4856 habitacula
1000 4817 1059 4858 non
1109 4801 1249 4858 Pudicitia
1262 4801 1343 4858 enim
1354 4802 1461 4858 animes
1476 4806 1528 4870 eat,
1541 4803 1607 4874 plus
1624 4807 1744 4876 propter
1757 4803 1807 4858 Ilei
1828 4799 1911 4856 oculos

244 4892 377 4950 dicabant
393 4910 399 4949 :
415 4895 568 4950 Benedictio
580 4895 690 4950 Domini
701 4909 783 4964 super
801 4909 859 4958 uos,
875 4895 1059 4950 benedicimus
1108 4911 1195 4967 quem
1210 4895 1362 4952 bominum
1383 4896 1480 4951 omnia
1501 4896 1575 4952 bona
1596 4896 1709 4964 iacere;
1735 4893 1910 4970 appetitiones

243 4988 361 5043 0001010
382 4989 489 5042 nomine
509 4987 619 5042 Domini
638 4987 722 5058 (Psoi.
748 5003 858 5058 cxxvrn,
878 4987 915 5058 8).
930 4987 1058 5044 Infelices
1108 4989 1237 5061 turpium
1251 4988 1909 5062 cogitationumcompescere50mnesmeliores
1981 5019 1982 5056 3

228 5095 314 5151 „ergo
334 5086 400 5135 sunt
416 5079 493 5136 avari
517 5079 628 5148 divites,
650 5080 701 5152 qui
725 5083 843 5153 propter
861 5095 905 5136 res
926 5081 1058 5137 transito
1108 5099 1138 5138 sa
1162 5097 1223 5140 esse
1244 5083 1395 5151 estimare,
1408 5081 1518 5139 nemini
1536 5082 1684 5152 inridere;
1709 5084 1747 5140 de
1767 5079 1908 5151 semetipso

970 5203 1082 5288 Stepb.
1105 5205 1228 5271 Beluzii
1249 5211 1352 5275 notae.

276 5329 322 5394 (11)
335 5331 366 5380 ln
383 5329 512 5382 1110000010
526 5329 588 5392 tuis,
602 5329 682 5394 quod.
704 5327 750 5382 Sic
764 5327 825 5381 eod.
841 5329 908 5394 Reg.
923 5349 938 5378 «
951 5331 982 5381 ln
996 5330 1058 5382 the·
1107 5345 1189 5396 posse
1203 5333 1357 5398 dubitatur,
1373 5349 1388 5381 a
1407 5333 1472 5386 edit.
1488 5333 1575 5384 Paulo
1596 5335 1659 5400 post
1675 5332 1794 5398 legimus
1807 5343 1840 5382 ex
1853 5323 1906 5379 eod.
1981 5355 1982 5406 ;

241 5401 332 5452 saurir
341 5401 399 5451 suis
411 5401 470 5465 qui,
485 5401 575 5453 sedit.
589 5418 603 5448 s
619 5401 651 5452 ln
666 5400 803 5452 thesauris
818 5403 873 5452 tuis
892 5400 967 5468 quod
987 5417 1057 5468 pau·
1107 5403 1229 5458 Colbert.
1244 5405 1354 5471 rupidus
1364 5404 1433 5466 uult,
1444 5418 1495 5470 pro
1507 5403 1618 5469 cupidus
1630 5405 1679 5470 qui
1686 5403 1754 5456 cult.

242 5471 301 5535 peri
310 5469 441 5534 prodesse
454 5475 552 5534 potest.
567 5471 582 5519 a
596 5473 669 5535 hug.
1136 5476 1188 5540 (18)
1203 5477 1310 5541 Purqct.
1330 5475 1469 5542 oppugnat
1483 5477 1555 5541 Aug.
1981 5507 1982 5548 p

273 5541 491 5604 (retrorserunt.
506 5543 764 5608 naestspuorlug.
1137 5547 1185 5610 (19)
1198 5547 1322 5598 Animam
1343 5551 1453 5612 vegetet.
1467 5547 1592 5598 Animum
1612 5545 1670 5612 ipit
1691 5541 1796 5597 bdorell.
1814 5543 1840 5592 et
1857 5537 1905 5589 dno
1981 5577 1982 5610 ,

271 5611 320 5676 (111)
336 5613 394 5666 Tua
410 5611 553 5664 dilectioni.
574 5613 621 5666 Sic
640 5614 702 5666 cod.
717 5612 785 5680 Reg.
805 5628 859 5668 sue
878 5615 974 5668 ditioni
988 5615 1053 5668 edit.
1105 5617 1217 5670 codices
1231 5631 1298 5670 msa.
1981 5635 1982 5698 (

242 5690 293 5736 tua
306 5684 403 5736 ditioni
414 5685 484 5749 Aug.
1134 5689 1183 5755 (10)
1198 5689 1273 5742 Nulli
1288 5687 1410 5753 interior.
1427 5688 1490 5741 Duo
1511 5686 1622 5742 codices
1638 5701 1700 5742 mas
1722 5677 1902 5738 «1101101010-

275 5755 323 5820 (17)
339 5756 413 5819 Quod
430 5757 544 5808 mundus
561 5757 668 5808 minime
684 5771 767 5822 possa
789 5757 837 5810 Sic
855 5757 928 5822 hog.
945 5761 972 5809 et
990 5758 1052 5811 cod.
1103 5761 1159 5814 rlor
1170 5762 1291 5829 incepto.
1303 5781 1319 5812 a

1981 5895 1982 5936 l

236 5823 359 5880 Colbert.
374 5824 484 5894 «Quod
495 5827 618 5883 mundus
630 5840 687 5881 000
697 5831 798 5896 potest,
811 5828 857 5884 vel
868 5828 985 5884 minime
995 5841 1052 5883 000
