4076 6190
211 241 244 300 59
769 289 772 296 ,
847 249 1218 310 n.Plttt1tENT11ltstttN1
1856 253 1890 308 60

209 374 323 430 vivendi
335 376 492 432 meandum
505 375 653 430 bominem
667 375 747 432 nulla
759 375 924 448 substiterit)
944 375 984 430 ita
1005 377 1123 432 demum
1142 379 1225 433 ceute
1239 381 1268 432 et
1280 375 1399 434 sollicite
1415 375 1596 445 subveniri»
1615 378 1670 431 etc.
1687 377 1787 448 (Epist.
1802 377 1890 448 xxxi).

211 465 273 536 lpse
293 463 462 536 Cyprianus,
487 463 517 518 in
532 463 620 536 Epist.
644 479 702 533 ιιιι,
723 479 826 535 pacem
848 463 883 518 iis
905 463 970 518 selis
991 465 1157 536 promittite
1177 467 1226 538 qui
1250 467 1334 525 mites
1359 471 1389 523 et
1410 467 1534 524 humiles
1558 472 1588 523 et
1608 468 1804 539 poenitentiam
1825 483 1893 523 vere

207 556 325 624 agentes
340 553 369 607 in
384 551 465 606 bonis
475 552 610 623 operibus
626 553 898 624 perseveraverint.»
910 555 949 610 Ex
963 553 1006 608 his
1020 555 1139 624 perspici
1149 559 1243 626 potest
1257 573 1315 628 quo
1327 557 1475 612 leuitatem
1487 562 1515 613 et
1529 555 1740 628 indulgentiam
1754 557 1894 628 perducat

209 642 375 713 Cyprianus.
389 641 496 706 Quibus
508 641 587 697 enim
600 644 762 698 consultum
776 643 865 698 voluit
877 643 906 696 in
923 636 1051 712 Epistolis
1071 659 1119 700 xru
1141 647 1169 700 et
1190 660 1245 715 xlv,
1273 645 1303 701 hi
1318 647 1362 700 vel
1391 644 1586 717 paenitentiam
1612 645 1740 715 segniter
1758 653 1891 717 egerant,

208 731 251 786 vel
261 731 346 786 cuam
359 730 526 802 gravissimo
538 730 639 786 delicto
650 731 717 787 illud
727 731 941 800 addiderant,ut
957 732 1141 804 declinarent,
1151 750 1184 789 ec
1198 734 1419 791 dissensionibus
1433 739 1461 791 et
1474 734 1597 808 querelis
1610 735 1760 792 Ecclesiam
1772 737 1892 808 permis

208 823 306 874 serant
320 836 326 873 :
339 819 443 891 quibus
457 820 536 874 lectis
549 826 716 875 meruerant
731 826 762 874 nt
779 837 830 891 pax
847 821 1035 876 morientibus
1050 827 1217 894 negaretur,
1232 823 1342 880 etiamsi
1356 823 1553 896 poenitentiam
1566 825 1652 896 paulo
1678 831 1744 880 ante
1759 825 1893 880 morbum

209 907 391 979 incepissent.
407 908 601 974 Quamobrem
616 908 716 980 primis
735 909 866 964 concedit
880 910 908 966 S.
932 912 1037 984 llartyr
1057 915 1086 966 et
1106 913 1184 984 quod
1205 930 1306 969 eorum
1322 915 1500 987 poenitentias
1515 915 1550 969 ed
1563 929 1662 985 pacem
1678 913 1892 986 impetrandam

209 995 316 1064 deerat,
325 997 353 1052 id
362 1001 521 1069 martyrum
531 998 639 1053 meritis
647 997 802 1068 expleatur.
815 997 966 1054 Postremis
977 999 1085 1070 pariter
1094 1001 1225 1070 consulit,
1239 1009 1325 1074 etque
1335 1008 1368 1057 ιιι
1379 1003 1534 1058 ιιιιιιιιιιιιιιι
1545 1003 1726 1075 comprimet,
1742 1001 1891 1074 indulgen-

210 1083 247 1138 lia
274 1084 302 1138 in
323 1102 371 1140 eos
389 1085 494 1156 utitur;
511 1087 596 1142 modo
617 1102 746 1143 aversum
760 1085 936 1158 penitentiae
949 1089 1081 1144 remediis
1095 1091 1225 1146 animum
1241 1091 1396 1163 deponant,
1417 1090 1492 1162 quod
1514 1109 1563 1147 sua
1583 1095 1685 1164 sponte
1708 1107 1843 1148 mancum
1864 1095 1895 1146 et

92 1189 95 1198 ¹
208 1172 374 1230 inchoatum
388 1175 543 1245 videretur,
560 1175 588 1232 id
601 1181 761 1247 martyrum
776 1176 885 1232 meritis
900 1183 1124 1250 compensatum,
1138 1182 1167 1235 et
1179 1179 1351 1253 presbyteris
1364 1185 1459 1236 ratirm
1475 1180 1576 1236 haberi
1595 1180 1688 1252 jubet.

254 1309 309 1364 XII.
323 1339 357 1350 ·-
370 1326 459 1366 UTEUH
478 1327 623 1368 conculcat
644 1327 865 1369 caurmolusnsu
884 1329 1068 1372 amulbertus!
1088 1330 1269 1372 sacutslcms
1290 1333 1340 1378 PER
1359 1331 1450 1374 rosuli
1470 1331 1537 1372 Vl'l'AE
1556 1332 1659 1372 TENPL'S
1673 1329 1847 1373 lutosensis.

245 1427 325 1481 Nunc
335 1427 411 1482 aliud
428 1428 651 1484 examinandum
667 1429 804 1501 sequitur,
820 1447 857 1485 en
872 1446 931 1486 uon
945 1431 1048 1486 saltem
1064 1435 1147 1488 aetate
1165 1431 1297 1504 Cypriani
1321 1432 1499 1504 gravioribus
1514 1433 1635 1506 peccatis
1656 1432 1825 1503 poenitentia
1841 1447 1894 1503 per

210 1519 301 1572 tobim
328 1517 391 1572 vita
415 1521 528 1589 tempus
556 1518 689 1591 imposita
712 1519 799 1575 fuerit
823 1525 851 1576 et
878 1521 1041 1576 communio
1068 1521 1105 1576 ad
1130 1521 1224 1593 ipsum
1250 1521 1348 1577 mortis
1376 1523 1529 1578 articulum
1558 1521 1726 1577 dilate.Res
1742 1519 1895 1588 diiudicari

210 1611 304 1674 potest
319 1622 351 1660 ex
362 1608 568 1664 consuetudine
579 1625 642 1680 quas
655 1612 723 1666 tunc
735 1609 859 1681 vigebat,
874 1613 904 1664 ut
917 1609 966 1682 qui
978 1625 1076 1682 pacem
1091 1612 1119 1665 in
1137 1611 1214 1682 gravi
1228 1610 1328 1666 morbo
1341 1611 1523 1681 accepissent,
1537 1609 1566 1677 ii,
1577 1609 1739 1667 valetudine
1751 1609 1892 1670 restitute,

210 1693 353 1763 reliquum
379 1695 555 1766 peanitentiae
579 1701 692 1769 tempus
713 1714 772 1753 non
795 1698 951 1768 explerent,
974 1699 1022 1752 sed
1046 1698 1149 1754 eodem
1167 1699 1232 1770 jure
1253 1705 1346 1754 essent
1361 1715 1393 1755 ac
1414 1699 1524 1754 fldelcs.
1545 1699 1575 1754 ld
1598 1699 1772 1771 prospicitur·
1793 1713 1827 1754 ex
1852 1697 1896 1752 bis

211 1783 343 1855 Cypriani
360 1786 453 1841 verbis
466 1787 494 1842 in
520 1787 597 1858 Epist
622 1803 657 1842 cu
685 1789 763 1860 (pag.
788 1789 854 1858 691ι
872 1808 886 1836 n
909 1787 937 1843 Si
961 1787 1012 1860 qui
1038 1788 1125 1855 euim,
1154 1788 1258 1859 iuquit,
1283 1787 1498 1843 infirmitatibus
1518 1791 1703 1859 occupentur,
1730 1787 1796 1854 illis,
1823 1786 1897 1842 sicut

209 1873 326 1943 placuit,
340 1874 519 1930 subvenitur.
537 1878 639 1932 Postea
649 1880 746 1932 tamen
760 1892 847 1948 qnam
861 1875 1031 1932 subventum
1041 1879 1084 1930 est
1094 1881 1122 1930 et
1131 1874 1356 1947 periclitantibus
1370 1893 1423 1948 par
1434 1875 1500 1932 dala
1518 1882 1570 1943 est,
1584 1875 1700 1932 offocari
1714 1892 1730 1930 a
1745 1875 1828 1931 nobis
1839 1891 1897 1929 non

210 1967 329 2032 possunt
343 1963 477 2035 opprimi,
492 1968 544 2020 aut
555 1965 581 2020 vi
597 1972 626 2022 et
640 1982 729 2020 manu
752 1971 850 2022 nostre
871 1965 901 2020 in
917 1965 1026 2020 exitum
1042 1966 1142 2020 mortis
1163 1965 1272 2036 urgeri,
1295 1972 1336 2034 ιιι,
1361 1965 1498 2037 quoniam
1523 1966 1710 2021 morientibus
1732 1981 1786 2036 pax
1798 1963 1895 2032 datur,

210 2066 324 2106 rseccsse
344 2051 381 2106 sit
395 2053 466 2107 mori
490 2053 604 2126 eosqui
631 2055 791 2126 acceperint
813 2071 923 2127 pacem,
946 2071 1010 2110 curn
1033 2054 1126 2125 magis
1148 2054 1177 2108 1ιι
1203 2054 1255 2109 hoc
1284 2053 1423 2110 indicium
1446 2053 1550 2110 divinae
1574 2054 1687 2126 pietatis
1714 2058 1743 2110 et
1771 2057 1898 2124 paternae

210 2139 491 2212 lenitatisappareat,
508 2144 585 2216 quod
604 2145 653 2216 qui
674 2145 779 2216 pignus
797 2145 862 2200 vitas
881 2145 909 2199 in
925 2145 990 2200 data
1003 2159 1072 2216 pace
1086 2143 1256 2216 percipiunt,
1272 2142 1302 2199 hi
1317 2160 1432 2216 quoquc
1448 2144 1485 2199 ad
1509 2145 1594 2198 vitam
1613 2144 1679 2200 data
1692 2159 1761 2216 pace
1774 2147 1896 2198 tenean-

210 2235 267 2284 tur.
281 2229 313 2284 Et
334 2229 438 2286 idcirco
462 2231 496 2294 si,
515 2239 630 2304 eccepto
657 2249 734 2305 pace,
755 2240 960 2290 commeatusa
988 2235 1045 2289 ileo
1059 2233 1151 2302 datur,
1174 2249 1260 2288 nemo
1286 2235 1340 2290 boc
1366 2233 1494 2290 debetin
1519 2233 1713 2288 sacerdotibus
1738 2230 1896 2300 criminari,

211 2334 276 2372 cum
290 2320 378 2375 semel
393 2320 530 2391 placuerit
545 2323 680 2378 tratribus
693 2323 722 2378 in
736 2323 812 2378 exitu
826 2323 980 2380 subveniri.
997 2344 1011 2374 a
1026 2325 1087 2380 Non
1099 2323 1222 2396 quadrat
1232 2324 1421 2379 tantalenitas
1444 2339 1510 2379 cum
1525 2323 1648 2394 irrogata
1663 2338 1716 2393 per
1729 2325 1821 2376 totum
1832 2320 1898 2374 vitae

211 2407 325 2478 ternpus
340 2409 521 2479 paenitentia;
538 2411 663 2483 alioquin
677 2428 752 2483 sape
767 2428 820 2467 usu
837 2413 985 2482 evenisset,
1000 2413 1091 2485 utqui
1106 2417 1171 2484 post
1187 2429 1276 2469 uuum
1297 2419 1347 2468 aut
1364 2413 1487 2468 alterum
1509 2412 1686 2484 poenitentiae
1705 2426 1818 2466 annum
1833 2425 1898 2464 con·

210 2495 378 2551 munionem
393 2497 421 2552 in
435 2498 516 2570 gravi
531 2499 630 2555 morbo
650 2501 832 2572 accepissent,
858 2500 893 2556 iis
911 2519 926 2556 e
942 2501 1040 2556 morbo
1054 2500 1243 2557 evadentibus
1257 2501 1319 2572 jem
1339 2502 1478 2558 emeritus
1497 2505 1571 2557 esset
1592 2499 1768 2574 poenitentiae
1786 2513 1896 2564 cursus,

212 2599 277 2638 cum
291 2585 406 2642 interim
420 2587 483 2642 aliis
497 2587 526 2643 in
542 2589 644 2644 eedem
658 2605 742 2644 causa
762 2605 795 2644 ac
809 2590 882 2647 torte
895 2590 982 2646 etiem
999 2591 1029 2646 iu
1041 2591 1146 2646 leviore
1156 2591 1239 2664 cnlpa
1250 2591 1369 2662 triginta
1382 2596 1430 2646 aut
1441 2589 1707 2662 quadragintaanni
1717 2589 1899 2660 superessent

212 2675 391 2732 decurrendi.
407 2678 498 2734 Nimia
513 2695 579 2734 sane
602 2682 665 2734 erat
687 2679 887 2752 episcoporum
905 2680 934 2734 iu
958 2679 1115 2750 judicando
1137 2679 1346 2735 animadversio
1360 2683 1388 2734 et
1402 2693 1498 2734 rerum
1517 2677 1645 2733 omnium
1666 2674 1856 2734 consideratio
1869 2677 1899 2730 ct

211 2765 345 2834 provisio,
359 2782 446 2837 quam
461 2770 493 2821 ut
508 2771 564 2823 tam
580 2785 665 2840 grave
678 2769 892 2824 incommodum
906 2785 963 2824 non
982 2767 1152 2839 effugerent.
1173 2768 1229 2824 Sed
1249 2775 1346 2822 mmen
1365 2767 1518 2823 videndum
1534 2767 1617 2823 nobis
1633 2772 1675 2822 est
1691 2767 1758 2838 quid
1772 2782 1804 2820 ea
1818 2764 1853 2820 de
1867 2779 1898 2818 re

213 2851 369 2909 decreverit
382 2854 533 2910 concilium
558 2857 795 2930 Carthaginense,
819 2857 848 2912 in
865 2873 921 2929 que
937 2857 1080 2928 lapsorum
1102 2873 1187 2912 causa
1211 2859 1297 2928 paulu
1311 2862 1376 2929 post
1390 2857 1512 2911 reditum
1527 2855 1659 2927 Cypriani
1675 2853 1831 2926 dijudicata
1843 2857 1897 2906 est.

247 2941 396 2998 Decretum
409 2943 496 3016 hujus
510 2945 622 3001 concilii
636 2946 674 3000 sic
687 2945 820 3018 exposuit
830 2945 857 3002 S.
878 2945 1021 3017 blartyrin
1038 2949 1089 3017 Ep.
1106 2963 1139 3001 ιιι
1156 2945 1196 3018 (p.
1213 2945 1259 3016 ll)
1277 2961 1284 3000 :
1303 2964 1315 2996 n
1332 2945 1366 3000 Et
1385 2943 1459 3012 ideo,
1473 2944 1576 3016 inquit,
1594 2943 1708 3014 placuit,
1724 2941 1897 2997 examinatis

211 3030 506 3104 causissiugulorum,
523 3034 698 3090 libellaticos
711 3035 826 3092 interim
839 3034 961 3101 admitti,
981 3033 1147 3090 sacrificatis
1163 3035 1192 3089 in
1214 3034 1291 3089 exitu
1311 3033 1463 3089 subveniri.
1482 3033 1542 3087 Non
1565 3047 1624 3086 una
1648 3031 1701 3086 latit
1718 3028 1898 3114 eruditorum

213 3119 247 3173 de
271 3119 326 3175 hoc
351 3137 462 3178 canone
486 3125 756 3186 sententiaiuctor
783 3125 1004 3181 Observationum
1027 3126 1182 3180 criticorum
1204 3126 1234 3180 in
1258 3123 1450 3181 Bibliotbccum
1471 3124 1633 3193 scriptorum
1654 3120 1900 3175 Ecclesiasticorum

213 3212 300 3279 negat
313 3209 493 3267 libellaticos
501 3212 536 3268 in
553 3213 614 3284 ipso
629 3214 748 3269 concilio
761 3215 798 3269 ed
812 3228 912 3286 pacem
924 3214 1054 3284 protinus
1064 3213 1200 3268 admissus
1212 3212 1314 3280 luisse;
1330 3228 1363 3266 ac
1373 3213 1448 3266 inter
1468 3226 1517 3265 ees
1530 3212 1559 3266 et
1582 3207 1751 3264 sacrificatus
1773 3207 1801 3261 id
1820 3204 1900 3276 ponit

211 3297 394 3369 discriminis,
412 3302 486 3374 quod
504 3303 549 3357 isti
565 3319 618 3374 per
629 3308 720 3358 totum
734 3303 797 3358 vitae
812 3308 927 3373 tempus
949 3301 1121 3372 yioenitentiae
1135 3301 1241 3357 addicti
1254 3301 1370 3364 fuerint,
1392 3299 1477 3372 primi
1497 3315 1563 3354 vero
1587 3297 1703 3353 interim
1722 3295 1849 3362 admissi,
1870 3293 1900 3348 id

212 3390 255 3442 est
268 3395 330 3459 post
343 3395 455 3445 certum
470 3391 645 3463 poenitentioe
658 3395 770 3462 tempus
785 3395 927 3446 erectum.
945 3393 1049 3447 Auctor
1063 3391 1123 3462 ipse
1136 3389 1309 3446 Bibliotheca
1322 3390 1399 3446 idem
1420 3390 1455 3446 de
1469 3388 1631 3444 sacrificatis
1650 3393 1755 3456 censet,
1770 3385 1900 3459 quamvis

212 3491 312 3549 paoem
323 3477 494 3534 libellaticis
508 3480 538 3534 in
554 3479 615 3553 ipso
628 3480 749 3536 concilio
765 3495 923 3535 concessam
943 3479 1084 3535 existimet
1099 3479 1194 3536 fuisse.
1210 3481 1371 3535 assentitur
1385 3479 1410 3534 ei
1423 3478 1624 3533 Tillemoutius
1637 3478 1671 3533 de
1687 3475 1855 3532 libellaticis
1868 3491 1901 3529 ac

211 3564 286 3620 illius
298 3581 449 3622 censorem
464 3567 633 3640 impugnat3
649 3569 700 3624 sed
713 3569 842 3641 pluribus
858 3567 961 3623 relellit
974 3567 1051 3640 quod
1068 3571 1187 3640 uterque
1208 3586 1259 3640 pro
1281 3574 1359 3624 certo
1381 3574 1527 3640 posuerat,
1548 3567 1582 3622 iis
1602 3567 1651 3638 qni
1672 3565 1901 3621 sacrificaverant

212 3670 269 3712 non
283 3657 351 3711 alios
370 3657 545 3729 paenitentias
558 3675 645 3730 quam
669 3657 734 3714 vitae
754 3658 826 3714 fines
848 3659 1028 3730 praescriptos
1046 3658 1143 3714 luisse.
1165 3659 1227 3714 llaec
1252 3657 1423 3713 Tillemoutii
1443 3657 1587 3713 sententia
1612 3656 1709 3712 multis
1736 3637 1900 3710 bominibus

211 3745 323 3800 videtur
334 3747 545 3818 anteponenda.
563 3747 637 3803 lllud
650 3751 749 3804 autem
772 3749 801 3804 in
828 3749 926 3820 primis
952 3749 1159 3804 observandum
1173 3751 1214 3803 est
1233 3747 1303 3802 ditas
1317 3747 1381 3802 illas
1397 3747 1432 3802 de
1453 3745 1622 3802 libellaticis
1641 3752 1670 3802 et
1688 3745 1723 3801 de
1738 3743 1899 3804 sacrificatis

212 3836 385 3907 quaestiones
399 3835 438 3890 sic
451 3835 524 3892 inter
536 3853 565 3892 se
581 3853 667 3893 nexas
681 3853 753 3902 esse,
771 3842 801 3893 ut
815 3853 880 3910 quas
896 3837 930 3893 de
949 3839 1087 3894 alterutra
1102 3837 1241 3903 dicautur,
1259 3837 1293 3892 de
1310 3843 1430 3907 utraque
1450 3835 1523 3892 dicta
1536 3835 1626 3892 videri
1641 3835 1776 3891 debeant.
1789 3833 1862 3888 Nam
1876 3831 1900 3888 si

214 3923 370 3980 libellatici
390 3925 485 3980 statim
499 3926 528 3980 in
544 3927 605 3998 ipso
620 3926 739 3983 concilio
758 3927 978 3999 perhumaniter
989 3927 1111 3982 restituti
1126 3931 1192 3982 sunt
1205 3926 1412 3994 communioni,
1424 3925 1572 3999 probabile
1587 3941 1645 3982 uon
1661 3930 1703 3982 est
1722 3922 1898 3980 sacnucatos

213 4013 244 4069 in
255 4018 417 4069 extremum
430 4014 495 4070 vita
510 4013 663 4072 discrimen
672 4017 792 4087 rejectos
805 4016 904 4072 luisse.
918 4017 1024 4070 Rursus
1037 4015 1059 4070 si
1073 4013 1117 4070 his
1129 4014 1233 4085 verbis,
1251 4037 1266 4068 ιι
1280 4015 1386 4088 placuit
1399 4015 1559 4071 sacrificatis
1574 4016 1602 4071 in
1616 4015 1694 4072 exitu
1713 4011 1867 4078 subveniri,
1884 4032 1898 4060 n

214 4119 271 4158 non
299 4101 468 4174 prohibetur
492 4120 528 4160 ne
551 4121 604 4176 pes
631 4110 698 4159 ante
719 4105 826 4161 exitum
853 4105 945 4172 detur,
971 4103 1023 4158 sed
1050 4105 1145 4175 potius
1177 4105 1338 4161 decernitur
1363 4107 1394 4160 ut
1420 4103 1575 4177 periculose
1602 4103 1676 4160 iutra
1700 4100 1899 4175 prescriptum

213 4195 329 4264 tempus
350 4191 556 4263 aegrotantibus
571 4193 759 4262 concedatur;
777 4193 956 4265 perspicuum
976 4193 1030 4248 erit
1048 4193 1226 4262 libellaticis,
1257 4211 1381 4266 quorum
1405 4195 1495 4250 molto
1523 4193 1611 4249 levior
1636 4195 1699 4249 eret
1724 4191 1817 4264 culpa,
1840 4205 1899 4245 noo

214 4280 408 4352 paenitentiam
435 4281 464 4336 in
483 4281 600 4337 concilio
618 4282 782 4355 impositam
804 4282 899 4352 luisse,
918 4281 969 4337 sed
994 4299 1157 4339 concessam
1171 4284 1425 4353 communionem
1441 4281 1569 4353 alioquin
1584 4283 1724 4338 statutum
1739 4279 1847 4346 luisset,
1869 4281 1900 4333 ιιι

214 4369 274 4426 istis
287 4387 401 4444 queque
415 4371 445 4425 in
460 4371 537 4426 exitu
552 4371 761 4428 subveniretur.

250 4462 331 4527 Quod
352 4463 461 4533 spectat
479 4463 515 4518 ed
530 4461 719 4532 libellaticos,
732 4460 932 4533 liquethornm
942 4460 1093 4516 verborum
1111 4477 1124 4510 e
1138 4458 1247 4532 placuit
1261 4458 1440 4515 libellaticos
1454 4455 1570 4514 interim
1584 4456 1706 4528 admitti,
1721 4479 1735 4507 n
1748 4456 1824 4510 hanc
1835 4469 1897 4510 esse

213 4549 397 4617 sententiam,
412 4549 586 4606 libellaticos
600 4549 717 4605 interim
739 4548 876 4605 admissus
891 4548 928 4605 ad
947 4563 1048 4620 pacem
1068 4547 1168 4614 luisse,
1184 4547 1252 4604 dum
1272 4547 1421 4604 sacrificali
1440 4546 1638 4619 poenitentiam
1662 4549 1790 4617 egerent,
1806 4542 1835 4599 id
1855 4546 1900 4598 est

215 4642 319 4696 eodem
336 4640 451 4697 decreto
465 4644 494 4695 et
506 4655 606 4711 pacem
626 4639 794 4695 libellaticis
807 4643 836 4694 et
850 4637 1052 4710 penitentiam
1066 4636 1229 4692 sacrificatis
1241 4635 1383 4692 decretam
1397 4635 1491 4692 luisse.
1508 4634 1578 4690 ilinc
1592 4632 1749 4706 Cyprianus
1763 4631 1794 4687 in
1810 4631 1900 4703 Epist.

214 4745 258 4786 mv
273 4733 410 4785 statutum
426 4727 511 4784 baisse
527 4727 567 4783 ait
580 4729 608 4784 in
625 4729 678 4784 laec
691 4727 810 4783 concilio
830 4726 866 4782 de
878 4726 912 4781 iis
926 4724 1224 4798 quisacrillcaverant‚
1242 4727 1407 4795 elegerent
1428 4722 1477 4778 diu
1498 4721 1695 4795 paenitentiam
1717 4721 1831 4791 plenem
1848 4735 1855 4773 ι
1869 4723 1901 4774 at

216 4818 394 4874 libellaticos
412 4816 515 4874 eodem
530 4817 642 4874 decreto
660 4816 778 4872 minime
797 4813 1022 4887 comprehendit.
1047 4817 1128 4868 Auno
1151 4813 1286 4884 sequenti
1307 4829 1372 4868 cum
1391 4813 1539 4868 statuisset
1557 4811 1683 4866 instante
1701 4807 1901 4882 persecutione

213 4907 248 4961 iis
259 4907 307 4980 qui
319 4923 336 4962 a
349 4907 441 4978 primo
457 4908 549 4980 lapsus
563 4907 609 4963 die
624 4906 824 4979 penitentiam
836 4905 964 4976 egerant3
982 4901 1216 4958 commonionem
1230 4902 1396 4970 concedere,
1412 4902 1473 4957 heac
1485 4899 1662 4971 indulgentia
1674 4899 1709 4954 ad
1722 4913 1770 4952 eos
1783 4901 1896 4952 mutum

218 4995 362 5065 spectabat
380 4994 429 5066 qui
448 4994 686 5064 sacrificaverant,
701 4994 861 5066 quibusque
880 4989 1013 5063 imposita
1027 4991 1123 5046 tuerat
1136 4990 1221 5061 plena
1240 4990 1420 5062 poenitentia.
1435 4989 1515 5044 ilde
1539 4985 1709 5043 libellaticis
1724 4985 1799 5040 nulla
1816 4999 1901 5040 msu-

215 5081 267 5148 tio,
283 5097 355 5153 quos
370 5085 467 5137 tamen
480 5081 601 5138 maxime
619 5083 767 5154 oportebat
782 5080 977 5152 indulgentias
999 5079 1155 5150 participes
1175 5077 1249 5146 lieri,
1260 5078 1283 5133 si
1304 5093 1367 5134 eam
1389 5077 1467 5149 prius
1488 5077 1517 5132 in
1541 5074 1661 5132 concilio
1674 5071 1820 5128 consecuti
1840 5088 1901 5128 non

216 5170 346 5226 luissent.
361 5169 524 5234 Quinetiam
536 5171 707 5243 cyprianum
722 5187 787 5226 cum
806 5169 976 5226 libellaticis
988 5175 1052 5240 post
1065 5167 1217 5224 concilium
1233 5167 1457 5223 communicasse
1475 5165 1663 5237 perspicimus
1685 5177 1721 5217 ex
1739 5162 1828 5233 Epist.
1850 5177 1900 5216 ιιι.

216 5257 297 5323 Quod
316 5257 394 5314 enim
412 5257 453 5314 ait
465 5259 622 5331 Cyprianus
635 5275 667 5314 se
688 5259 801 5314 nemini
814 5258 930 5329 quidem
947 5273 980 5312 ex
993 5257 1078 5328 lapsis
1086 5257 1165 5328 prius
1178 5254 1417 5324 communicasse,
1434 5275 1449 5306 n
1465 5251 1600 5324 quamdiu
1623 5250 1715 5306 seviit
1728 5249 1901 5322 persecutio,

218 5367 232 5400 n
249 5355 345 5420 postes
354 5353 449 5404 tamen
462 5347 622 5403 necessitati
629 5353 793 5419 temporum
800 5345 980 5402 succubuisse
991 5363 1000 5416 ;
1014 5366 1029 5396 s
1040 5344 1068 5400 id
1075 5344 1176 5400 relerri
1188 5359 1244 5398 non
1252 5346 1348 5415 potest
1358 5340 1572 5398 adsacrificatos
1582 5339 1638 5412 (his
1645 5337 1722 5393 enim
1730 5336 1904 5408 paenitentia

217 5434 352 5510 imposita
366 5439 484 5512 luerat),
498 5441 546 5496 sed
559 5442 671 5496 tantum
686 5441 723 5496 ed
737 5439 923 5497 libellaticos.
936 5436 1076 5511 6162
1090 5437 1124 5492 Et
1137 5451 1202 5491 cum
1214 5434 1276 5490 bec
1291 5429 1515 5488 communicatio
1529 5426 1701 5485 ininvidiam
1717 5424 1904 5480 aNovatiano

218 5531 378 5597 vocaretur,
393 5527 434 5584 sic
447 5544 514 5584 eum
528 5529 632 5585 retollit
648 5527 806 5601 Cyprianus
818 5527 848 5584 in
868 5527 970 5584 eedem
983 5525 1105 5598 epistole
1118 5541 1126 5579 ι
1146 5543 1160 5574 a
1175 5527 1229 5580 tut
1243 5521 1300 5576 sive
1323 5517 1427 5587 cordis,
1440 5515 1544 5589 inquit,
1567 5518 1596 5570 et
1617 5513 1694 5570 renis
1712 5515 1904 5569 scrutatorem

218 5617 363 5672 constituit
379 5617 558 5689 etjudicem,
572 5633 625 5691 per
650 5615 747 5672 omnia
772 5615 923 5689 equaliter
942 5614 1051 5687 judicet
1071 5618 1100 5669 et
1122 5627 1189 5668 cum
1213 5610 1284 5666 sciat
1298 5607 1437 5680 scriptum
1456 5621 1517 5662 esse
1541 5607 1633 5662 :Ecce
1654 5617 1740 5661 sunm
1759 5603 1851 5670 foeno
1863 5615 1902 5670 es,

219 5701 278 5774 jum
289 5706 466 5777 octipeccune
477 5721 510 5762 ne
521 5705 590 5776 quid
606 5705 655 5762 tibi
673 5705 790 5762 detertm
803 5707 863 5775 plot,
882 5701 1058 5760 iraudatores
1080 5706 1109 5757 et
1135 5700 1265 5756 moeclaos
1287 5714 1305 5753 a
1320 5699 1408 5754 latere
1430 5699 1517 5768 atque
1541 5695 1676 5751 comitatu
1703 5707 1754 5746 suo
1780 5693 1901 5762 separet,

219 5793 334 5868 quando
355 5793 446 5854 multo
469 5799 498 5853 et
518 5792 631 5868 gravior
651 5799 680 5852 et
697 5793 779 5869 pejor
799 5792 837 5850 sit
853 5791 959 5850 moechi
972 5807 1061 5865 quam
1082 5788 1238 5848 libellatici
1262 5802 1358 5858 cause,
1373 5801 1439 5843 cum
1463 5784 1509 5841 laic
1527 5781 1705 5852 necessitato,
1727 5779 1777 5836 illo
1802 5777 1901 5834 volun·
