3978 6204
78 325 118 376 nit
623 315 721 372 Ltttmt
743 315 787 371 lte·
804 315 974 372 ultAltttA't‘
994 313 1163 372 uulltntcA.
1685 321 1734 376 658

76 451 147 498 rrtoos
160 447 266 497 necaret
281 441 305 476 ‘³
321 441 374 511 (66)
392 435 490 512 539
508 439 640 510 quomado
665 441 795 494 triticum.
812 441 868 510 Epo
880 453 908 524 Α
919 438 1035 510 vigilare
1049 437 1138 496 catulis
1151 443 1179 494 el
1192 439 1276 494 corde
1290 439 1426 508 dormire,
1443 457 1509 514 cum
1523 442 1627 498 debeat
1638 444 1734 500 Chris-

75 544 147 593 autem
164 539 361 606 rapaaiprole.
376 537 528 604 nedefieiat
546 533 611 602 fides
626 539 675 588 teta
697 533 782 602 ilua,
802 549 867 596 ιιιι,
920 533 1013 586 liunus
1035 539 1063 587 ct
1084 549 1149 588 cum
1172 533 1276 588 dormit
1302 535 1390 590 oculis
1409 535 1493 590 cordo
1517 537 1642 608 vigilare,
1663 539 1736 594 sicut

74 631 169 699 unm.
190 629 420 702 Etpastmodum
450 645 502 701 pro
527 627 661 683 omnibus
682 629 794 682 Patrem
816 627 866 681 dc·
921 625 1018 698 540
1033 626 1171 698 scriptum
1191 630 1234 682 est
1252 645 1285 682 er
1302 645 1424 699 persona
1440 630 1571 684 Ecclesiae
1595 632 1735 702 loquentis

74 733 188 798 precatur
212 725 310 780 diceus
336 726 426 780 :Nan
449 721 673 794 prodeuntem
697 737 760 790 rouo
793 723 867 788 solis,
919 719 946 774 in
980 721 1096 774 Cantica
1131 721 1310 777 Curitieurum
1340 739 1347 776 ε
1375 726 1429 792 Epa
1457 725 1609 788 demumst,
1637 734 1662 781 et
1691 741 1736 782 cor

71 821 141 874 redet
151 834 201 889 pra
225 819 348 888 illisqui
370 817 645 888 erediturisuntper
669 817 778 872 ambrum
799 817 868 886 ipso·
919 829 1004 869 meum
1023 816 1120 884 cipitut
1142 815 1246 886 (Cant,
1265 831 1292 882 v,
1314 815 1352 886 6).
1377 817 1553 888 Quapropter
1575 819 1692 875 sollicita
1706 822 1736 876 et

71 917 154 968 minin
166 929 216 975 me,
230 919 261 967 ot
280 925 370 968 amnes
392 927 477 966 uuum
498 915 565 973 aiut,
585 913 654 966 sieut
673 915 712 978 tu,
726 911 817 972 Pater,
837 911 867 963 in
918 915 998 962 cuuto
1023 910 1171 978 Apostolus
1194 909 1331 965 admonet
1350 910 1447 965 dicens
1468 913 1591 966 :laetale
1605 915 1734 982 oratiam,

69 1013 131 1061 met
144 1021 189 1076 epo
201 1008 231 1061 ιἰι
246 1013 281 1068 tc,
295 1011 325 1060 ul
340 1013 366 1060 et
380 1007 471 1076 ipsiin
484 1005 561 1060 nabis·
576 1019 663 1060 aarum
683 1005 740 1058 sint
765 1005 866 1072 licam,
916 1003 1063 1071 uigilantes
1083 1005 1113 1057 in
1131 1019 1162 1058 eu
1184 1003 1304 1074 (Comes,
1330 1019 1364 1071 ιι,
1390 1005 1429 1074 2),
1454 1003 1558 1059 docens
1586 1007 1691 1061 scilicet
1706 1010 1736 1062 et

11 1065 12 1091 ¹
71 1103 185 1170 rnatu).
205 1100 305 1172 llagna
329 1098 439 1154 llomiui
462 1104 578 1170 propter
598 1099 717 1153 salutem
740 1100 866 1152 nostmm
917 1096 1070 1150 ostendens
1091 1113 1140 1152 eos
1159 1098 1313 1168 impetrare
1342 1097 1419 1170 quod
1443 1099 1590 1168 postulant
1616 1100 1651 1154 do
1677 1102 1735 1156 lico

69 1189 211 1260 benignitas
225 1188 331 1260 pariter
344 1193 372 1243 et
386 1188 486 1260 pietus,
504 1190 535 1242 nt
557 1203 615 1242 nun
628 1191 778 1242 contentus
790 1184 865 1256 quod
919 1205 1010 1260 posse,
1028 1206 1099 1262 quos
1115 1192 1189 1246 Deris
1203 1192 1331 1247 rideatin
1347 1195 1475 1248 oratione
1491 1191 1616 1264 uigilare.

69 1282 256 1354 nossangaina
280 1299 330 1337 suo
350 1278 865 1350 redimeret,adhucpronolrisarn·
953 1283 1052 1340 Xildll.
1082 1283 1203 1340 Orontes
1225 1289 1322 1342 autern
1361 1303 1420 1344 non
1460 1285 1643 1342 infructuosis
1684 1303 1737 1342 nec

68 1377 126 1446 plius
140 1379 166 1430 ct
180 1382 302 1448 rogaret.
319 1375 456 1447 lingentis
471 1378 566 1430 autum
581 1373 756 1429 desiderium
774 1373 866 1427 videto
918 1377 1003 1431 nudis
1016 1377 1146 1448 precibus
1164 1380 1201 1435 ad
1221 1381 1310 1434 Derim
1335 1381 1459 1436 veniant.
1485 1379 1617 1436 inefficax
1637 1381 1737 1452 petitio

68 1469 128 1541 quod
153 1470 247 1527 luerit.
278 1476 319 1536 ut,
340 1469 486 1542 quomoda
511 1485 599 1524 unrrm
629 1474 695 1522 sont
723 1470 803 1539 pater
838 1470 867 1521 et
917 1477 1182 1544 cstcumprecotur
1205 1475 1294 1528 Deum
1317 1475 1420 1530 sterilis
1443 1475 1543 1530 oratio.
1567 1477 1647 1545 Nam,
1668 1491 1734 1530 cum

68 1565 135 1632 tilius,
161 1565 199 1618 sic
225 1571 253 1620 et
277 1580 328 1618 nos
346 1564 376 1619 in
401 1563 462 1634 ipsa
484 1563 597 1618 ueritate
626 1577 802 1616 maneamus.
832 1561 867 1614 ut
917 1567 1003 1620 amnis
1030 1565 1112 1620 creber
1138 1582 1193 1620 nou
1215 1569 1320 1634 strelam
1341 1570 1465 1636 {ructum
1492 1569 1681 1624 restauraret
1707 1573 1737 1624 ia

11 1651 12 1692 ἶ
68 1657 485 1730 hincqunquepossitiutelligi
504 1653 867 1728 quartumdelinquatqui
916 1661 1004 1726 iprae
1025 1661 1157 1714 mittatur
1186 1661 1306 1728 (Mutila,
1329 1678 1376 1728 ιιι,
1402 1665 1456 1734 19),
1480 1663 1577 1734 utique
1601 1667 1736 1718 etsermo

11 1763 12 1770 ¹
67 1753 186 1806 rruitstem
199 1751 305 1806 scindit
319 1758 348 1808 et
362 1767 470 1823 pacem,
487 1767 552 1806 cum
567 1765 618 1822 pro
634 1751 687 1806 boc
700 1756 729 1806 ct
741 1765 859 1820 rogave-
916 1768 975 1808 non
992 1752 1105 1808 habeus
1122 1753 1244 1810 fructum
1271 1757 1429 1825 promereri
1444 1757 1532 1812 Derim
1556 1773 1612 1810 non
1633 1763 1736 1846 potest,

11 1859 12 1876 ι
68 1826 977 1918 ritllomiuus‚uoleusseilicetsicplebernsuumsalrumBquia
1008 1848 1085 1903 nulla
1115 1853 1157 1902 est
1190 1849 1353 1919 operatione
1386 1849 1543 1905 facundus.
1599 1853 1633 1906 tlt
1671 1851 1736 1908 ideo

11 1931 12 1970 ἶ
68 1940 515 2011 lerietirrpacerivere⁶⁶,cum
530 1937 799 2008 sciretadregnum
811 1935 861 1992 Dei
911 1939 1059 2011 Scriptura
1080 1941 1176 1996 divina
1200 1942 1326 1998 instruit
1348 1944 1445 1998 diceus
1469 1947 1566 2000 :Baua
1587 1951 1624 2000 est
1649 1949 1736 2002 uratia

11 2093 12 2108 p
67 2031 213 2088 discordiam
229 2050 289 2090 non
305 2033 412 2089 uenire.
911 2050 974 2088 cum
982 2034 1087 2104 jejunio
1099 2041 1125 2092 el
1138 2037 1305 2108 eleemosyna
1324 2039 1411 2108 (Tua,
1429 2054 1475 2106 ιιι,
1490 2039 1529 2106 9).
1553 2040 1624 2093 Nam
1643 2039 1736 2110 quiin

11 2163 12 2204 p
91 2129 165 2182 Atti.
182 2128 304 2194 Quando
323 2133 420 2183 autern
442 2131 550 2182 stamus
570 2127 604 2182 ud
623 2125 792 2192 orationem,
805 2124 862 2180 ira·
917 2127 965 2182 die
978 2127 1079 2198 judicii
1095 2128 1246 2201 premium
1265 2147 1318 2203 pro
1341 2131 1472 2202 operibus
1495 2134 1525 2186 at
1549 2131 1737 2204 eleemosynis

11 2205 13 2242 ⁹
68 2225 110 2274 tres
125 2221 310 2288 dilectissimi,
331 2221 446 2293 vigilare
467 2226 495 2276 et
519 2220 684 2276 incumbere
703 2219 740 2274 ad
765 2233 863 2289 preces
913 2220 1081 2276 redditurus
1101 2229 1157 2290 est,
1180 2223 1266 2278 liodie
1286 2241 1399 2296 qrrorpue
1423 2225 1460 2280 ud
1483 2227 1642 2282 arationem
1668 2242 1736 2280 cram

11 2365 12 2370 ,
67 2321 113 2369 tolo
136 2315 219 2372 corde
240 2316 390 2372 debemus.
418 2315 557 2386 Cogitatio
581 2313 674 2371 omnis
693 2313 813 2370 earnalis
835 2318 863 2368 et
914 2316 1086 2386 operatione
1101 2316 1125 2351 ‘⁹
1150 2317 1274 2372 uerrienti
1299 2317 1440 2388 benignus
1465 2319 1581 2374 auditor
1613 2322 1665 2374 est.
1690 2320 1738 2375 Sic

11 2378 12 2404 ¹
68 2409 187 2464 secularis
205 2409 353 2472 abscedat,
376 2425 429 2464 nec
457 2409 608 2480 quicquam
646 2415 714 2464 tunc
749 2406 864 2462 animus
915 2409 1042 2482 denique
1066 2411 1213 2466 Cornelius
1244 2412 1372 2466 centurio
1401 2428 1465 2468 cum
1491 2417 1597 2482 oraret,
1633 2414 1738 2470 meruit

68 2518 133 2572 quam
146 2505 173 2558 ia
189 2504 283 2560 salum
294 2503 399 2574 cogitet
412 2503 489 2576 qaod
504 2506 646 2574 precatur.
660 2503 725 2558 ldeo
736 2503 865 2558 elsacer·
914 2502 1014 2558 audiri.
1041 2503 1103 2559 l'uit
1129 2505 1205 2560 euim
1227 2505 1335 2560 faciens
1355 2507 1458 2562 multas
1483 2508 1682 2578 eleemosynas
1704 2508 1736 2566 in

11 2615 12 2641 ι
68 2595 112 2664 dos,
132 2602 196 2652 ante
221 2597 384 2654 orationem
406 2597 571 2668 praelatione
600 2597 759 2668 premissa,
785 2598 865 2666 piarat
916 2597 1027 2667 plebem
1043 2603 1070 2652 et
1084 2615 1198 2669 semper
1215 2615 1299 2652 aruns
1323 2601 1422 2654 bearn.
1448 2601 1516 2656 lluic
1539 2601 1612 2656 circa
1633 2602 1734 2656 horem

11 2685 12 2692 ’
68 2691 165 2746 inuam
181 2697 297 2748 mentes
320 2691 459 2748 dicenda:
483 2693 598 2750 Sursum
618 2691 701 2746 corda
729 2689 802 2761 (til);
823 2693 864 2758 ut,
915 2707 1021 2746 nariam
1036 2694 1126 2747 eremi
1137 2691 1247 2747 adstitit
1262 2695 1390 2764 Angelus
1408 2694 1733 2750 testimouiumreddens

11 2793 12 2806 ³
68 2783 120 2838 dam
145 2785 299 2858 respondet
318 2786 409 2857 plebs,
435 2787 568 2840 dictemus
588 2783 863 2852 annominemus·
916 2785 1165 2856 suisoperis⁷⁰et
1183 2785 1281 2841 diceus
1302 2804 1309 2841 ι
1334 2789 1452 2851 Corneli,
1475 2793 1611 2843 erectiones
1637 2793 1690 2844 luae
1709 2793 1736 2844 et

11 2897 12 2950 p
68 2882 194 2934 moueatur
214 2879 289 2936 nibil
305 2879 382 2934 aliud
404 2896 434 2934 se
455 2894 543 2952 quam
564 2878 718 2934 [lominum
739 2879 865 2948 cogitare
916 2879 1089 2948 eleemosyna
1103 2885 1156 2934 tua
1168 2881 1347 2936 ascenderunt
1359 2882 1562 2937 admemoriam
1575 2897 1665 2938 coram
1681 2885 1733 2940 lieu

11 2965 12 3022 l
68 2971 158 3028 debere.
182 2973 340 3030 Claudatur
364 2976 462 3028 contra
490 2971 683 3028 adversarium
705 2975 813 3043 pectus,
838 2974 866 3026 et
917 2975 1042 3043 (Acta,
1058 2975 1093 3044 1).

11 3085 13 3094 ‚
69 3066 105 3120 solt
124 3069 175 3124 lieu
198 3072 310 3140 pateat,
331 3083 383 3122 nec
411 3068 445 3123 ad
470 3083 500 3122 se
526 3067 635 3122 hostem
663 3067 711 3121 Dei
738 3071 865 3138 tempore

12 3149 13 3160 ¹
69 3161 181 3216 orationis
198 3162 282 3218 adire
305 3163 440 3232 patiatur.
461 3161 578 3233 Obrepit
598 3161 676 3216 eninr
698 3159 863 3232 frequenter
952 3156 1064 3210 ttttttttt.
1080 3155 1141 3212 Cilo
1154 3155 1295 3211 emtiones
1316 3156 1352 3212 ud
1373 3157 1461 3213 Dnrtm
1481 3155 1638 3216 escendunt
1660 3175 1731 3232 quas

69 3259 89 3306 et
105 3259 234 3325 penetrat,
258 3260 290 3312 et
311 3256 453 3311 subtiliter
475 3255 577 3310 latiens
599 3271 696 3328 preces
721 3261 862 3308 nostr-asa
912 3249 948 3304 ud
974 3251 1062 3304 licum
1089 3249 1191 3304 merita
1217 3251 1305 3306 nostri
1332 3251 1426 3322 operis
1450 3251 1611 3323 imponunt.
1634 3253 1676 3310 Sic
1700 3261 1729 3314 el

70 3346 110 3400 ileo
128 3356 230 3418 auocat,
249 3353 284 3404 ut
306 3349 382 3405 aliud
399 3349 557 3404 babeamus
576 3350 606 3404 in
626 3349 723 3417 corde,
741 3347 818 3403 uliud
833 3347 860 3402 in
913 3343 1039 3414 llaplrael
1063 3343 1183 3416 angelus
1207 3343 1302 3399 Tabite
1325 3345 1418 3400 oranti
1436 3361 1550 3418 sempor
1569 3351 1598 3402 et
1612 3363 1727 3421 semper

70 3455 126 3510 uoce,
139 3444 253 3514 quando
270 3443 431 3500 intentione
446 3443 557 3499 sincera
573 3443 725 3498 Dominum
746 3441 859 3510 debeat,
913 3437 1044 3510 operanti
1068 3437 1148 3492 testis
1171 3437 1224 3493 luit
1246 3437 1341 3494 dicens
1367 3457 1376 3494 τ
1397 3440 1486 3510 Opera
1507 3442 1555 3496 Dei
1569 3443 1689 3498 renatare
1703 3448 1729 3500 et

68 3550 110 3588 aaa
133 3538 203 3592 cocis
230 3553 332 3604 sontis,
360 3535 409 3594 sed
434 3537 547 3592 eninms
569 3542 598 3592 et
624 3551 733 3604 seusus,
765 3551 859 3591 orara.
911 3532 1217 3602 conuertuoaartpcom
1238 3539 1286 3588 est.
1310 3535 1390 3601 Nam,
1412 3535 1521 3603 quanda
1543 3536 1641 3592 orabas
1658 3541 1726 3593 luet

69 3627 119 3689 toa
135 3635 224 3687 autem
242 3630 367 3702 segnitia
392 3637 435 3686 est
453 3629 570 3686 alienari
593 3633 622 3686 et
643 3630 736 3700 rapi⁶⁷
757 3629 860 3701 irruptis
910 3625 1006 3692 Sarra,
1029 3641 1076 3695 epo
1097 3627 1184 3682 obtecti
1205 3629 1361 3682 memoriam
1398 3629 1530 3684 orationis
1563 3636 1660 3686 uestrae
1694 3632 1725 3686 in

68 3723 267 3790 cogitationibus
282 3727 310 3780 et
324 3725 446 3796 prolenis
459 3741 523 3778 cum
545 3724 698 3780 Dominum
720 3723 858 3794 depraca·
910 3725 1048 3789 compertu
1061 3721 1199 3776 claritatis
1218 3723 1274 3775 Dei.
1291 3722 1326 3775 lit
1339 3737 1401 3776 cum
1418 3723 1542 3794 sepelires
1565 3728 1595 3779 tu
1608 3732 1726 3784 mertuos

13 3889 14 3894 ἵ
68 3815 103 3880 ris,
124 3820 197 3888 qrrasi
223 3821 260 3874 sit
282 3818 359 3872 aliud
384 3819 458 3890 quod
483 3819 575 3890 stragis
601 3816 705 3872 debens
730 3818 859 3886 cogitare
908 3815 1078 3884 simpliciter,
1092 3819 1117 3870 et
1131 3817 1196 3884 quio
1211 3821 1462 3872 reoneceouctatos
1475 3831 1618 3886 excerpere
1637 3825 1663 3874 et
1676 3820 1725 3874 de·

13 3897 14 3974 ]
68 3923 134 3976 poam
148 3913 217 3982 quod
239 3929 307 3968 curu
322 3913 378 3967 lieo
392 3911 540 3984 laqrrerisi
560 3911 712 3976 Orronrodo
729 3917 755 3966 tc
767 3911 857 3966 audiri
908 3909 1057 3979 relinquere
1077 3909 1226 3979 penneltum
1250 3913 1336 3975 tuum,
1359 3909 1405 3964 sed
1431 3909 1513 3966 abisti
1532 3915 1556 3966 et
1574 3913 1724 3970 condidisti

68 4004 359 4078 cremonensem
385 4011 411 4062 te
433 4007 493 4078 ipso
515 4022 571 4060 nou
593 4005 719 4060 audiret
739 4005 783 4060 Vis
797 4021 857 4060 esse
908 4009 1054 4064 mortuum,
1073 4004 1171 4057 murus
1188 4017 1248 4058 sum
1264 4006 1368 4058 tentare
1388 4009 1432 4068 ter
1453 4010 1479 4058 ct
1502 4006 1599 4060 iterum
1615 4022 1655 4062 roe
1669 4010 1721 4062 mi·

68 4095 136 4154 ὓιιιιι
154 4118 307 4158 memorem
332 4099 373 4156 tui
400 4117 463 4156 curn
487 4116 581 4171 rogas,
608 4101 721 4172 qrrurrdo
746 4105 774 4154 tu
798 4099 856 4170 ipse
905 4097 1024 4152 eitDeus
1038 4111 1136 4152 curare
1154 4100 1212 4151 teet
1225 4097 1338 4153 Sacram
1359 4112 1459 4152 aarum
1475 4103 1559 4152 trram.
1581 4102 1636 4168 Epa
1649 4103 1720 4156 enim

69 4207 158 4249 uremur
174 4198 213 4251 tui
235 4213 292 4251 uon
315 4194 374 4250 sisi
398 4196 454 4250 lloc
480 4198 524 4249 est
548 4193 584 4248 ab
605 4192 686 4249 hoste
708 4193 738 4248 in
764 4199 856 4250 lotum
906 4205 964 4246 sum
978 4190 1109 4260 naphaei,
1124 4204 1194 4245 uirus
1214 4206 1247 4245 ca
1266 4197 1364 4261 septem
1386 4193 1490 4260 aupelis
1507 4192 1589 4262 justis
1603 4196 1655 4264 (65)
1671 4197 1722 4266 pai

68 4303 233 4346 truncavere:
249 4292 304 4346 boc
318 4296 369 4356 est,
385 4289 500 4361 quiando
515 4305 577 4343 orus
601 4289 701 4348 Dauni.
720 4289 855 4358 maiesta·
906 4287 1056 4340 ‹issistimus
1079 4291 1103 4340 et
1119 4300 1309 4340 annumeremur
1323 4288 1387 4340 ante
1399 4286 1552 4342 clrm'talem
1567 4289 1717 4360 bailleti„

69 4385 110 4436 torn
134 4387 177 4442 llei
203 4384 379 4457 negligentia
400 4383 535 4440 arationis
559 4381 704 4439 offendere
720 4399 727 4439 ι
742 4383 795 4438 buc
813 4387 857 4438 est
906 4395 954 4447 ιιι,
969 4379 1076 4448 11-16).
1094 4380 1148 4436 l‘er·
1168 4379 1266 4434 leuium
1289 4395 1400 4450 quoque
1421 4380 1561 4436 Dominus
1582 4381 1719 4440 admonet

727 4521 832 4585 Variae
860 4520 1028 4584 lectiones.

89 4649 245 4704 “cribraret
268 4653 329 4702 Voss
356 4651 379 4702 3.
413 4649 435 4682 ⁸⁶
451 4651 494 4700 Sic
509 4649 585 4714 eulpa
606 4653 632 4698 r'n
648 4652 710 4700 uelt.
727 4649 801 4700 codd.
821 4648 934 4701 Plebetn
950 4659 1030 4698 suam
1049 4647 1140 4708 unice,
1157 4643 1226 4710 pund
1241 4639 1360 4708 probauit
1384 4643 1517 4693 ll'atlrerue
1532 4643 1639 4694 Marcell.
1661 4643 1716 4694 obs.

67 4723 126 4780 lit.
154 4723 310 4776 t⁷Alienuri
327 4727 354 4775 et
369 4720 602 4788 cantuariense.
618 4721 716 4784 1,1,3,
732 4723 754 4771 l.
769 4721 822 4771 1111.
837 4721 937 4770 Manui.
969 4713 1484 4780 “DormimiaquitAr·.l.am.NC.l.
1517 4713 1539 4746 θ’
1551 4712 1622 4764 Cum
1644 4714 1718 4766 elee-

68 4803 158 4855 mosyna
172 4797 216 4846 Aa.
231 4797 300 4846 tam.
316 4794 369 4845 Nc.
385 4796 407 4844 l.
440 4791 461 4828 ⁷⁰
478 4792 542 4844 Suis
556 4791 687 4857 operibus
703 4793 757 4842 Ver.
772 4791 847 4842 Ebur.
864 4791 932 4842 Pem.
947 4789 1010 4841 uad.
1026 4792 1049 4840 t.

687 4917 799 5001 Steph.
824 4916 947 4982 Bnluzii
969 4921 1067 4980 notae.

70 5041 895 5135 Augustinum.EnarrationeinpsalmummatideditionaD
939 5043 988 5106 [61)
1014 5044 1126 5093 sinuum
1155 5039 1259 5120 cordo..
1280 5034 1500 5088 Commodianus
1535 5034 1719 5117 instructione

71 5109 271 5170 llarelliunanon
287 5119 410 5170 dubitent
433 5119 501 5184 quin
516 5119 551 5168 ita
566 5117 756 5183 reponendum
773 5121 854 5180 esset,
905 5116 935 5166 16
962 5130 969 5163 :
1000 5111 1127 5164 Sacerdos
1154 5113 1258 5161 Dararm
1284 5121 1451 5160 coneursum
1481 5106 1563 5157 corda
1589 5111 1718 5170 precipit.

71 5183 133 5235 uiam
143 5190 200 5252 qula
213 5191 251 5240 ita
263 5191 395 5255 seriptum
408 5195 450 5242 est
464 5203 546 5254 supra
560 5190 587 5240 ln
600 5189 717 5255 epistula
736 5189 775 5240 tu.
906 5185 1020 5250 Antiqui
1050 5185 1123 5234 enirn
1146 5195 1220 5246 saepe
1236 5177 1396 5232 scribebant
1418 5189 1578 5260 suscrmtpro
1605 5190 1719 5260 seersum,

95 5255 131 5318 aa
148 5261 263 5311 iecerat.
280 5261 310 5312 ln
324 5262 475 5327 Evangelio
490 5262 573 5312 Luem
590 5265 616 5313 et
640 5263 667 5310 tn
686 5273 744 5311 uno
759 5259 856 5311 codice
905 5259 945 5308 uti
961 5257 1084 5307 diximus
1096 5253 1130 5304 ud
1143 5257 1228 5316 caput
1247 5252 1278 5303 tn
1297 5251 1360 5302 libri
1380 5250 1516 5331 Luctantur
1541 5249 1572 5296 de
1589 5247 1720 5300 Alarlrbos

73 5319 189 5390 laurenc,
213 5336 271 5382 lum
292 5333 376 5383 etiam
395 5334 424 5384 ln
446 5333 517 5384 libro
545 5347 563 5386 ιι
591 5333 681 5384 suncti
708 5333 856 5396 Augustini
905 5331 1107 5394 persecuturum.
1137 5323 1216 5375 Addo
1238 5336 1314 5374 ntrnc
1338 5321 1506 5382 Vitruvium,
1528 5321 1602 5404 apud
1626 5333 1719 5384 quem,

72 5395 173 5451 merram
198 5403 340 5468 Pelagium,
363 5404 465 5469 legitur
488 5405 628 5458 cribraret.
655 5407 690 5454 At
716 5409 770 5455 tres
793 5403 856 5454 llbri
906 5399 953 5451 lib,
968 5413 998 5458 x,
1013 5412 1071 5462 cup.
1086 5399 1109 5455 6,
1128 5394 1275 5460 legiturad
1290 5395 1342 5444 ima
1356 5407 1447 5474 susum
1472 5394 1498 5442 in
1515 5395 1600 5443 reteri
1623 5393 1721 5444 codlce

73 5471 245 5524 nastribsbent
259 5475 405 5525 ventilaret.
428 5475 492 5538 Quo
514 5477 597 5526 etlam
624 5487 670 5525 mo
683 5477 707 5525 ὀ
721 5475 856 5539 scriptum
907 5485 971 5534 ms„
987 5469 1059 5522 Petri
1085 5468 1191 5519 l‘itlrmi.
1209 5465 1278 5517 Vide
1303 5465 1488 5516 Onamaetrcan
1514 5461 1722 5544 ltoswop·dl·ad

74 5541 151 5590 esaia
170 5547 282 5596 vetustis
300 5547 507 5612 exemplaribus
531 5547 594 5597 libri
614 5560 633 5597 x
651 5547 741 5598 sancti
759 5545 858 5596 Hilarii
913 5545 983 5594 l'itas
1001 5543 1110 5592 Patrem
1131 5543 1157 5590 et
1171 5540 1329 5590 notationes
1349 5539 1410 5602 ejus
1438 5535 1474 5586 ad
1498 5533 1721 5599 anomoioque

74 5601 218 5663 detractate
238 5614 400 5666 adnotatum
423 5621 466 5666 cst
486 5617 514 5666 in
538 5616 660 5668 editione
687 5615 738 5666 virt
760 5615 858 5680 optimi
907 5615 1013 5666 Adonis.
1454 5677 1459 5688 ⁵

75 5677 95 5722 et
106 5676 237 5736 duodecimi
254 5685 325 5738 l’etri
339 5687 483 5752 Constant,
503 5689 549 5742 eui
567 5687 703 5739 debemus
718 5687 858 5754 egregium
939 5685 991 5748 (dd)
1014 5682 1120 5748 Aregelia
1139 5683 1226 5746 p'uslr's.
1249 5679 1378 5744 Plerique
1399 5677 1461 5728 libri
1483 5681 1590 5728 veteres
1617 5674 1721 5758 liabent

75 5748 196 5806 eddonem
208 5771 321 5823 operum
334 5760 410 5811 illius
422 5763 519 5812 sancti.
536 5761 726 5814 'tenallianus
738 5761 767 5812 in
787 5759 859 5811 libro
908 5757 1017 5817 sanetis,
1033 5759 1064 5805 ut
1077 5754 1105 5803 in
1122 5752 1192 5804 libro
1207 5752 1239 5802 de
1252 5749 1413 5802 mortalitate
1426 5763 1488 5814 pag.
1504 5748 1560 5811 131,
1582 5745 1630 5797 ubi
1645 5743 1721 5798 idem

75 5815 181 5889 triopa
204 5829 229 5880 ia
251 5833 430 5895 perseeutione
455 5837 483 5884 et
502 5833 625 5884 Hilarius
646 5834 675 5884 in
698 5832 769 5886 llbro
794 5843 859 5883 mox
908 5827 988 5880 locris
1003 5827 1126 5878 retertur.

76 5882 162 5946 lautus
172 5897 270 5958 babent
283 5911 406 5960 aemma.
