4076 6190
99 244 132 299 57
850 241 1036 300 PRAEFATIO.
1759 243 1793 300 58

100 368 276 440 apprehensi
301 369 397 424 essem
416 371 445 424 et
458 367 628 440 paenitentes
640 367 875 424 communionem
889 365 1095 436 desiderarent,
1111 365 1312 422 subveniretur
1321 366 1417 439 (Epist.
1434 381 1464 423 ιιι
1478 369 1508 423 et
1530 363 1586 438 ιι).
1603 388 1618 419 ιι
1633 367 1726 440 Atque
1739 369 1792 424 hoc

97 457 251 512 consilium
275 473 332 513 non
361 458 450 514 modo
475 475 531 513 non
554 456 727 529 improbarit
741 457 911 529 Cyprianus,
927 455 978 510 sed
992 455 1078 511 etiam
1092 455 1123 512 in
1138 453 1225 527 Epist.
1241 471 1278 510 ιι
1298 455 1420 512 declarat
1438 473 1467 511 se
1490 455 1627 512 standum
1643 478 1657 506 ιι
1674 461 1790 528 putasse

97 549 244 602 «etcum
264 566 278 598 s
295 561 396 602 eorum
418 567 432 596 a
451 545 601 613 sententia,
624 562 661 601 ne
681 549 761 601 actus
780 551 887 614 noster,
916 544 1017 616 inquit,
1045 545 1094 618 qui
1120 545 1261 600 adunatus
1286 560 1347 600 csse
1373 549 1402 600 et
1425 546 1585 602 consentire
1605 546 1792 603 circaonrnia

96 635 193 704 debet,
209 637 242 691 in
256 636 353 708 aliquo
367 635 552 708 discreparet.
563 656 577 684 ιι
589 640 624 692 ltt
637 634 767 690 immane
783 639 923 706 quantum
936 633 1011 689 inter
1025 633 1158 706 Cypriani
1169 637 1198 688 et
1211 635 1407 689 Romanorum
1426 636 1529 706 agendi
1549 637 1691 694 rationem
1707 637 1791 694 dista·

94 727 150 792 ret,
167 725 192 779 si
207 741 276 779 cum
291 724 336 780 isti
360 738 458 796 pacem
479 723 612 779 omnibus
632 739 698 778 vere
721 721 923 796 poenitentibus
944 721 1069 778 dandam
1093 737 1155 778 esso
1179 721 1406 789 admonuissent,
1429 723 1585 796 Cyprianus
1610 726 1791 797 indulgentia

94 817 121 869 et
135 814 323 870 humanitate
337 813 367 868 iu
381 829 429 869 eos
443 812 515 868 solos
528 829 594 868 usus
613 811 713 868 fuisset
727 813 776 885 qui
799 815 916 883 peccato
940 829 990 868 suo
1013 811 1188 883 poenitentias
1213 812 1311 884 fugam
1333 819 1362 867 et
1386 813 1517 869 Ecclesiae
1544 814 1790 885 perturbationem

94 903 284 974 aqucarantt
305 905 335 959 3⁹
355 903 418 959 it'on
439 900 559 958 obscure
579 902 685 958 iudicat
710 901 866 973 Cyprianus
890 903 919 956 iu
944 901 1033 973 Epist.
1059 916 1107 968 ιιι,
1131 899 1234 972 quibus
1249 917 1304 956 non
1328 901 1415 956 libelli
1441 902 1490 959 sed
1514 903 1687 974 poenitentia
1703 919 1790 976 opera

93 992 340 1066 suffragabantur,
361 992 401 1048 eis
421 991 578 1064 periculose
597 991 802 1064 egrotantibus
827 1005 926 1062 pacem
949 991 1039 1046 multo
1053 988 1157 1062 potiori
1175 989 1241 1059 jure
1260 1006 1321 1044 esse
1337 989 1473 1046 dandam.
1489 1012 1502 1040 ιι
1521 991 1660 1047 Ceteram
1675 1007 1788 1064 quoque

94 1087 210 1154 partem
236 1082 324 1154 plebis
339 1098 403 1154 quae
421 1082 564 1152 lapsaest,
581 1079 683 1152 inquit,
700 1077 853 1151 presentia
872 1083 966 1134 restra
984 1078 1089 1148 fovete,
1114 1083 1143 1132 et
1164 1083 1194 1134 ut
1215 1093 1232 1132 a
1253 1078 1308 1133 fide
1329 1083 1358 1134 et
1380 1079 1575 1136 misericordia
1594 1079 1707 1136 Domini
1731 1095 1789 1136 non

94 1173 245 1240 deficiant,
265 1177 358 1228 restro
370 1171 470 1226 solatio
486 1170 619 1227 focillate.
638 1169 737 1241 Neque
751 1169 829 1224 enim
848 1165 1017 1224 deserentur
1034 1166 1069 1223 ab
1083 1182 1138 1239 ope
1154 1171 1182 1222 et
1200 1167 1308 1223 auxilio
1324 1168 1435 1222 [lamini
1454 1168 1504 1240 qui
1524 1167 1609 1224 mites
1623 1174 1652 1224 et
1668 1169 1791 1224 humiles

94 1271 122 1317 et
135 1262 342 1334 paenitentiam
355 1277 421 1317 vere
435 1259 680 1334 agentesinbonis
694 1257 828 1330 operibus
838 1257 1091 1330 perseveraverint,
1103 1255 1315 1329 quominusillis
1327 1273 1439 1330 quoque
1450 1258 1545 1313 divino
1553 1257 1680 1314 remedio
1691 1274 1791 1314 consu·

93 1351 183 1406 latur.
199 1371 214 1401 ιι
232 1351 403 1406 Persuasum
426 1366 496 1423 ergo
513 1365 575 1405 esse
598 1348 657 1404 vult
680 1347 821 1420 ejusmodi
838 1347 1041 1418 poenitentibus
1054 1347 1116 1402 fore
1132 1351 1164 1404 ut
1178 1366 1192 1396 a
1206 1346 1261 1401 illis
1281 1361 1395 1419 quoque
1417 1346 1515 1402 divino
1541 1347 1668 1404 remedio
1687 1363 1789 1403 consu-

94 1439 173 1493 latur
189 1456 196 1494 :
213 1457 229 1492 ιι
246 1445 332 1512 atquc
347 1438 401 1494 hoc
412 1439 469 1494 illis
488 1437 617 1494 concedit
635 1441 667 1492 ut
679 1436 809 1492 solatium
835 1436 964 1492 Ecclesiae
980 1435 1090 1508 legibus
1106 1439 1342 1506 consentaneum,
1363 1436 1498 1509 quodque
1518 1454 1590 1492 nova
1607 1437 1720 1494 decreta
1731 1453 1790 1494 non

95 1527 288 1583 desiderarat.
314 1527 408 1600 Neque
432 1527 511 1584 enim
530 1528 595 1582 date
617 1542 703 1598 opera
719 1524 861 1581 scribebat
882 1523 1038 1596 Epistolam
1062 1539 1110 1580 ιιιι
1131 1527 1162 1580 ut
1181 1525 1321 1597 ejusmodi
1343 1526 1428 1596 lapsis
1448 1526 1613 1597 provideret
1636 1527 1740 1598 quibus
1761 1529 1791 1582 et

93 1617 232 1672 Ecclesiae
252 1617 428 1672 cousuetudo
443 1621 472 1672 et
492 1616 613 1674 Romani
635 1616 709 1672 Cleri
731 1615 842 1672 monita
858 1615 924 1670 satis
941 1615 1137 1686 providerant,
1162 1615 1212 1671 sed
1232 1619 1265 1671 ut
1283 1631 1384 1671 eorum
1409 1617 1563 1672 tumultum
1583 1617 1790 1688 comprimeret

92 1706 142 1777 qni
156 1705 288 1777 querelis
306 1705 364 1761 suis
382 1706 636 1778 Carthaginensem
659 1704 812 1762 Ecclesiam
830 1705 1029 1761 incendebant.
1045 1706 1138 1776 Atque
1156 1704 1186 1761 id
1202 1721 1294 1762 causae
1315 1721 1376 1762 esse
1390 1705 1515 1762 arbitror
1530 1722 1581 1762 cur
1590 1707 1745 1779 Cyprianus
1760 1705 1790 1761 in

92 1794 182 1866 Epist
209 1810 258 1849 ιιι
284 1797 436 1850 confirmas
458 1811 522 1867 quas
544 1794 573 1849 in
596 1793 709 1850 decima
731 1795 815 1852 tertia
836 1795 1011 1865 decreverat,
1029 1795 1100 1852 nihil
1121 1796 1289 1854 nominatim
1312 1797 1390 1854 dicat
1410 1799 1444 1853 de
1462 1813 1530 1870 pace
1550 1798 1624 1853 reris
1648 1797 1788 1868 preniten-

92 1883 172 1938 tibus
184 1883 216 1937 in
234 1889 362 1940 extremo
377 1883 505 1954 periculo
518 1883 707 1940 concedenda.
725 1885 878 1957 Postquam
894 1883 972 1940 enim
985 1885 1097 1940 locutus
1111 1887 1155 1940 est
1168 1884 1202 1940 de
1216 1885 1249 1941 iis
1264 1885 1312 1958 qui
1326 1885 1437 1942 libellos
1452 1902 1469 1940 a
1489 1886 1661 1959 martyribus
1673 1901 1789 1957 accepe-

93 1977 171 2041 rant,
187 1973 253 2030 haec
264 1972 363 2028 addit:
380 1993 394 2023 a
408 1974 507 2030 Ceteri
530 1989 597 2028 vero
612 1973 676 2045 qui,
697 1973 775 2028 nullo
788 1971 884 2028 libello
902 1989 920 2027 a
940 1973 1111 2046 martyribus
1131 1979 1258 2046 accepto,
1275 1973 1416 2030 invidiam
1437 1973 1557 2042 faciunt,
1581 1973 1715 2046 quoniam
1732 1989 1789 2029 non

93 2079 255 2134 pancorum
270 2077 323 2117 nec
338 2061 469 2118 Ecclesia
483 2061 566 2118 unius
581 2061 726 2118 autunius
738 2061 901 2135 provinciae,
920 2063 969 2118 sed
985 2062 1073 2118 totius
1094 2059 1170 2118 orbis
1185 2063 1244 2118 hese
1263 2079 1349 2119 causa
1369 2067 1422 2133 est,
1446 2067 1595 2136 expectent
1619 2063 1654 2118 de
1678 2061 1791 2117 Domini

93 2151 278 2222 protectione
297 2151 426 2208 Ecclesiae
446 2151 534 2224 ipsius
549 2150 692 2222 publicam
716 2166 826 2223 pacem.
843 2172 857 2202 ιι
874 2152 936 2206 Non
956 2151 986 2206 id
999 2151 1128 2224 profecto
1146 2151 1237 2208 sancit
1251 2153 1420 2225 Cyprianus,
1442 2158 1472 2209 ut
1492 2152 1566 2208 reris
1588 2150 1789 2223 paenitentibus

93 2258 146 2312 pax
159 2241 190 2295 in
206 2239 286 2296 exitu
306 2245 430 2312 negetur
444 2240 550 2311 (neque
573 2239 650 2295 enim
666 2239 771 2295 retexit
791 2255 855 2311 quae
873 2240 904 2295 in
922 2239 1066 2312 superiore
1088 2240 1209 2312 epistola
1226 2241 1425 2310 constituerat,
1445 2243 1492 2298 sed
1513 2258 1548 2298 ea
1572 2241 1664 2314 potius
1684 2239 1789 2296 confir-

94 2336 164 2400 mat,
186 2331 261 2386 drxm
280 2329 323 2386 ait
340 2347 371 2385 se
392 2330 510 2402 «plene
529 2329 673 2402 scripsisse
694 2329 826 2385 adhaec
849 2343 911 2384 rem
937 2328 1074 2401 proximis
1099 2328 1223 2401 litteris),
1245 2351 1259 2380 ιι
1277 2330 1328 2386 sed
1351 2331 1555 2387 nonnullorum
1575 2329 1789 2386 festinationem

95 2420 266 2493 comprimit
280 2419 330 2491 qui
343 2417 574 2476 communionem
585 2420 724 2492 petebant
736 2424 801 2476 ante
810 2416 953 2475 redditam
962 2418 1094 2474 Ecclesiae
1107 2435 1207 2492 pacem
1217 2422 1370 2492 antequam
1379 2421 1457 2492 gravi
1465 2420 1568 2476 morbo
1579 2423 1758 2476 tentarentur
1773 2437 1788 2468 ιι

94 2509 404 2580 hosjnbetexpectare
420 2509 489 2564 dum
504 2524 559 2580 pax
581 2508 711 2564 Ecclesia
733 2507 872 2563 reddatur
884 2511 913 2563 et
938 2523 1038 2580 pacem
1063 2508 1093 2564 in
1115 2509 1192 2565 exitu
1211 2525 1268 2564 non
1287 2513 1389 2582 negat:
1414 2526 1508 2582 neque
1531 2526 1579 2564 eos
1603 2505 1792 2581 reprehendit

93 2599 199 2671 quoda
214 2597 420 2653 communione
434 2598 526 2654 arceri
539 2614 569 2652 se
581 2597 611 2654 in
624 2596 702 2653 exitu
718 2598 841 2668 nollent,
860 2597 912 2654 sed
930 2599 1008 2671 quod
1028 2613 1093 2654 cam
1115 2603 1181 2654 aute
1204 2598 1336 2654 exsulum
1352 2597 1474 2654 reditum
1489 2599 1632 2670 peterent,
1649 2613 1682 2652 ac
1699 2618 1713 2646 ι
1724 2611 1788 2652 con-

94 2689 220 2743 fessores
233 2687 311 2759 ipsos
325 2685 487 2758 prevenire
497 2707 512 2738 ιι
523 2687 638 2743 vellent.

129 2813 185 2870 Sed
201 2813 305 2884 objicit
321 2812 449 2868 Petavins
468 2812 579 2868 meliori
594 2811 756 2868 conditione
771 2811 811 2867 uti
825 2811 956 2868 debuisse
972 2811 1021 2884 qui
1035 2813 1145 2870 libellos
1156 2818 1335 2887 acceperant,
1352 2830 1440 2886 quam
1461 2815 1512 2885 qui
1530 2830 1587 2869 non
1602 2818 1787 2886 acceperant;

97 2903 208 2974 quodsi
220 2903 358 2958 omnibus
372 2917 507 2958 concessa
519 2918 583 2973 pax,
600 2901 713 2957 nullum
726 2917 843 2972 prorsus
856 2905 931 2956 mter
944 2904 1081 2975 utrosque
1094 2902 1247 2958 discrimen
1259 2900 1410 2956 exstitisse.
1425 2901 1578 2957 Existimat
1593 2900 1789 2958 Tillemontius

98 2993 274 3064 cyprianum
288 2991 439 3064 ingeniosa
452 2991 579 3063 quadam
594 2991 733 3047 charitate
743 2989 854 3057 fecisse,
869 2994 902 3045 ut
915 3005 981 3045 cum
996 2991 1139 3062 praecipue
1149 2989 1256 3062 aliquid
1269 2990 1297 3046 in
1307 2991 1449 3046 honorem
1461 2995 1619 3062 martyrum
1630 2989 1787 3045 concedere

100 3083 255 3147 rideretur,
272 3081 344 3136 nihil
362 3086 460 3136 tamen
482 3081 627 3152 precipue
648 3080 832 3146 concederet;
848 3081 877 3132 et
896 3094 963 3132 cum
985 3093 1083 3149 pacem
1109 3078 1145 3133 iis
1167 3083 1279 3134 tantum
1297 3080 1346 3151 qui
1365 3079 1476 3135 libellos
1497 3078 1623 3134 habeant
1638 3077 1788 3150 pollicere-

99 3181 153 3237 tur,
165 3169 441 3242 neminemprorsos
456 3169 492 3225 ab
505 3169 559 3224 hac
573 3169 755 3240 indulgentia
766 3167 937 3234 excluderet,
949 3166 1057 3238 quippe
1069 3183 1134 3222 cum
1152 3169 1295 3240 martyres
1306 3168 1384 3224 adco'
1396 3167 1558 3224 libellorum
1572 3168 1683 3240 prodigi
1697 3172 1790 3222 essent

97 3262 128 3313 ut
138 3259 275 3313 omnibns
289 3273 388 3314 eorum
403 3257 556 3314 liberalitas
565 3261 684 3329 pateret.
700 3256 753 3313 Sed
764 3256 787 3311 si
809 3272 842 3311 ea
860 3254 1127 3312 accommodatione
1143 3272 1209 3310 usus
1223 3256 1381 3328 fuisseque
1398 3258 1478 3312 illum
1500 3257 1697 3314 Tillemontius
1708 3273 1788 3311 usum

97 3365 157 3403 esse
179 3347 387 3418 existimatae
405 3347 491 3404 tacite
510 3349 603 3419 lapsos
626 3362 728 3403 omues
749 3344 851 3401 fuisset
872 3344 1000 3399 hortatus
1022 3347 1054 3400 ut
1075 3361 1104 3399 se
1129 3343 1290 3401 libellorum
1311 3345 1445 3417 praesidio
1467 3347 1627 3416 munirent,
1647 3364 1684 3402 an
1705 3348 1790 3418 paulo

95 3441 161 3509 post
175 3439 258 3492 tanta
272 3435 388 3491 arsisset
400 3435 598 3508 indignatione
613 3436 643 3490 in
667 3435 834 3500 burianum,
852 3434 902 3506 qui
917 3433 1055 3488 universis
1072 3433 1159 3504 lapsis
1176 3434 1332 3489 concedere
1348 3450 1434 3490 ausus
1457 3439 1500 3490 est
1523 3436 1600 3508 quod
1619 3436 1679 3507 jam
1703 3435 1795 3492 antea

95 3525 230 3598 plurimis
255 3529 442 3580 concesserat.
468 3525 576 3580 ticinde
604 3541 671 3579 vero
702 3523 852 3595 periniqua
882 3521 1043 3594 Cyprianus
1069 3537 1151 3577 veros
1182 3521 1353 3594 poenitentes
1379 3523 1521 3594 ejusmodi
1545 3523 1672 3596 periculo
1703 3541 1791 3596 expo·

96 3615 200 3669 suisset
234 3617 266 3668 ut
304 3630 372 3685 pace
411 3613 571 3669 defraudati
609 3617 806 3678 morerentur;
845 3625 938 3682 neque
977 3611 1052 3666 enim
1092 3610 1246 3666 verisimile
1285 3617 1347 3667 erat
1379 3628 1426 3667 eos
1468 3614 1517 3685 qui
1554 3613 1692 3668 hactenus
1731 3619 1790 3669 tam

96 3703 189 3759 timidi
211 3718 245 3756 ac
265 3702 406 3773 pudentes
424 3703 550 3771 fuerant,
572 3701 740 3757 audaciores
768 3700 905 3773 deinceps
936 3701 966 3755 in
994 3699 1098 3755 libellis
1129 3699 1261 3773 petendis
1280 3701 1410 3758 futuros:
1432 3709 1483 3757 aut
1514 3703 1591 3774 ipsos
1621 3704 1789 3760 etiamcon-

95 3793 221 3848 laesores
237 3789 268 3846 in
282 3790 470 3848 concedendis
482 3791 624 3848 cautiores
640 3805 698 3846 non
713 3790 774 3845 iore
793 3793 944 3862 postquam
965 3805 1066 3846 eorum
1083 3788 1203 3844 nimiam
1215 3789 1385 3846 facilitatem
1409 3791 1596 3864 castigaverat
1619 3790 1788 3864 Cyprianus.

131 3917 298 3989 Cyprianus
311 3919 351 3972 sic
364 3917 572 3990 interpretatur
585 3915 711 3974 ltorinus
724 3935 730 3972 :
744 3916 814 3972 Cum
828 3915 871 3970 lex
879 3919 953 3970 essct
969 3919 998 3970 ul
1011 3930 1112 3987 pacem
1120 3915 1285 3972 moribundi
1299 3933 1359 3972 non
1378 3915 1569 3989 impetrarent
1582 3916 1631 3989 qui
1646 3917 1790 3989 preniten-

97 4009 167 4064 tiam
182 4005 249 4062 sani
263 4021 321 4062 non
336 4010 466 4078 egerant,
481 4005 626 4062 existimat
640 4005 769 4062 eruditus
788 4004 908 4077 scriptor
929 4003 1084 4062 decernere
1108 4006 1286 4078 cyprianum
1299 4012 1330 4062 ut
1344 4007 1420 4062 iniis
1435 4004 1485 4079 qui
1504 4006 1614 4062 libellos
1628 4024 1644 4062 a
1659 4008 1791 4080 martyri·

98 4097 150 4151 bns
169 4097 355 4168 acceperant,
374 4095 448 4168 legis
473 4095 606 4152 severitas
632 4111 692 4151 non
719 4097 859 4164 servetur,
882 4111 915 4149 ac
936 4093 992 4149 iltis
1012 4095 1042 4150 in
1068 4095 1206 4151 honorem
1234 4101 1395 4166 martyrum
1419 4113 1474 4169 pax
1498 4095 1680 4166 concedatur,
1703 4113 1790 4169 quem

100 4189 203 4241 frustra
214 4186 272 4240 hoc
285 4184 416 4255 praesidio
431 4183 559 4240 destituti
572 4183 727 4258 petiissent.
742 4183 798 4240 Sed
814 4184 874 4239 haee
887 4183 1085 4254 interpretatio
1105 4199 1157 4240 nec
1176 4200 1240 4240 cum
1270 4185 1363 4242 verbis
1383 4202 1436 4242 nec
1457 4202 1522 4241 cnm
1544 4188 1642 4241 mente
1657 4185 1789 4258 Cypriani

99 4273 247 4346 congrait.
261 4278 292 4328 l⁰
305 4273 477 4329 Nominatim
491 4273 612 4346 requirit
624 4271 782 4345 Cyprianus
794 4274 825 4327 ut
835 4271 885 4344 qui
893 4271 1030 4327 libellose
1041 4272 1215 4344 martyribus
1226 4280 1406 4346 acceperunt,
1417 4297 1431 4326 ιι
1442 4275 1632 4348 prerogativa
1648 4274 1788 4332 etaaxilio

100 4381 195 4418 eorum
213 4363 341 4435 adiuvari
358 4361 433 4434 apud
446 4362 602 4419 bominum
617 4363 647 4417 in
660 4361 776 4418 delectis
789 4359 872 4415 suisa
893 4359 1011 4432 possint.
1025 4362 1111 4416 Porro
1133 4361 1162 4417 iu
1176 4361 1221 4418 his
1240 4362 1366 4435 epistolis
1379 4369 1408 4420 et
1419 4363 1448 4418 in
1463 4363 1535 4420 libro
1548 4365 1581 4420 de
1603 4365 1699 4436 Lepsia
1720 4365 1789 4420 illud

101 4459 177 4508 arcte
187 4453 271 4506 tenet
282 4454 472 4524 accuratoque
489 4452 629 4522 defendit,
645 4467 702 4507 non
715 4451 851 4524 prodesse
866 4448 957 4520 lapsis
969 4449 1250 4506 commendationem
1275 4457 1434 4524 martyrum
1449 4453 1472 4508 si
1486 4453 1683 4525 poenitentiern
1704 4469 1789 4526 agere

101 4542 271 4608 detrectent,
287 4557 385 4612 quare,
397 4541 419 4621 si
430 4541 512 4613 lapsi,
526 4547 588 4612 post
602 4545 644 4596 tot
652 4541 788 4614 Cypriani
803 4550 832 4599 et
843 4543 1076 4616 presbyterorum
1082 4546 1197 4613 monita,
1213 4547 1243 4601 in
1256 4547 1396 4604 obstinato
1407 4548 1582 4621 poenitentiae
1593 4565 1653 4605 nou
1664 4546 1787 4621 agendae

101 4631 217 4686 oonsilio
232 4634 471 4702 persermssent,
486 4645 522 4685 an
541 4631 682 4703 Cypriane
694 4630 746 4686 risi
759 4637 853 4688 essent
866 4633 961 4689 idonei
974 4634 1025 4706 qui
1040 4637 1197 4705 martyrum
1210 4635 1316 4691 auxilio
1335 4636 1410 4709 apud
1424 4637 1788 4709 Dominumjurarenturi

103 4719 208 4776 Deinde
224 4735 305 4788 roro,
317 4719 341 4774 si
357 4718 491 4774 omnibus
504 4719 615 4776 libellos
625 4719 795 4777 habentibus
802 4737 902 4793 pacem
910 4722 1090 4792 decernebat,
1099 4722 1158 4777 sire
1170 4724 1370 4794 paenitentiam
1380 4725 1516 4797 egissent,
1526 4726 1584 4781 sive
1595 4741 1652 4782 non
1664 4726 1789 4796 egissent

103 4809 167 4880 quid
179 4823 297 4864 necesse
312 4811 374 4863 erat
385 4806 520 4863 delictum
535 4807 651 4875 habere,
665 4824 698 4863 ac
713 4808 743 4863 in
755 4810 926 4866 conditionis
940 4812 1001 4868 loco
1015 4814 1216 4884 requirerent
1229 4819 1389 4886 martyrum
1403 4813 1509 4870 auxilio
1519 4813 1647 4885 adjuvari
1657 4813 1788 4885 possent?

103 4895 195 4970 lapsis
205 4911 276 4968 ergo
289 4895 446 4967 Cyprianus
461 4911 518 4951 non
533 4897 710 4968 poenitentiae
733 4913 806 4954 onus
820 4900 930 4964 eximit,
944 4901 996 4958 sed
1019 4899 1114 4974 potius
1127 4903 1163 4958 ad
1183 4902 1382 4974 poenitentiam
1404 4903 1507 4960 blande
1528 4909 1557 4960 et
1573 4902 1675 4959 leniter
1687 4903 1793 4960 horta--

103 4989 157 5052 tar,
171 4986 243 5043 dnm
261 4999 363 5055 pacem
389 4982 474 5040 offert
495 4980 696 5056 morientibus,
716 4985 802 5042 modo
826 4991 987 5060 martyrum
1011 4989 1121 5046 meritis
1136 4991 1229 5062 juvari
1250 4992 1368 5064 possint.
1389 4992 1460 5047 ilinc
1475 4992 1506 5047 in
1526 4991 1616 5065 Epist.
1634 5009 1678 5048 ιιι
1693 4991 1790 5049 laudat

103 5063 282 5146 presbyteros
303 5074 334 5128 et
353 5071 488 5127 diaconos
508 5073 584 5144 quod
605 5071 692 5145 lapsis
713 5073 749 5129 ad
769 5075 938 5146 patientiam
958 5076 1064 5134 hortati
1087 5084 1202 5149 essent,
1219 5096 1252 5136 ac
1267 5080 1464 5152 paenitentiam
1487 5079 1523 5136 ab
1541 5081 1590 5136 illo
1606 5081 1652 5154 agi
1665 5081 1789 5138 declarat

105 5162 152 5233 qni
163 5161 269 5217 divinis
281 5161 431 5234 praeceptis
443 5159 521 5218 mitis
534 5163 563 5218 ct
575 5161 688 5234 patiens
700 5166 729 5219 et
748 5163 942 5220 sacerdotibus
965 5164 1015 5220 liei
1037 5165 1249 5239 obtemperans,
1265 5168 1409 5242 obsequiis
1432 5169 1490 5225 suis
1504 5172 1534 5226 et
1548 5170 1681 5242 operibus
1703 5169 1789 5242 justis

105 5251 254 5307 mminnm
275 5253 467 5324 promeretur.
493 5251 525 5308 Id
548 5257 645 5308 autem
669 5251 785 5311 deferre
812 5252 925 5309 videtur
946 5257 1104 5326 martyrum
1124 5255 1233 5314 mentre
1253 5263 1285 5315 ut
1305 5257 1391 5330 lapsis
1407 5258 1537 5314 noudum
1563 5274 1597 5315 ea
1621 5259 1789 5332 paenitentia

106 5341 222 5411 expiatis
235 5356 302 5414 quae
314 5355 415 5412 pacem
430 5355 482 5412 per
494 5355 524 5397 se
537 5341 599 5412 ipsa
613 5341 642 5397 in
656 5341 757 5398 mortis
770 5339 935 5398 discrimine
948 5341 1097 5413 impetret,
1111 5351 1272 5418 martyrum
1291 5347 1504 5404 commendatio
1523 5347 1707 5420 suffragetur.
1730 5347 1788 5403 Nec

106 5427 170 5484 teris
181 5429 369 5486 rideridebet
388 5429 451 5485 hec
471 5429 703 5502 indulgentia,si
721 5432 888 5501 temporum
911 5429 1024 5486 illomm
1043 5431 1178 5488 serentes
1198 5433 1373 5490 attendatur.
1400 5433 1458 5489 Etsi
1479 5433 1558 5490 enim
1584 5433 1785 5505 penitentibus

106 5517 258 5586 periculose
268 5517 473 5590 egrotantibus
483 5533 535 5591 pax
551 5516 612 5574 dari
627 5517 747 5587 solebat,
760 5533 818 5574 non
834 5521 931 5574 manen
944 5518 972 5575 id
985 5520 1047 5575 sine
1061 5520 1170 5578 deleme
1184 5524 1214 5577 et
1229 5521 1338 5592 judicio
1359 5523 1578 5578 concedebatur.
1598 5521 1669 5578 ilinc
1687 5523 1787 5579 Clarus

108 5605 256 5672 Romarm,
267 5623 297 5662 se
311 5623 378 5664 cum
392 5605 667 5680 pluribusepiscopis
682 5605 847 5679 deliberata,
861 5608 972 5664 censuit
989 5629 1003 5660 ι
1017 5624 1118 5664 eorum
1130 5625 1256 5682 quorum
1266 5611 1331 5666 vitae
1346 5627 1404 5666 sue
1417 5611 1506 5668 finem
1521 5627 1628 5684 urgens
1638 5615 1681 5666 est
1696 5609 1787 5666 exitus

108 5693 269 5752 dhtionens
280 5711 342 5754 non
351 5699 447 5770 potest
457 5696 545 5768 ferre,
560 5699 621 5754 acta
631 5695 801 5769 paenitentia
815 5699 843 5752 et
856 5696 983 5768 professa
993 5695 1132 5772 5960
1142 5698 1432 5772 frequentersuorum
1441 5693 1785 5766 detestatione'lactorum,

108 5782 128 5840 si
148 5785 293 5864 lacrymis,
310 5785 336 5844 ri
358 5785 520 5862 gemitibus,
539 5786 564 5844 si
588 5785 703 5856 daubus
728 5787 850 5847 dolentis
869 5803 902 5844 ac
916 5803 984 5845 vere
1010 5787 1174 5862 pantenus
1198 5787 1287 5847 enimi
1299 5787 1389 5863 pigna
1415 5788 1605 5862 prodiderint,
1632 5803 1696 5845 curn
1722 5799 1787 5860 spes
