4076 6190
218 253 268 310 voa
911 241 989 308 tila
1008 253 1036 307 s.
1051 250 1223 310 5555551.
1283 203 1285 208 ⁵
1846 247 1901 314 'tat

216 394 254 432 na
280 379 343 448 553,
373 375 423 432 555
449 374 587 431 51115555
607 375 717 430 tantum
739 390 829 432 annos
850 374 975 444 sedisse,
1003 381 1032 431 et
1042 377 1135 462 Abas
1162 377 1198 432 55
1224 377 1399 449 Stephanum
1427 395 1459 434 ac
1484 383 1580 450 postea
1610 380 1645 436 da
1682 378 1824 436 Africanis
1863 381 1899 436 ad

217 475 355 528 5555555
379 473 525 524 mortuum
547 485 610 524 essa
633 469 883 525 existimantzalii
911 475 1032 541 quatuor
1083 471 1200 542 Xystum
1232 471 1376 543 scripsisse
1404 472 1524 530 dicatur.
1551 475 1631 542 llam,
1658 491 1723 528 cum
1752 474 1900 530 dissidium

218 565 244 621 ei
269 564 452 637 pontificatus
477 578 568 618 annos
595 561 735 632 tribuunt,
760 563 879 635 ejusque
909 570 1032 618 martem
1084 564 1219 636 Stephani
1233 581 1297 620 cum
1321 566 1509 622 Orientalibus
1527 585 1585 623 non
1605 568 1675 624 illud
1693 568 1809 640 quidem
1827 585 1902 624 corn·

216 659 344 714 referunt
359 657 395 712 ad
413 672 520 711 annum
539 659 602 710 557.
623 656 764 712 Posterior
782 656 931 723 sententia,
947 673 1033 728 quam
1083 659 1209 730 positum
1231 659 1339 727 luisset,
1357 659 1406 715 sed
1429 663 1525 716 tamen
1545 661 1760 732 demitigatum,
1780 679 1814 717 ac
1840 661 1901 719 istis

216 750 410 809 Tillemoutius
433 755 460 805 et
483 749 651 805 Pearsonius
671 749 759 804 secuti
779 755 855 817 sunt,
869 750 990 806 solutior
1005 755 1033 806 et
1083 752 1319 808 carrsuatudinem
1335 769 1415 810 suam
1437 755 1550 826 pacilice
1573 755 1765 811 retinentibus
1779 755 1901 824 bellum,

216 844 383 918 explicatior
408 844 527 899 videtur.
549 844 629 911 Nam,
649 843 671 898 si
695 859 772 898 mars
792 843 930 915 Stephani
958 843 1033 899 reie-
1083 847 1115 896 ut
1130 841 1167 896 ita
1180 841 1282 911 dicam,
1297 841 1327 896 iu
1341 843 1465 898 Africam
1480 847 1581 915 pastea
1594 845 1764 901 translatum
1782 844 1899 914 tuisset3

216 938 414 996 raturadan.
431 937 1033 1009 555555ιί11551551155ιῦ551155155555
1085 935 1202 991 lumime
1217 936 1320 992 mirum
1340 937 1363 990 si
1383 937 1533 1009 Dionysius
1558 955 1615 994 555
1636 938 1759 1010 amplius
1778 939 1815 994 ad
1837 939 1900 996 Ste-

217 1032 402 1089 relerendum
417 1033 470 1088 erit
482 1032 517 1088 ad
532 1031 673 1087 Kalendas
687 1030 863 1103 Septembris
883 1032 1031 1098 5551555,
1084 1029 1213 1100 phanum
1233 1029 1355 1101 scripsit,
1379 1047 1429 1086 nec
1451 1037 1518 1086 ante
1542 1033 1669 1088 studium
1693 1049 1776 1088 suum
1797 1033 1902 1100 adres

217 1127 359 1198 simulque
385 1130 557 1181 concurrent
577 1125 711 1197 Stephani
733 1141 799 1180 cum
822 1124 894 1180 Afris
918 1128 946 1180 et
967 1141 1033 1180 cum
1084 1122 1271 1194 pacificandae
1285 1124 1461 1180 exsuscitavit
1481 1141 1569 1197 quam
1592 1126 1628 1181 de
1655 1126 1740 1182 rebus
1756 1127 1900 1194 livorum,

215 1217 658 1281 Orientalibusconcertationes,
681 1234 751 1290 quas
772 1219 948 1291 temporibus
965 1218 1034 1274 divi·
1084 1217 1132 1288 qui
1156 1216 1232 1272 itlius
1250 1233 1333 1290 opem
1352 1218 1469 1275 fortasse
1488 1220 1577 1276 serius
1595 1221 1799 1292 implorarunt,
1818 1225 1900 1276 certo

216 1330 261 1368 sas
275 1329 336 1368 esse
361 1313 552 1386 probavimus.
568 1314 626 1368 lluc
645 1311 786 1367 accedunt
806 1313 950 1369 rationum
971 1328 1031 1368 mo·
1083 1310 1270 1382 cognovisset.

217 1411 325 1475 menta,
341 1407 443 1478 quihus
455 1406 652 1462 tillemontius
663 1410 691 1460 et
702 1405 868 1461 Pearsonius
884 1406 1031 1474 nituntur;
1118 1405 1235 1459 Exstant
1248 1408 1308 1460 acta
1330 1405 1415 1476 hujus
1435 1407 1509 1462 tertii
1524 1405 1635 1463 concilii
1654 1408 1899 1480 carthaginensis,

216 1500 286 1555 illud
309 1499 459 1570 imprimis,
483 1499 558 1572 quod
586 1499 765 1555 Firmilianus
784 1498 814 1554 in
841 1499 967 1570 Epistola
996 1499 1031 1554 55
1082 1498 1127 1553 551
1157 1497 1310 1554 adsuerunt
1345 1515 1377 1554 ax
1409 1501 1552 1571 provincia
1581 1501 1683 1569 africa,
1708 1502 1842 1556 Numidia
1872 1507 1902 1558 et

217 1594 389 1666 cyprianum
404 1595 523 1650 testetur
536 1614 550 1643 «
566 1597 631 1648 ante
647 1593 746 1665 viginti
765 1595 795 1648 et
815 1591 884 1648 daos
899 1594 960 1648 lere
981 1610 1033 1648 an·
1082 1591 1250 1648 Mauritania
1273 1592 1397 1664 episcopi
1422 1609 1521 1662 cxxxv,
1549 1594 1592 1650 vel
1618 1596 1703 1650 etiam
1732 1611 1852 1664 axxxvn,
1878 1595 1900 1650 si

217 1705 268 1742 nos
296 1686 471 1759 temporibus
505 1691 567 1760 post
599 1687 791 1742 Alexandrum
828 1686 1032 1758 imperatorem
1083 1688 1271 1742 numerentur
1293 1685 1349 1741 duo
1372 1687 1512 1755 absentes,
1545 1688 1697 1760 Pompeius
1721 1688 1900 1744 Sabratensis

217 1782 322 1836 multas
345 1780 480 1836 accidisse
504 1779 680 1835 calamitates
701 1796 753 1852 per
775 1780 986 1852 Cappadociam
1004 1757 1071 1834 etss
1084 1784 1113 1835 et
1133 1779 1218 1851 Dioge
1236 1779 1493 1852 Leptimagaensis,
1509 1782 1558 1854 qui
1577 1782 1651 1838 vices
1671 1799 1738 1838 suas
1755 1782 1847 1837 Natali
1864 1784 1900 1838 ab

216 1892 268 1948 per
283 1877 415 1943 Pontum,
434 1877 467 1930 nt
494 1890 527 1930 ex
545 1875 598 1930 boc
622 1875 781 1946 persecutia
802 1891 919 1947 qnoque
941 1874 1035 1945 gravis
1084 1873 1142 1929 Oea
1155 1874 1366 1928 commiserant.
1381 1874 1451 1930 Cum
1466 1889 1535 1946 ergo
1550 1875 1579 1929 in
1599 1892 1688 1931 unum
1702 1877 1902 1932 convenissent

217 1967 367 2024 adversum
389 1985 440 2023 555
459 1967 611 2023 Christiani
636 1967 763 2024 nominis
789 1967 879 2023 lieret.
894 1990 909 2019 »
926 1967 1032 2033 Quam·
1086 1965 1218 2022 Kalendis
1241 1965 1413 2037 Septembris
1434 1983 1500 2024 eum
1522 1968 1693 2041 presbyteris
1714 1975 1742 2024 et
1760 1969 1900 2039 diaconis,

215 2061 410 2131 obrem,cum
434 2059 594 2118 Alexander
613 2067 741 2116 mortuus
765 2061 889 2117 5115555
904 2064 966 2130 535,
980 2078 1032 2116 55·
1084 2066 1224 2132 praesente
1247 2061 1334 2116 ctiam
1364 2061 1455 2133 plebis
1482 2061 1604 2116 maxima
1625 2063 1811 2134 parte,lectae
1833 2066 1901 2118 srvat

218 2173 272 2211 nus
285 2156 320 2210 ab
334 2155 396 2227 ejus
411 2157 501 2210 morte
525 2153 671 2210 vicesimus
697 2155 837 2210 secundus
856 2155 934 2210 idem
957 2170 1036 2226 pror·
1084 2153 1185 2209 litterae
1203 2154 1331 2209 tubaiani
1351 2155 1388 2210 ad
1407 2155 1589 2226 Cyprianum,
1610 2155 1679 2210 item
1698 2156 1833 2228 Cypriani
1863 2157 1900 2212 ad

216 2252 386 2318 55555556,
404 2265 436 2304 ac
458 2248 578 2320 proinde
603 2249 658 2304 hoc
678 2248 800 2304 maxime
812 2265 889 2304 auno
909 2248 1036 2304 fervebat
1082 2247 1252 2302 lubaianum
1267 2253 1295 2303 et
1308 2263 1380 2319 quas
1394 2247 1575 2320 postmodum
1591 2249 1731 2321 Cypriano
1743 2247 1900 2305 lubaianus

217 2343 368 2400 dissidium
408 2342 444 2398 de
484 2342 628 2415 baptismo
653 2342 841 2414 nondumque
875 2341 1035 2414 Stephanus
1083 2342 1275 2413 rescripserat.
1293 2343 1364 2425 Pam
1380 2343 1540 2413 Cyprianus
1557 2343 1687 2398 hortatus
1707 2349 1750 2398 est
1777 2347 1808 2398 ot
1831 2361 1897 2398 sen-

217 2437 382 2493 55155555ο
399 2435 686 2493 Simortuusluisset
703 2436 953 2507 Stephanusaano
970 2439 1032 2505 555,
1083 2435 1201 2489 tentiam
1228 2434 1316 2490 libore
1343 2451 1376 2490 ac
1402 2435 1516 2507 pecilloe
1541 2435 1683 2504 dicerent,
1707 2457 1722 2486 a
1746 2435 1898 2492 nerninem

217 2529 360 2603 quomoda
374 2529 539 2603 Cyprianus,
555 2529 603 2600 qui
626 2545 702 2584 euno
725 2530 1032 2601 5581515558551555-
1080 2527 1251 2599 judicantes,
1277 2534 1328 2584 aut
1351 2545 1367 2583 a
1387 2529 1453 2600 jure
1478 2529 1687 2586 communionis
1706 2530 1842 2603 aliquem,
1873 2532 1898 2586 si

216 2623 277 2680 hris
290 2622 562 2695 vitamprochristo
582 2623 716 2695 profudit,
733 2623 831 2678 tandiu
852 2623 1034 2680 conticuisset
1083 2621 1224 2676 diversum
1251 2621 1380 2692 senserit,
1402 2628 1578 2679 amoventes.
1604 2623 1699 2696 Neque
1725 2623 1802 2678 enlm
1823 2625 1898 2697 quis·

216 2719 246 2774 in
264 2735 294 2774 ra
314 2717 386 2773 tanti
410 2715 567 2772 momenti?
595 2715 669 2772 Nihil
689 2717 764 2772 enim
786 2733 837 2789 per
854 2723 946 2772 talum
963 2717 1033 2773 illud
1083 2731 1168 2784 uuam
1185 2718 1327 2782 nostrum,
1353 2715 1455 2785 aiebat,
1476 2717 1639 2788 episcopam
1656 2733 1686 2772 se
1704 2733 1766 2772 esse
1787 2718 1897 2789 episco-

219 2817 333 2884 tempas
346 2809 482 2883 assignari
504 2813 599 2882 posset
618 2809 693 2882 quod
711 2810 799 2866 abeo
813 2812 862 2866 eut
884 2811 919 2866 ed
940 2827 1032 2866 causta
1084 2823 1183 2881 porum
1209 2809 1364 2880 constituit,
1383 2814 1434 2865 aut
1453 2809 1600 2881 tyrannico
1621 2815 1730 2867 terrore
1754 2811 1789 2866 ad
1815 2811 1897 2868 ohse-

218 2923 278 2962 555
304 2904 517 2973 defensionem,
545 2911 594 2960 aut
620 2903 655 2959 ad
683 2887 781 2959 renam
805 2904 1032 2977 pacificationem
1083 2903 1189 2974 quendi
1205 2903 1402 2960 necessitatem
1416 2904 1539 2976 collegas
1552 2919 1618 2960 suos
1632 2903 1723 2976 adigit
1738 2923 1744 2961 ι
1761 2925 1775 2956 a
1792 2905 1899 2977 quibus

125 3037 128 3047 ι
213 2999 321 3055 tactum
334 2998 484 3054 diceretur.
499 2997 567 3066 Sed,
590 2995 613 3052 si
635 2996 826 3054 controversis
843 2997 1031 3070 debaptismo
1081 2997 1173 3054 verbis
1187 2998 1364 3074 Stephanum
1388 2997 1478 3054 notari
1500 2999 1630 3054 observat
1649 2998 1793 3055 baronius.
1816 2999 1899 3055 ldem

214 3094 250 3150 ad
263 3110 371 3149 annum
394 3095 446 3149 556
471 3092 619 3158 referatur,
644 3107 700 3146 non
725 3091 806 3147 valde
832 3091 938 3147 mirum
953 3092 1183 3204 555-(155555
1198 3108 1316 3148 555555
1339 3093 1568 3163 pronuntiarunt,
1584 3109 1616 3148 ac
1635 3092 1751 3148 vellimus
1763 3095 1897 3149 omnium

212 3185 290 3245 bitur
310 3185 387 3260 quod
409 3185 565 3259 Cyprianus
587 3190 650 3258 post
669 3186 785 3240 tertium
805 3185 1030 3257 Carthaginense
1080 3185 1237 3258 Cyprianus
1249 3185 1417 3241 sententiam
1435 3201 1516 3240 suam
1540 3185 1568 3240 in
1589 3186 1714 3257 Epistola
1733 3189 1771 3242 ad
1783 3187 1899 3243 iubata·

212 3281 376 3349 concilium,
404 3285 468 3354 post
492 3279 608 3353 scriptas
635 3279 673 3334 ad
693 3279 882 3336 Firmiliarvum
908 3279 1029 3349 litteras,
1079 3295 1143 3335 nam
1158 3279 1321 3351 plenissima
1335 3295 1499 3351 expressam
1514 3279 1598 3334 luisse
1612 3278 1775 3335 declaravit.

212 3373 391 3443 conticuerit,
420 3374 488 3446 quie
509 3373 676 3444 persecutio,
698 3389 762 3444 quoe
785 3388 849 3428 cum
871 3387 948 3428 anno
977 3373 1027 3427 557
1115 3371 1271 3429 Stabilitam
1290 3372 1343 3428 hoc
1360 3372 1477 3428 covasilio
1494 3372 1569 3428 inter
1588 3373 1670 3430 Atros
1689 3373 1830 3430 unitatem
1848 3391 1898 3429 no-

210 3466 328 3540 incepit,
355 3467 400 3522 bis
424 3466 507 3523 rebus
529 3465 671 3538 agitandis
691 3466 785 3522 lacum
807 3483 863 3520 non
887 3466 1029 3538 relinque·
1078 3465 1121 3522 vis
1134 3465 1273 3539 praesidiis
1295 3465 1472 3522 communire
1495 3465 1592 3522 statuit
1612 3467 1781 3539 Cyprianus.
1801 3469 1898 3541 lioga-

211 3562 270 3619 bat.
300 3564 331 3617 3⁰
359 3561 488 3616 Pluribus
508 3559 685 3632 argumentis
711 3560 809 3632 probat
831 3559 1029 3616 'tillemontius
1079 3560 1187 3616 tionum
1212 3561 1361 3615 diaconum
1392 3559 1468 3616 misit
1489 3577 1554 3615 curn
1578 3559 1679 3615 litteris
1701 3561 1736 3616 ad
1760 3561 1898 3617 Firmilia—

210 3656 239 3713 S.
265 3655 442 3727 Stephanum
462 3660 618 3727 martyrem
642 3653 760 3720 obiisse;
790 3659 819 3708 et
843 3669 909 3710 cum
930 3670 1026 3726 perse·
1080 3671 1160 3722 num,
1186 3655 1288 3727 quibus
1314 3671 1379 3710 eum
1407 3654 1443 3710 de
1468 3653 1641 3710 dissensione
1661 3671 1726 3710 oum
1752 3656 1898 3726 Stephana

197 3749 287 3807 *cutio
314 3767 371 3804 uon
392 3747 528 3805 exarserit
549 3747 603 3803 nisi
626 3764 701 3803 anno
722 3747 864 3818 557,1555
883 3749 1030 3803 concludit
1078 3749 1227 3805 certiorem
1247 3747 1374 3804 faciebat.
1393 3749 1509 3804 Videtur
1528 3749 1615 3804 etiarn
1637 3747 1744 3804 misisse
1767 3765 1831 3822 555
1861 3749 1899 3807 55

209 3841 297 3900 sancti
318 3843 392 3899 illius
413 3845 496 3913 Papae
512 3847 633 3897 mortem
655 3842 690 3897 ad
713 3858 840 3897 mensem
865 3845 1026 3912 Augustam
1078 3841 1217 3914 baptismo
1244 3841 1441 3898 haereticarum
1465 3841 1500 3898 ad
1525 3843 1595 3898 alios
1622 3844 1775 3914 scripserat
1785 3861 1793 3912 ;
1825 3861 1896 3900 nam

210 3937 424 4010 ejusdemanai
445 3936 712 4002 celerandamesse,
732 3952 765 3990 ac
784 3935 904 4008 proinde
928 3936 1027 3991 coaci-
1078 3935 1258 3993 Firmilianus
1294 3936 1389 3992 laudat
1428 3936 1503 3992 illius
1541 3937 1675 3993 adversus
1712 3937 1893 4010 Stephanum

209 4029 281 4088 lium
294 4029 791 4103 carthaginensetertium,quodeo
807 4029 1026 4085 adbucvivente
1077 4047 1221 4102 responsa,
1246 4047 1278 4086 ac
1300 4031 1436 4086 nonnulla
1459 4031 1622 4103 refertque
1649 4031 1678 4086 in
1706 4033 1828 4103 Epistola
1855 4034 1896 4088 aa

209 4125 384 4182 celebratam
400 4130 451 4192 est,
467 4127 498 4178 et
509 4123 620 4179 litteras
631 4123 766 4195 Cypriani
774 4123 811 4178 ud
823 4124 1026 4192 sirmitanam,
1076 4125 1242 4206 Juboa'aaam
1268 4125 1414 4196 leguntur.
1443 4127 1579 4196 Pergrata
1601 4125 1765 4181 acciderunt
1791 4125 1896 4181 Firmi·

210 4215 809 4293 555555511555551155Ρ55115555551555
829 4217 955 4286 suntad
979 4233 1027 4274 an·
1076 4213 1152 4271 liano
1176 4215 1279 4286 scripta
1300 4213 1443 4286 Cypriani,
1458 4230 1521 4286 quae
1542 4213 1658 4286 quidem
1680 4231 1710 4270 se
1735 4216 1815 4288 quasi
1843 4233 1897 4272 sua

210 4313 518 4384 numtbtpertinere.
1076 4307 1194 4381 propria
1219 4307 1374 4380 suscepisse
1401 4313 1536 4377 testatur,
1570 4325 1623 4364 nec
1659 4309 1689 4364 in
1728 4316 1895 4366 transcursu

246 4406 398 4477 Praecipuae
425 4405 605 4462 difficultates
629 4421 693 4478 qum
712 4405 784 4460 hauc
804 4403 977 4460 Tillemontii
998 4409 1027 4460 et
1076 4401 1189 4473 legisse,
1204 4401 1255 4456 sed
1270 4416 1346 4474 saepe
1370 4401 1495 4483 repetita¹
1508 4403 1653 4458 memoria
1678 4403 1835 4459 mandasse.
1847 4403 1897 4461 Sic

208 4499 353 4560 Pearsonii
374 4499 545 4557 sententiam
568 4499 764 4566 obstruebant,
792 4497 862 4554 solvi
885 4515 967 4571 posse
987 4497 1174 4572 vi-Dautem
1199 4495 1354 4567 respondet
1376 4496 1527 4567 Cypriane,
1543 4499 1575 4550 ut
1592 4513 1658 4568 qum
1676 4497 1712 4552 ab
1731 4497 1793 4568 ipso
1818 4497 1896 4554 dicte

209 4591 360 4649 dentarer
375 4589 419 4645 his
439 4605 503 4662 quae
521 4587 608 4645 modo
628 4587 839 4644 observavimus
861 4588 897 4644 de
914 4589 1025 4644 dissen-
1076 4591 1202 4660 luerunt,
1230 4593 1340 4645 retexat
1366 4589 1402 4644 ad
1426 4591 1650 4647 coalia-mandam
1677 4591 1837 4661 veritatem,
1865 4597 1897 4648 et

209 4685 289 4742 sione
305 4685 395 4740 serias
409 4683 437 4740 in
451 4683 546 4739 africa
559 4699 644 4756 quam
666 4683 694 4737 in
717 4682 831 4738 Oriente
846 4688 955 4738 exorta.
971 4683 1027 4738 ltac
1077 4683 1210 4754 quaedem
1227 4682 1311 4738 addat
1332 4682 1369 4738 ed
1393 4684 1593 4740 cumulandam
1611 4684 1822 4757 probationem.
1839 4686 1895 4742 Sed

208 4781 285 4836 enim
303 4785 401 4835 notata
416 4777 610 4845 distinctione,
624 4776 694 4831 nihil
716 4776 777 4847 jam
800 4775 888 4831 allicit
901 4777 1024 4832 auctori·
1076 4777 1182 4848 raptim
1200 4777 1333 4834 scribenti
1357 4779 1447 4834 multa
1471 4777 1501 4832 in
1527 4779 1703 4850 Stephanum
1729 4779 1897 4836 iracundius
1956 4827 1959 4832 ,

208 4877 252 4929 tes
280 4872 402 4942 Eusehii,
438 4887 489 4926 nec
515 4887 628 4928 necesse
659 4875 700 4925 est
738 4872 870 4925 accurato
896 4869 1026 4942 scriptori
1075 4871 1150 4926 dicta
1168 4872 1345 4941 exciderunt,
1373 4889 1436 4944 quas
1459 4872 1575 4928 tortasse
1599 4888 1650 4944 pro
1674 4871 1778 4930 eximia
1801 4874 1897 4931 animi

208 4982 320 5022 navum
340 4965 496 5020 absurdum
522 4965 670 5036 attingere.
695 4965 812 5019 Fatetur
830 4964 1026 5020 Tillemontius
1076 4965 1271 5021 moderatione
1289 4965 1468 5022 l·'irmilianus
1487 4966 1677 5035 emendasset,
1695 4967 1747 5024 uisi
1766 4968 1896 5040 spatium

207 5073 266 5116 555
294 5059 377 5114 tacite
408 5057 539 5130 explicari
565 5056 662 5132 162
688 5073 770 5130 passe
799 5075 850 5113 cur
878 5057 1026 5130 llionysius
1075 5060 1360 5132 relegendas,utpar
1380 5061 1590 5132 erat,epistolae
1613 5062 1786 5134 Regalianus
1803 5079 1896 5119 morte

207 5151 425 5220 Alexandrinus,
446 5151 469 5206 si
484 5151 583 5224 Xystus
597 5168 633 5206 ne
649 5157 708 5207 toto
722 5151 838 5222 qrridem
855 5167 932 5207 5555
949 5168 1024 5224 prta-
1075 5153 1229 5225 impatiens
1255 5153 1415 5226 eripuisset.
1437 5155 1499 5209 lloec
1520 5159 1617 5210 autem
1650 5155 1806 5210 Firmiliaui
1834 5157 1896 5230 epi-

207 5245 272 5316 tuit,
295 5252 352 5302 tres
380 5252 479 5301 tamen
505 5245 539 5300 ed
564 5260 630 5300 earm
659 5244 768 5300 litteras
792 5244 912 5316 dederit,
937 5245 1025 5317 idque
1076 5247 1155 5314 stole,
1175 5261 1239 5319 quae
1264 5247 1364 5302 Latine
1388 5245 1500 5302 reddita
1523 5250 1617 5302 exstat
1642 5247 1717 5305 iuter
1742 5250 1894 5321 Cypriani·

208 5339 415 5414 persecutionis
428 5344 457 5394 et
478 5337 569 5394 exsilii
592 5337 730 5393 molestiis
749 5338 892 5409 detentus,
906 5355 972 5394 cum
989 5339 1024 5395 ad
1075 5356 1120 5396 cas
1133 5343 1178 5407 75,
1192 5341 1232 5396 515
1253 5341 1385 5414 Cypriani
1405 5338 1503 5415 163
1522 5341 1625 5414 stylum
1649 5344 1767 5412 redolet,
1783 5347 1813 5400 ut
1833 5361 1895 5402 non

207 5433 388 5507 Stephanum
415 5433 490 5489 illius
510 5432 708 5502 decessorem,
734 5432 786 5487 suh
814 5448 870 5504 quo
899 5432 1025 5489 acriores
1075 5433 1163 5490 alium
1175 5433 1363 5507 interpretem
1376 5435 1509 5492 hahuisse
1523 5434 1662 5492 videatur.

206 5528 457 5596 erantdiscardiae,
473 5528 686 5583 semeltantam
702 5526 867 5598 scripsisset.
890 5527 1023 5584 11555511-
1110 5527 1195 5584 Fidus
1217 5528 1360 5602 interpres
1386 5545 1485 5601 graecae
1511 5529 1618 5602 linguae
1644 5531 1792 5604 ingenium
1817 5549 1892 5588 non·

206 5625 326 5689 flcultas,
342 5639 407 5696 qum
434 5621 528 5694 prima
546 5621 640 5693 specie
659 5621 693 5676 de
714 5620 850 5693 Stephani
868 5622 951 5676 annis
972 5621 1023 5677 ali·
1075 5622 1159 5677 nullis
1172 5623 1202 5678 in
1215 5621 1283 5678 locis
1305 5623 1431 5679 retinuit.
1449 5624 1535 5680 Paulo
1551 5623 1738 5695 postinitium
1751 5627 1791 5697 (p.
1808 5623 1892 5698 l43):

208 5719 277 5794 quid
298 5719 473 5774 demendum
492 5722 520 5771 ct
539 5717 623 5786 llysto
643 5713 805 5770 addendum
833 5714 944 5782 svradet,
965 5731 1022 5772 non
1075 5737 1089 5794 a
1108 5716 1321 5772 Contristantur
1348 5715 1470 5789 (angeli)
1500 5717 1614 5790 quando
1647 5717 1743 5774 videat
1767 5719 1893 5776 diversas

206 5812 495 5874 leviterimminuitur
509 5811 530 5866 si
546 5811 696 5884 Dionysius
712 5809 746 5866 vie
770 5809 855 5866 rebus
876 5809 1025 5866 Orientali·
1075 5811 1262 5884 quorumdum
1277 5814 1388 5868 mentes
1401 5815 1429 5868 et
1443 5813 1540 5868 scissas
1556 5805 1723 5884 voluntates,
1736 5815 1816 5888 quasi
1831 5831 1891 5878 555
