3978 6204
105 241 146 297 im
767 235 865 294 LIBER
884 237 927 292 DE
947 237 1071 294 LAPSlS.
1702 247 1753 303 ies

103 363 195 426 toritas,
216 360 244 415 in
262 359 357 415 dolore
371 359 534 431 patientius,
550 361 579 416 in
594 359 697 416 timore
710 359 889 420 submissius.
902 363 1080 447 Aombulare
1102 379 1186 434 aeque
1205 367 1302 422 audire
1323 369 1405 436 leuem
1431 369 1490 436 ejus
1518 385 1524 424 :
1548 375 1573 424 et
1592 370 1754 441 superducit

102 456 125 510 io
137 455 184 509 fide
197 453 306 508 verius?
317 455 372 510 Nec
386 453 430 508 his
449 458 557 522 tamen,
573 454 597 508 si
612 459 759 525 rogarent,
774 469 890 510 conces·
940 471 1022 526 super
1044 471 1087 512 eos
1107 459 1178 512 iram
1200 461 1375 515 animationis
1395 476 1450 516 suae
1466 463 1541 532 (isa.
1564 479 1628 533 xeo,
1648 463 1705 534 ei).
1719 464 1754 517 Et

102 563 183 602 sorum
206 563 233 602 se
256 547 326 603 Dens
347 547 426 602 dixit.
440 547 511 604 Cum
535 547 677 620 propheta
693 547 817 604 Ezechiel
838 563 891 620 pro
941 547 1009 604 eiibi
1029 552 1149 604 testatur
1167 566 1200 605 ec
1219 551 1287 606 dicit
1302 570 1309 606 ε
1325 553 1466 624 Numquid
1486 556 1631 610 conectet
1653 571 1752 610 monus

99 641 184 697 delicto
205 640 301 712 populi
324 639 535 710 deprecaretur,
562 643 655 704 Turro,
682 641 789 713 inquit,
817 657 890 712 pua·
940 643 990 698 Dci
1002 647 1032 697 ul
1046 644 1135 698 saluos
1147 646 1244 711 sumat,
1259 651 1307 699 aut
1330 649 1562 715 pravaoiiauram
1583 653 1680 703 utaou
1701 664 1750 703 en·

99 749 188 804 tuaque
195 735 344 804 peccaverit
359 733 426 788 milii
446 739 479 788 ut
492 733 635 805 delinquat
647 735 783 798 delictum,
798 741 890 790 caica-
940 736 1062 792 audiat?
1074 736 1128 792 Sed
1148 743 1260 806 peccota
1275 743 1364 794 uestra
1383 741 1455 793 iuter
1475 755 1521 795 eos
1534 747 1560 794 et
1578 743 1662 796 Deum
1673 755 1750 812 sepa-

99 829 151 882 dou
173 842 279 882 uuum
299 841 386 883 meam
399 842 480 898 mper
499 841 568 896 etim,
597 833 622 883 et
640 829 762 884 obteram
783 829 889 884 stabili-
940 835 1016 897 rant,
1039 835 1065 884 et
1082 835 1196 900 propter
1210 830 1415 886 delictorestra
1430 835 1752 900 auertitsaoiemaoobis

19 959 20 966 .
98 923 476 992 aeammpauisetimmiiiam
490 924 520 976 ia
533 923 713 989 eumfamem,
727 925 751 977 et
765 925 891 990 auferam
941 925 1147 978 comitarentur
1168 924 1247 994 (ista,
1271 939 1323 992 ux,
1349 925 1385 994 i).
1411 925 1515 980 Delicta
1537 925 1631 996 potius
1654 930 1752 981 nostra

98 1017 124 1069 oi
137 1031 165 1068 co
178 1015 306 1068 homiuem
321 1019 347 1069 ei
355 1030 463 1085 peoora.
478 1017 513 1070 itt
525 1017 550 1071 si
560 1016 667 1082 saarim
684 1019 737 1070 irae
751 1017 806 1070 oiri
818 1015 847 1070 ii
861 1017 891 1070 in
940 1019 1117 1086 reputemus,
1134 1021 1211 1071 ectus
1227 1023 1339 1072 nostros
1353 1019 1382 1072 et
1395 1019 1419 1053 ⁸⁸
1439 1017 1527 1072 animi
1537 1021 1645 1073 secreta
1665 1019 1754 1074 revol-

19 1139 20 1144 κ
97 1107 168 1162 uedio
184 1107 249 1174 utu,
268 1111 332 1170 Noe,
349 1109 445 1162 Daaiei
472 1107 638 1169 elichum
656 1108 891 1177 liberabuattilios
940 1108 1243 1175 ventes,conscientiee
1259 1111 1579 1182 meritaponderemus.
1596 1109 1703 1168 Redeat
1724 1111 1753 1166 in

19 1231 20 1280 f
97 1215 167 1268 aeque
187 1201 267 1268 tilios,
290 1201 345 1269 ipsi
363 1201 499 1255 solisaioi
521 1205 601 1256 erunt
622 1199 740 1271 (Erech,
760 1203 888 1272 mv,13).
940 1217 988 1256 eor
1010 1205 1139 1257 nostrum
1161 1218 1218 1258 non
1240 1203 1399 1260 ambolasse
1415 1220 1465 1258 nos
1487 1205 1516 1258 in
1531 1203 1582 1258 viis
1596 1203 1709 1259 Domini
1723 1207 1752 1260 et

95 1292 186 1347 ideali
202 1308 259 1347 non
278 1308 363 1348 omae
381 1293 459 1366 qnod
483 1293 590 1364 petitur
613 1292 642 1348 iu
664 1294 827 1365 praejudicio
841 1310 888 1365 pe·
941 1293 1076 1365 abjecisse
1091 1296 1184 1366 legem
1205 1295 1263 1364 Dei,
1279 1300 1420 1368 praecepte
1438 1297 1497 1368 ejus
1515 1300 1543 1351 et
1558 1297 1665 1352 monite
1679 1297 1752 1352 salu·

97 1385 167 1438 tentis
177 1385 199 1419 ἵ·
221 1385 268 1440 scd
281 1385 312 1441 in
325 1385 419 1440 dantis
433 1386 552 1442 arbitrio
578 1391 621 1442 est
635 1404 641 1454 ;
660 1403 711 1442 neo
733 1387 890 1458 quidquem
941 1387 1011 1442 teris
1023 1403 1167 1459 nunquam
1177 1405 1288 1444 servare
1299 1389 1430 1444 voluisse.

19 1463 20 1484 ³
95 1477 257 1549 sihiosnrpei
272 1482 301 1534 et
314 1479 436 1535 riudioat
450 1480 577 1536 humana
602 1481 754 1550 sententie,
771 1480 824 1535 nisi
837 1496 889 1536 an·
975 1480 1050 1534 llllll.
1074 1479 1148 1544 Quid
1171 1481 1206 1536 de
1228 1498 1261 1536 co
1282 1482 1350 1538 boni
1370 1482 1483 1552 sentias,
1503 1499 1590 1555 quem
1616 1483 1749 1538 timorem

97 1575 154 1624 ruat
165 1574 192 1626 ci
203 1586 324 1626 censure
338 1573 444 1628 divina.
940 1572 1108 1645 iuisseepud
1117 1590 1193 1642 eum,
1202 1591 1287 1646 quam
1299 1575 1383 1630 iidem
1393 1576 1499 1647 credes,
1509 1593 1594 1649 qoem
1605 1575 1749 1648 corrigere

122 1664 166 1717 liii.
191 1664 221 1718 ln
250 1665 404 1738 Evangelio
436 1667 572 1723 Dominus
602 1667 730 1738 loquitur
760 1666 856 1723 dicens
881 1684 887 1722 :
939 1667 1489 1741 necmetuspotuii,quemperseoutio
1511 1671 1571 1741 ipse
1591 1671 1750 1726 nonreior·

97 1757 138 1821 Oai
157 1759 291 1823 consessus
317 1775 359 1814 me
386 1762 474 1826 suerit
506 1775 594 1816 coram
627 1761 830 1830 homiuibus⁷⁰‚
865 1734 1272 1818 etssrnevttiattaeterccta
1288 1762 1379 1818 cervix
1394 1755 1750 1834 necquiaceoiditiullexe

19 1911 20 1924 χ
97 1851 279 1919 epocmiiehor
290 1867 350 1907 cam
371 1867 461 1908 coram
480 1856 632 1910 Patremeo
649 1857 740 1924 quiin
754 1855 825 1909 eretis
839 1859 887 1910 esi.
939 1859 991 1908 eet.
1012 1856 1137 1910 Tumens
1159 1855 1271 1910 animus
1296 1861 1324 1911 et
1346 1856 1485 1928 superbus
1500 1873 1553 1911 nec
1574 1856 1640 1929 quia
1662 1856 1750 1910 rictas

96 1945 137 2008 Diti
151 1948 235 1999 auten
261 1948 470 2016 usurpaverit,
491 1951 516 2002 ei
536 1963 582 2015 epo
602 1948 704 2018 negabo
726 1963 786 2002 uim
800 1949 887 2019 (Luc,
940 1955 981 2004 est
995 1947 1091 2021 484
1105 1948 1212 2004 irectus
1229 1954 1280 2004 est.
1300 1951 1398 2004 iacens
1419 1949 1558 2004 stantibus
1583 1955 1613 2004 et
1627 1949 1748 2022 integris

96 2053 133 2102 ru,
145 2039 179 2108 8).
192 2038 219 2094 si
238 2045 395 2110 negantem
409 2056 467 2096 non
488 2045 584 2110 neget,
600 2056 653 2095 nec
667 2041 849 2096 confitentem
865 2041 889 2076 ⁸⁰
938 2043 1104 2096 vulneratus
1124 2042 1260 2112 miretur3
1282 2048 1310 2097 et
1332 2043 1407 2114 qnod
1435 2060 1492 2099 non
1514 2043 1610 2098 statim
1635 2043 1750 2098 Domini

19 2171 20 2176 1
96 2131 237 2186 confitetur.
257 2133 319 2187 Non
341 2137 436 2204 poicsi
449 2132 633 2206 Evangelium
653 2133 682 2188 in
696 2140 774 2205 perte
794 2135 887 2190 consi·
939 2151 1040 2206 corpus
1053 2135 1210 2206 inquinetis
1224 2135 1355 2190 manibus
1369 2136 1498 2207 accipiat,
1516 2141 1564 2192 aui
1578 2151 1627 2192 ore
1638 2137 1749 2207 polluto

19 2277 20 2302 1
97 2227 157 2278 ciere
175 2227 203 2279 ct
222 2227 251 2280 in
269 2231 352 2298 parte
377 2231 478 2281 nutare
502 2243 509 2280 ε
536 2232 586 2282 eut
605 2232 758 2298 utrumque
778 2231 890 2299 oportet
939 2227 1049 2284 Domini
1071 2229 1240 2300 sanguinem
1261 2229 1350 2299 bibet,
1372 2229 1562 2285 sacerdotibus
1587 2229 1745 2302 sacrilegus

19 2303 20 2324 ¹
97 2317 179 2384 valeat,
198 2319 886 2393 entuirumquevimreritotis483emittat:
940 2316 1078 2372 irascitur.
1105 2321 1213 2388 hique,
1246 2333 1263 2372 o
1294 2319 1411 2372 iuem⁸⁵
1449 2318 1586 2386 nimiam,
1626 2317 1749 2385 inriose,

19 2411 20 2472 ἶ
96 2410 112 2462 si
125 2417 253 2482 negames
267 2413 310 2468 rei
323 2411 452 2468 criminis
470 2427 526 2468 non
543 2419 638 2482 erunt,
652 2429 706 2470 nec
719 2415 889 2470 confitentes
940 2410 1132 2466 dementiami
1153 2410 1281 2465 irasceris
1300 2411 1327 2465 ei
1347 2411 1395 2482 qiri
1414 2411 1463 2466 ebs
1482 2415 1511 2466 te
1527 2417 1656 2468 evertere
1678 2411 1749 2466 irem

97 2507 226 2572 premium
254 2505 368 2560 virtutis
392 2505 546 2578 accipient.
569 2508 667 2575 Porro,
685 2506 708 2561 si
730 2507 800 2562 ildes
825 2523 889 2579 quse
940 2504 989 2558 Dei
1004 2503 1103 2559 nititur
1112 2519 1121 2571 ;
1133 2503 1160 2558 ei
1171 2505 1195 2540 ⁸⁶
1210 2503 1326 2558 mineris
1340 2504 1389 2576 qui
1402 2519 1454 2576 pro
1473 2507 1499 2558 te
1516 2504 1627 2559 Domini
1641 2505 1750 2560 miseri·

97 2595 352 2665 riceritcoronatur,
369 2613 485 2654 necesse
507 2604 549 2654 est
568 2605 599 2656 ot
615 2598 686 2654 victa
707 2599 826 2671 perildie
839 2618 889 2673 pu·
939 2597 1068 2652 cordiam
1087 2597 1267 2668 deprecetur,
1292 2597 1341 2669 qui
1353 2597 1455 2652 vulnus
1470 2602 1548 2652 tuum
1574 2597 1660 2653 sentit
1672 2598 1750 2669 qnod

19 2715 20 2738 t
96 2690 181 2744 autur.
202 2693 241 2746 lte
261 2697 415 2763 martyres,
431 2698 482 2748 eut
500 2691 572 2747 nihil
588 2698 708 2764 possunt
720 2693 744 2747 si
756 2695 887 2766 Evange·
938 2692 998 2762 ipse
1012 2707 1068 2744 non
1090 2689 1188 2758 seniis,
1211 2690 1259 2762 qui
1281 2706 1332 2761 pro
1349 2697 1376 2745 te
1397 2691 1538 2762 lacrymas
1551 2689 1655 2759 fundit,
1680 2707 1750 2762 quae

19 2749 21 2826 ἶ
95 2781 151 2837 lium
172 2785 237 2840 solvi
255 2791 361 2856 potest,
386 2789 436 2840 aut
452 2786 473 2840 si
499 2786 687 2857 Evangelium
713 2803 771 2842 non
794 2792 889 2859 potest
938 2783 1058 2839 forsitan
1076 2783 1136 2855 ipse
1157 2799 1214 2838 uon
1232 2784 1337 2838 lundis.
1357 2783 1462 2840 Oneras
1481 2783 1573 2839 adhuc
1598 2783 1707 2839 cumen
1722 2789 1752 2840 ei

19 2929 20 2936 χ
97 2876 149 2930 solri
158 2879 189 2944 ⁸¹,
202 2881 301 2932 eontra
314 2877 498 2950 Evangelium
510 2879 606 2935 iacere
621 2896 678 2936 non
700 2885 818 2952 possunt
839 2881 888 2953 qui
938 2877 1083 2933 cumules:
1098 2882 1126 2930 et
1138 2891 1205 2931 cum
1216 2875 1253 2930 sis
1267 2875 1326 2946 ipse
1333 2875 1517 2946 implacabilis
1529 2877 1552 2911 ⁸³
1566 2876 1601 2931 ed
1608 2875 1750 2932 antistites

97 2967 279 3041 deivangelio
301 2974 441 3044 martyres
459 2972 542 3027 finni.
564 2973 663 3042 Nemo,
684 2973 787 3028 iratres
806 2973 889 3029 dilec-
939 2975 968 3026 et
987 2970 1145 3024 sacerdotes
1163 2969 1221 3038 Dei,
1237 2973 1326 3039 'potas
1349 2969 1422 3024 circe
1447 2973 1475 3024 tc
1496 2969 1748 3041 Dominumposse

96 3061 179 3118 tissimi
191 3065 255 3136 (it),
270 3080 357 3120 nemo
370 3065 488 3120 infamet
498 3068 656 3138 martyrum
666 3066 841 3138 dignitatem
852 3068 887 3136 ⁸²,
898 3088 926 3163 C
938 3064 1043 3137 placeri
1054 3064 1067 3120 i

19 3147 20 3242 J
97 3171 166 3210 remo
185 3173 283 3213 eorum
312 3158 415 3229 glorias
436 3159 564 3240 destruat
586 3163 614 3214 et
638 3175 766 3215 corones.
796 3161 889 3216 Manet
973 3158 1061 3213 lilllll.
1084 3155 1185 3229 Accipe
1205 3155 1343 3226 potioset
1364 3155 1568 3228 admittoque
1589 3156 1745 3228 loquimur.

19 3243 20 3292 l
97 3247 246 3322 incorruptae
259 3251 327 3307 fidei
336 3251 424 3308 robur
433 3251 575 3308 incolume
585 3270 594 3321 ;
608 3269 662 3308 nec
675 3252 769 3308 dicere
779 3253 887 3325 aliquid
937 3253 1008 3316 Quid
1028 3250 1120 3306 surdoe
1136 3265 1218 3304 eures
1236 3249 1370 3304 salutarie
1387 3255 1532 3320 praecepta
1550 3265 1607 3304 nou
1627 3249 1750 3304 audiunt

97 3344 229 3400 collacare
242 3347 344 3401 conire
356 3345 498 3400 Christum
516 3350 618 3416 potest,
637 3345 717 3415 cujus
738 3349 844 3417 etspes
860 3349 888 3401 et
939 3361 1001 3417 quea
1028 3343 1198 3400 monemus?
1219 3341 1288 3414 qnid
1313 3343 1378 3397 oaeoi
1399 3343 1473 3397 oculi
1496 3342 1671 3414 paenitentiae
1694 3342 1749 3397 iter

97 3435 187 3492 tideset
206 3440 295 3494 sirius
316 3440 345 3493 et
358 3437 446 3509 gloria
461 3439 553 3493 omnis
568 3439 596 3493 in
612 3439 724 3494 Christo
739 3445 792 3494 est.
804 3441 839 3494 Ut
852 3440 887 3494 ab
937 3455 993 3494 non
1016 3437 1113 3493 vident
1132 3437 1207 3509 quod
1232 3436 1433 3492 ostendimus?
1455 3436 1524 3508 quid
1541 3435 1704 3508 perculse⁸³
1720 3443 1749 3494 et

98 3529 213 3602 episcopis
231 3537 332 3587 conire
355 3531 524 3588 mandatum
539 3533 588 3588 Dei
609 3531 668 3602 fiat,
682 3537 811 3588 auctores
826 3549 887 3588 esse
938 3533 1060 3587 alienata
1072 3547 1151 3586 mens
1165 3529 1293 3585 remedia
1307 3529 1403 3583 vitalia
1416 3545 1474 3583 non
1492 3530 1612 3603 percipit
1635 3547 1698 3602 qum
1712 3529 1748 3587 de

19 3653 20 3668 2
97 3631 260 3694 nonpossnni
270 3625 321 3696 qui
332 3625 385 3696 ipsi
397 3626 446 3681 Dei
457 3625 592 3680 mandata
608 3626 744 3680 iecerunt.
760 3628 803 3680 An
814 3626 887 3698 quis·
938 3623 1088 3695 Scripturie
1104 3623 1262 3678 celestibus
1277 3627 1306 3678 et
1318 3621 1453 3677 discimus
1474 3628 1503 3677 ei
1519 3623 1674 3678 docemus?
1694 3628 1749 3679 ilut

19 3755 20 3760 κ
99 3715 888 3791 qoammejorDeoeutdivinabonitate'clementior,qui
938 3717 959 3771 si
976 3716 1129 3772 incredulis
1142 3714 1313 3788 quibusdam
1325 3715 1422 3770 minor
1435 3714 1506 3770 tides
1519 3719 1560 3770 esi
1574 3715 1746 3784 lutiirorum,

98 3814 135 3862 aot
151 3810 281 3867 iniectum
294 3811 362 3867 velit
380 3812 455 3883 quod
471 3828 569 3884 passus
591 3817 634 3866 est
654 3813 728 3866 Deus
742 3811 816 3881 fieri,
838 3817 887 3867 aut
937 3812 981 3866 vel
995 3809 1184 3882 presentibus
1207 3811 1375 3864 terreantur.
1393 3809 1463 3863 Eece
1476 3823 1576 3864 eorum
1596 3811 1646 3881 qni
1657 3825 1747 3881 nega-

98 3902 202 3970 qoasiilli
211 3905 306 3960 minus
315 3906 462 3976 potestatis
472 3905 508 3960 ed
519 3904 724 3976 protegendam
735 3906 887 3960 Ecclesiam
937 3906 1109 3973 veruntque
1120 3900 1464 3974 supplicioconspicimus‚
1473 3902 1750 3972 quoseornmtristes

99 4007 161 4050 suam
172 3996 264 4067 inerit,
281 3997 387 4052 auxilio
400 4012 453 4052 nos
465 4014 516 4052 suo
528 4001 609 4069 putet
623 4013 705 4070 posse
721 3999 852 4054 serrari?
938 3996 1031 4051 exitus
1044 3995 1145 4050 Densus
1155 3993 1233 4066 (atti
1247 3995 1301 4048 Nec
1315 3993 1362 4047 hic
1371 4009 1432 4048 esse
1446 3993 1506 4048 sine
1520 4009 1605 4066 poene
1618 4001 1747 4065 possunt,

125 4089 177 4143 lllll.
197 4091 252 4146 Nisi
272 4091 296 4146 si
310 4092 370 4146 haec
389 4091 491 4162 ignaro
512 4092 568 4147 Deo
584 4094 662 4163 gesta
675 4097 751 4161 sunt,
767 4098 886 4149 autnon
938 4089 1067 4162 quemvis
1078 4087 1200 4143 necdum
1212 4087 1271 4142 dies
1282 4087 1493 4157 veneritpoenae
1504 4086 1569 4157 (75).
1580 4088 1748 4142 Plectuniur

98 4183 361 4248 permitterentne
380 4185 478 4241 omnia
500 4185 554 4239 ista
576 4187 726 4254 venerunt,
750 4201 817 4240 eum
837 4186 888 4241 do·
937 4182 1091 4238 interim⁸⁹
1113 4181 1243 4252 quidem,
1268 4196 1325 4252 quo
1354 4179 1449 4234 ceteri
1473 4179 1653 4252 corrigantur
1680 4181 1747 4253 (76).

98 4276 288 4333 oeeiindociles
311 4283 339 4332 et
357 4277 511 4332 admoneat
535 4277 718 4332 immemores
741 4278 887 4350 Scriptura
938 4275 1076 4348 Exempla
1089 4275 1295 4330 suutomuium
1315 4278 1457 4328 tormenta
1471 4291 1640 4345 pancorum.

100 4364 187 4435 lirina,
198 4386 258 4441 quae
275 4371 404 4442 loquitur
414 4371 511 4426 dicens
526 4391 532 4426 :
545 4373 610 4438 Quis
623 4371 698 4426 dedit
712 4375 742 4427 iu
755 4373 885 4443 direptio·
973 4369 1060 4426 xxiv.
1081 4371 1156 4423 Unus
1178 4384 1212 4423 ex
1233 4368 1277 4422 his
1297 4367 1346 4438 qui
1360 4370 1460 4438 sponte
1474 4368 1646 4439 Capitolium
1662 4385 1748 4440 nega·

101 4474 145 4512 aaa
155 4465 227 4518 iacob
240 4473 265 4520 et
281 4466 367 4520 israel
377 4467 411 4520 iis
426 4467 476 4534 qui
486 4465 685 4535 precabantur
698 4466 798 4521 iliam?
811 4469 884 4522 lioa-
896 4450 925 4520 D
938 4467 1018 4518 turus
1033 4462 1169 4528 escendit,
1184 4465 1336 4532 postquem
1355 4460 1500 4517 Christum
1514 4461 1630 4532 negavit
1648 4462 1749 4518 obmu-

100 4565 124 4606 u
140 4557 208 4626 Deus,
223 4561 268 4612 rui
287 4559 491 4629 peroraverant?
509 4560 543 4614 iit
558 4559 703 4614 uoluerunt
724 4561 754 4614 ia
765 4561 817 4615 otis
830 4559 885 4629 uus
935 4557 1000 4613 init.
1023 4559 1108 4612 Poene
1128 4555 1193 4610 inde
1215 4553 1300 4626 coepit
1322 4552 1397 4608 unde
1415 4551 1500 4624 coepit
1523 4556 1552 4608 et
1568 4553 1696 4623 crimen;
1718 4559 1749 4610 ut

760 4709 862 4774 iauae
888 4711 1057 4774 lectiones.

122 4841 233 4900 ''ADeo
251 4852 316 4900 Voss.
331 4851 355 4902 2.
387 4849 451 4901 ’⁸111
467 4852 679 4917 precesjudicio
696 4855 817 4916 potentis
839 4857 905 4905 Voss.
920 4856 942 4905 i.
976 4853 1110 4905 ⁷⁹Coram
1130 4848 1289 4902 hominibus
1305 4849 1368 4901 Ded.
1387 4849 1410 4898 i.
1443 4845 1465 4882 ⁸⁰
1485 4846 1669 4900 Confitentem
1691 4863 1747 4900 non

100 4911 175 4968 lidi.
187 4922 237 4972 tiu.
269 4921 290 4956 ⁸¹
302 4923 331 4973 Si
349 4922 530 4988 Evangelium
542 4925 612 4974 solvi
624 4927 722 4988 potest,
739 4928 785 4975 eui
799 4925 823 4975 si
833 4937 888 4975 non
901 4929 990 4989 potest
1002 4925 1070 4974 solvi
1086 4927 1182 4975 contre
1194 4923 1249 4970 tin.
1265 4922 1332 4970 iam
1345 4919 1399 4970 ΝΟ.
1416 4921 1438 4980 l,
1452 4919 1477 4968 D.
1492 4919 1561 4968 Pem.
1581 4917 1657 4968 libor.
1679 4919 1746 4967 Voss.

102 4985 179 5038 litori.
198 4992 254 5052 ti,
271 4993 295 5055 3,
310 4995 333 5044 i.
367 4993 388 5028 ⁸¹
402 4995 490 5045 Nemo
504 4995 577 5046 liano
589 4996 705 5060 gloriam
719 4996 829 5047 mutilet
854 4996 915 5045 Dod.
931 4995 953 5046 3.
989 4994 1009 5028 ⁸³
1023 4997 1079 5044 Aut
1091 4993 1277 5056 permittente.
1289 4991 1344 5040 liu.
1378 4987 1747 5051 “Aetnaeostriiiodbi

101 5055 118 5101 i.
143 5057 489 5125 iunctisiunctis.
509 5065 614 5114 Versu,
647 5065 669 5100 ⁸⁵
683 5067 785 5116 Nititur
800 5070 827 5120 ei
841 5067 903 5116 Ded.
923 5065 982 5129 ti,
996 5065 1019 5115 3.
1053 5063 1074 5097 ⁸⁷
1090 5063 1275 5126 implacabilis
1293 5061 1418 5113 irasceris
1436 5060 1514 5109 Daca.
1528 5059 1572 5110 Ad
1590 5060 1748 5112 secerdotes

100 5123 375 5195 Deiireecerieetiiu.
393 5135 460 5184 Voss.
493 5133 666 5186 ”Praeolnse
684 5137 750 5187 iem.
770 5136 979 5189 Veretum.
995 5133 1055 5186 Bod.
1072 5135 1096 5185 i.
1128 5133 1194 5184 ⁸’lu
1210 5131 1389 5184 tamarim.

718 5278 830 5362 Steph.
854 5279 977 5344 Beluaii
998 5283 1095 5342 notae.

125 5405 164 5468 ΠΒ)
184 5409 353 5464 Dilectissimi.
374 5413 441 5464 'ires
465 5413 527 5464 iibri
552 5417 681 5466 veteres:
706 5417 796 5479 Nemo,
821 5416 883 5480 {ra-
964 5416 1016 5478 (75)
1040 5417 1099 5466 Dies
1122 5413 1222 5465 oeamii
1241 5425 1332 5478 poeua.
1355 5410 1450 5463 Codex
1471 5410 1678 5477 Seguierlanus,
1696 5413 1746 5476 iu-

105 5475 142 5550 ius
158 5476 317 5547 dilectissimi,
344 5497 417 5534 uuna
439 5483 508 5534 hauc
535 5482 649 5549 pluriam
676 5485 777 5536 mutilet
800 5497 884 5551 aeque
932 5485 1186 5538 dieiidicsveaerit.

105 5545 197 5604 liliati.
964 5559 1012 5619 (aa)
1038 5557 1224 5620 Corriguntur.
1248 5553 1294 5606 Sic
1313 5555 1446 5605 Erasmus
1470 5557 1498 5605 et
1519 5553 1565 5604 alii
1591 5557 1653 5616 post
1670 5565 1744 5604 eum.

129 5617 165 5676 iiii
188 5619 290 5674 iherus.
315 5623 411 5676 Codex
438 5625 634 5690 Burgundicus
662 5626 737 5678 addit
765 5633 789 5678 et
813 5627 884 5678 dole·
934 5629 1004 5692 Quae
1022 5627 1105 5679 lectio
1123 5638 1189 5676 sane
1208 5625 1280 5676 bone
1301 5629 1350 5676 eet.
1374 5624 1408 5675 Et
1425 5623 1663 5688 tamenentiquse
1683 5621 1744 5671 edi-

107 5697 153 5734 Μ.
163 5689 203 5741 Sic
215 5693 294 5745 etiem
306 5695 335 5746 in
347 5696 481 5748 Vaticano
495 5699 630 5762 scriptum
648 5711 709 5750 esse
723 5700 818 5752 inveni
831 5699 882 5750 ed-
933 5699 1023 5750 tiones
1036 5701 1062 5748 et
1072 5697 1204 5748 tredecim
1216 5696 1279 5747 libri
1291 5697 1378 5748 nostri
1391 5697 1515 5762 itemque
1530 5699 1584 5748 tres
1597 5693 1744 5758 Angiioeni

107 5759 376 5820 notetumineditione
390 5768 551 5836 inguenne.
933 5767 1254 5836 praeieruntdiripautar.
