3978 6204
248 274 296 326 dli
702 267 730 321 S.
749 263 907 322 CYPthNi
926 261 1063 320 ornanti
1083 259 1170 316 Pius
1187 259 1221 314 ii.
1236 285 1271 298 -·
1288 255 1474 315 ovuscuii.
1861 265 1906 318 iii

162 392 165 398 ’
248 400 290 450 est
303 397 333 449 et
344 393 486 448 cavendas
500 391 634 446 inimicus
646 405 712 444 curn
722 388 845 444 latenter
852 386 974 457 obrepit,
985 401 1062 452 ciam,
1074 381 1286 468 Aambulando
1309 379 1443 451 proficiet
1462 378 1498 434 ad
1512 379 1644 446 salutem,
1659 379 1708 452 qui
1724 381 1850 438 salunris
1861 385 1906 440 via

249 504 301 560 par
326 487 403 559 pacis
431 485 587 556 imaginem
614 484 732 551 inlisas,
756 481 871 537 occultis
904 479 1064 535 accessibus
1113 479 1442 536 nontaneiveritatsrn.

249 579 352 650 serpit;
379 579 454 634 unde
479 580 509 632 et
528 593 633 633 nomen
662 575 800 646 serpentis
821 574 937 644 aceepit.
958 574 997 628 Ea
1021 576 1065 628 est
1150 574 1195 628 tit.
1221 571 1352 628 Cavenda
1374 576 1560 642 sumentem,
1585 571 1687 628 iratres
1700 569 1868 628 dilectissimi
1878 577 1906 643 ¹³,

248 672 309 742 ejus
324 687 437 744 semper
456 671 570 738 astutia,
595 668 690 743 496
716 685 751 724 ea
765 673 806 723 est
819 665 1064 723 circumveniendi
1113 682 1171 723 non
1198 667 1290 723 solum
1316 681 1380 737 quae
1402 667 1468 721 sunt
1492 669 1590 736 aperta
1622 669 1705 736 atque
1728 665 1907 738 manilesta¹‘,

247 765 373 822 hominis
387 765 424 836 (6)
439 779 512 820 caeca
524 769 552 820 et
567 762 754 834 latebrosam)
767 761 886 818 fallacia.
899 758 1063 816 Siabinitio
1113 761 1163 816 sed
1195 765 1224 816 et
1245 764 1345 816 astutae
1380 759 1488 814 fraudis
1514 758 1667 814 subtilitate
1693 757 1824 814 fallentia.
1847 761 1908 824 Ouid

247 857 343 914 statim
357 857 459 912 mundi
480 856 593 924 fefellit,
615 860 655 923 st,
679 855 771 911 verbis
783 853 971 909 mendacibus
985 853 1063 908 blan·
1113 870 1180 911 vero
1202 854 1332 921 astutius,
1356 852 1460 926 quidve
1484 851 1626 922 subtilius,
1652 867 1738 924 quarn
1763 855 1793 908 ut
1818 852 1907 910 Christi

249 951 339 1017 diens,
361 950 448 1006 rudes
473 950 583 1006 animas
604 951 718 1005 incauta
742 946 909 1003 credulitate
933 945 1061 1017 decepit,
1112 949 1235 1004 adventu
1248 948 1419 1003 detectusac
1435 950 1590 1018 prostratus
1609 947 1750 1014 inimicus,
1771 951 1909 1017 postquam

248 1045 400 1100 Dominum
424 1045 518 1115 ipsum
541 1046 652 1098 tentare
677 1047 802 1109 conatus,
817 1040 897 1112 quasi
911 1040 1064 1112 obreperet
1113 1043 1160 1098 lur
1175 1041 1307 1114 gentihus
1329 1041 1407 1095 venit
1428 1043 1457 1094 et
1480 1039 1650 1112 sospitandis
1670 1037 1826 1096 hominibus
1846 1040 1909 1096 salu·

248 1153 348 1193 rursus
374 1139 404 1192 et
434 1137 562 1204 falleret,
592 1138 714 1191 latenter
746 1133 873 1189 accessit.
900 1133 1063 1189 intellectus
1113 1119 1283 1192 iarelumen
1301 1133 1415 1200 sliulsit,
1441 1133 1563 1189 utsurdi
1585 1133 1715 1189 auditum
1733 1133 1909 1204 gratiaspiri·

249 1235 345 1285 tamen
371 1234 414 1286 est
437 1236 465 1286 et
485 1231 636 1292 retusus⁴3
664 1230 694 1283 et
716 1229 777 1284 idea
801 1229 968 1300 prostratus,
997 1227 1063 1298 quia
1112 1229 1175 1284 talis
1193 1229 1387 1295 admitterent,
1411 1229 1556 1300 aperirent
1576 1226 1612 1281 ad
1634 1227 1726 1282 Deum
1749 1226 1840 1281 oculos
1854 1243 1909 1281 suos

249 1325 363 1394 agnitus
378 1329 465 1395 atque
478 1323 617 1378 detectus.
1113 1323 1189 1390 caeci,
1204 1322 1310 1377 infirmi
1319 1326 1427 1376 aeterna
1436 1321 1555 1378 sanitate
1567 1321 1588 1356 ¹⁵
1602 1321 1816 1387 revalescerent,
1828 1320 1909 1374 claudi

285 1419 318 1472 tl.
343 1418 420 1472 Unde
442 1416 522 1471 nobis
545 1416 708 1487 exemplum
724 1415 827 1471 datum
841 1419 884 1469 est
897 1415 999 1470 veteris
1012 1415 1062 1469 bo-
1112 1415 1148 1472 ad
1176 1415 1328 1471 Ecclesiam
1356 1419 1524 1483 currerent,
1551 1413 1623 1469 muti
1645 1412 1729 1468 claris
1758 1412 1866 1468 vocibus
1885 1419 1909 1470 et

249 1509 336 1565 minis
345 1509 425 1565 viani·
439 1510 549 1581 lugere,
563 1509 689 1579 vestigiis
711 1508 815 1566 Christi
837 1508 978 1564 viventis⁵
996 1508 1063 1562 insi·
1112 1509 1243 1581 precibus
1261 1513 1386 1576 orarent,
1400 1507 1500 1562 videns
1523 1507 1569 1562 ilie
1591 1507 1669 1563 idola
1681 1506 1814 1562 derelicta
1828 1512 1854 1562 et
1865 1523 1908 1579 per

249 1609 322 1658 stere
337 1620 346 1672 ;
360 1618 396 1658 ne
410 1603 504 1658 denuo
518 1602 626 1656 incauti
637 1602 665 1657 in
679 1602 778 1658 mortis
792 1603 929 1673 laqueum
939 1602 1063 1656 revolva—
1114 1601 1236 1659 nimium
1249 1601 1425 1658 credentium
1440 1601 1576 1673 populum
1598 1601 1682 1656 sedes
1696 1615 1762 1656 suaa
1775 1617 1805 1655 ao
1817 1601 1909 1672 templa

249 1711 324 1763 mur,
335 1695 396 1761 sed,
408 1695 444 1750 ad
457 1694 616 1766 periculum
630 1694 769 1766 providit,
789 1699 903 1766 accepta
917 1695 1062 1749 immorta-
1114 1695 1234 1763 deserta,
1258 1695 1460 1767 excogitaverit
1473 1711 1575 1750 novam
1592 1692 1735 1764 fraudem,
1752 1694 1838 1748 utsub
1856 1695 1908 1765 ipso

247 1788 325 1844 litate
350 1789 498 1860 potiamur.
527 1787 742 1844 immortalitate
766 1791 862 1843 autern
885 1787 970 1859 potiri
995 1755 1266 1860 quo-BChristiani
1288 1789 1412 1843 nominis
1433 1787 1516 1842 tituto
1538 1786 1619 1842 fallat
1638 1786 1788 1842 incautos?
1802 1788 1909 1842 [larescs

249 1881 333 1936 inodo
355 1898 515 1954 possumus,
540 1881 759 1954 nisieaquibus
781 1897 857 1936 mors
885 1887 1064 1953 expugnatur
1113 1883 1223 1937 invenit
1253 1883 1282 1936 et
1307 1881 1479 1948 schismata,
1504 1879 1607 1951 quihus
1631 1879 1807 1935 subverteret
1825 1880 1909 1948 iidem,

250 1980 278 2030 et
296 1975 429 2043 vincitur,
453 1975 556 2032 Christi
579 1975 713 2030 mandata
740 1989 896 2042 servemus,
922 1975 983 2046 ipso
1006 1991 1064 2030 mc
1114 1975 1262 2030 veritatem
1284 1977 1491 2046 corrumperet,
1505 1973 1651 2028 scinderet
1676 1974 1823 2028 unitatem.
1843 1974 1907 2037 Quos

250 2072 337 2123 neate
360 2073 389 2124 st
415 2069 527 2125 dicente
549 2085 556 2123 :
580 2069 611 2124 Si
633 2071 675 2124 vis
696 2069 838 2123 advitam
862 2071 960 2130 uenire,
986 2084 1064 2124 sarua
1114 2069 1240 2124 detinere
1256 2084 1313 2124 non
1327 2071 1418 2139 potest
1435 2067 1465 2123 in
1478 2067 1530 2122 viae
1546 2068 1653 2124 veteris
1668 2066 1770 2141 498
1784 2069 1910 2135 cecitate,

249 2161 384 2216 mandata
406 2163 524 2228 (Datin,
546 2177 602 2230 xix,
626 2161 680 2230 it).
706 2162 740 2216 Et
762 2161 867 2216 iterum
882 2178 889 2216 ι
905 2163 936 2218 Si
946 2163 1064 2228 feceritis
1114 2161 1321 2217 circumscribit
1339 2165 1368 2216 et
1383 2161 1490 2232 decipit
1503 2160 1568 2216 novi
1593 2161 1705 2216 itineris
1718 2177 1821 2216 errore.
1840 2161 1911 2232 Rapit

250 2255 328 2326 quei
347 2255 448 2310 inundo
467 2256 551 2322 uota,
564 2256 624 2325 jum
643 2271 697 2310 non
724 2255 783 2310 dico
799 2254 837 2326 (8)
849 2270 895 2310 uos
907 2270 1004 2321 anuos,
1018 2256 1064 2311 sed
1115 2255 1149 2310 de
1170 2257 1231 2326 ipsa
1253 2254 1373 2310 Ecclesia
1386 2255 1536 2324 homines3
1551 2257 1590 2324 et,
1612 2254 1684 2310 dum
1704 2254 1756 2310 sibi
1775 2255 1910 2326 appropio·

250 2351 349 2405 amisos
366 2351 466 2418 (teon,
490 2365 533 2415 rv,
551 2350 594 2417 it,
620 2351 673 2414 15).
689 2349 746 2403 ilos
758 2347 880 2419 denique
895 2348 984 2403 fortes
996 2349 1065 2404 dicit
1114 2364 1217 2420 quassa
1236 2349 1299 2419 Jam
1320 2347 1422 2402 lumini
1443 2353 1528 2420 atque
1551 2347 1676 2404 evasisse
1699 2347 1793 2403 saeculi
1811 2353 1909 2401 noctcnr

250 2446 278 2498 et
294 2442 418 2508 stabiles,
441 2442 595 2512 hossuper
617 2444 729 2513 petram
755 2441 871 2496 robusta
890 2441 1064 2497 molellun·
1115 2443 1264 2512 videntur‚
1299 2441 1369 2496 alias
1391 2441 1582 2497 nescientibus
1610 2441 1746 2498 tenebras
1766 2457 1855 2496 rursus
1875 2441 1910 2495 io·

252 2535 340 2604 datos,
359 2536 411 2590 hos
432 2541 532 2590 contra
555 2550 657 2590 omnes
669 2535 876 2606 tempestatss⁹
895 2539 926 2590 at
937 2535 1064 2591 turbines
1113 2537 1216 2604 tundit,
1241 2540 1273 2591 ut
1291 2551 1355 2590 curn
1380 2535 1532 2607 Evangelio
1554 2535 1658 2593 Christi
1673 2539 1703 2590 et
1717 2552 1780 2590 curn
1797 2535 1909 2591 observa-

250 2629 345 2683 saeculi
368 2628 510 2683 immobili
536 2631 565 2682 et
588 2628 756 2683 inconcussa
769 2627 902 2683 firmitate
916 2627 1061 2684 solidatos.
1113 2631 1190 2686 tione
1202 2631 1263 2702 ejas
1274 2630 1373 2701 etlege
1384 2644 1440 2684 non
1454 2631 1573 2697 stantes,
1586 2629 1767 2686 Christianos
1776 2635 1909 2694 sevocsnt,

249 2723 302 2791 Qui
327 2723 415 2789 audit,
433 2722 537 2794 inquit,
560 2723 642 2777 aerbo
664 2737 721 2776 meo
743 2723 858 2788 etfacit
882 2723 1063 2784 castancto
1114 2729 1142 2780 et
1155 2723 1333 2778 ambulantes
1347 2723 1377 2778 in
1401 2721 1528 2778 tenebris
1544 2721 1650 2777 trabere
1675 2741 1705 2779 se
1721 2721 1815 2777 lumen
1829 2723 1909 2778 eristi-

249 2831 309 2872 eum
332 2817 390 2870 niro
405 2818 524 2886 sapienti
537 2818 584 2886 qui
606 2815 750 2884 aedificavit
766 2815 874 2869 domum
886 2831 964 2870 suom
978 2831 1063 2886 snpra
1114 2821 1204 2882 ment,
1219 2816 1382 2872 blandiente
1395 2817 1558 2870 adversario
1571 2821 1658 2889 atque
1672 2818 1799 2885 fallente,
1813 2817 1865 2888 qui,
1875 2833 1910 2870 se-

248 2916 364 2980 petram.
385 2910 527 2964 Descendit
545 2909 651 2979 pitacio,
673 2915 805 2963 acuerunt
817 2909 840 2944 ¹⁰
865 2911 988 2976 flumina,
1011 2912 1061 2977 flo-
1113 2909 1240 2965 cundum
1250 2909 1376 2980 Apostoli
1388 2925 1497 2976 vocem,
1513 2909 1701 2981 transfigurat
1712 2927 1741 2966 se
1756 2912 1828 2965 velut
1837 2925 1909 2980 ange-

247 3009 345 3058 aarum
361 3005 436 3058 venti
452 3007 478 3057 et
491 3004 663 3073 impegerant
686 3004 716 3056 in
739 3002 845 3057 domam
866 3003 953 3070 ittam,
972 3010 998 3058 st
1010 3019 1063 3058 non
1113 3004 1173 3058 tum
1188 3003 1259 3059 lucis
1271 3004 1303 3076 (ii
1316 3006 1388 3064 Cor..
1402 3019 1439 3070 rr,
1452 3003 1506 3073 ti),
1521 3007 1550 3058 et
1560 3003 1704 3060 ministros
1717 3021 1781 3059 suos
1791 3003 1909 3061 subornat

248 3097 359 3163 cecidit;
393 3097 514 3164 fundato
550 3099 619 3151 enim
649 3096 706 3162 suit
721 3097 740 3130 ¹¹
781 3110 863 3166 super
892 3102 999 3165 petroni
1027 3097 1191 3186 (metatui
1207 3095 1351 3150 ministros
1361 3095 1487 3167 justitiae,
1505 3101 1664 3153 asserentes
1680 3102 1791 3153 noctem
1804 3113 1850 3167 pro
1862 3095 1907 3156 dic,

251 3189 370 3260 (Moira,
396 3205 442 3256 vn,
456 3191 502 3252 ii,
525 3189 582 3258 25).
606 3188 703 3243 Verbis
725 3188 815 3259 igitur
839 3189 900 3259 ejus
921 3189 1062 3257 insistere,
1113 3188 1262 3244 interitum
1285 3203 1335 3258 pro
1359 3189 1460 3256 salute,
1488 3189 1718 3260 desperationem
1740 3189 1790 3244 sub
1808 3189 1908 3242 obtentu

250 3297 430 3354 qusecunque
445 3285 471 3336 et
494 3281 590 3336 docuit
603 3287 632 3336 et
652 3281 719 3336 iecit
743 3282 851 3338 discere
864 3287 892 3336 et
910 3282 1003 3337 iacere
1016 3283 1063 3338 da·
1113 3282 1184 3353 spei,
1211 3281 1362 3352 perfidiam
1385 3281 1436 3336 sub
1452 3287 1593 3352 praetextu
1617 3281 1696 3349 fidei,
1722 3281 1908 3337 Antichristunr

248 3375 357 3430 bernus.
377 3376 518 3432 Caeterum
542 3375 659 3430 credere
685 3391 713 3430 se
735 3375 764 3429 in
785 3374 928 3430 Christum
945 3377 967 3410 ¹²
993 3391 1063 3448 qno·
1112 3375 1163 3430 sub
1177 3374 1312 3430 vocabulo
1325 3375 1449 3444 Christi;
1467 3379 1510 3442 at,
1524 3375 1592 3430 darn
1602 3375 1769 3431 verisimilia
1785 3373 1907 3430 mentiun-

250 3468 334 3522 rnodo
348 3466 426 3536 dicit,
441 3468 490 3538 qni
502 3483 560 3522 non
573 3469 639 3523 iacit
658 3467 736 3540 quod
749 3467 877 3524 Christus
887 3469 980 3524 iacere
994 3485 1062 3540 pre·
1111 3473 1168 3534 tur,
1190 3468 1339 3523 veritatem
1362 3465 1516 3523 subtilitate
1540 3468 1726 3525 frustrentur.
1748 3471 1803 3525 tloc
1826 3483 1855 3522 eo
1873 3465 1907 3530 iii,

250 3560 343 3632 cepit?
353 3563 409 3615 itui
418 3559 495 3616 unde
510 3561 656 3633 parveniat
666 3559 760 3634 497
774 3561 809 3616 ad
823 3561 973 3633 praemium
985 3561 1062 3632 fidei,
1112 3561 1216 3616 iratres
1229 3559 1416 3628 dilectissimi,
1432 3561 1501 3616 dum
1515 3560 1551 3616 ad
1571 3562 1700 3618 veritatis
1713 3561 1848 3634 originem
1862 3560 1907 3630 (tol

249 3653 406 3726 quiddam
428 3671 488 3710 non
511 3654 572 3710 vnit
593 3669 706 3710 servare
731 3655 884 3710 mandati?
905 3656 989 3710 Nutet
1015 3672 1063 3712 ne·
1112 3671 1170 3709 non
1193 3653 1311 3722 reditur,
1334 3669 1386 3710 nec
1407 3660 1493 3725 caput
1516 3654 1664 3726 quaeritur,
1691 3671 1743 3711 nec
1762 3652 1879 3726 magistri
1890 3653 1907 3686 ¹⁶

251 3763 328 3805 cesse
352 3757 393 3805 est
415 3753 444 3805 st
460 3753 590 3820 vagetur,
614 3752 652 3816 et,
675 3747 776 3820 spiritu
797 3748 902 3803 erroris
916 3748 1061 3821 abreptus,
1112 3747 1233 3803 coetssiis
1247 3747 1377 3802 doctrina
1391 3751 1528 3802 servatur.

249 3843 326 3900 velut
348 3842 439 3915 pulvis
463 3857 550 3915 quem
574 3845 675 3898 ventus
697 3841 805 3898 excutit
823 3841 993 3909 ventiletur;
1010 3858 1062 3898 nec
1147 3841 1191 3896 ill.
1205 3841 1274 3906 uuae
1296 3840 1396 3913 siquis
1412 3840 1572 3897 consideret
1590 3843 1790 3912 stoxaminel,
1803 3843 1907 3896 tractatu

933 3991 1038 4057 Varias
1068 3992 1238 4057 lectiones.

280 4145 436 4198 ⁴Rstruaus
447 4143 584 4196 bamili).
601 4144 659 4205 i,i.
675 4143 753 4194 Dior.
773 4144 868 4194 Vati.
902 4142 1141 4194 ⁵Vincentisalii.
1162 4141 1249 4192 Datus.
1267 4144 1414 4194 mariscus.
1446 4142 1583 4194 tvroviii
1600 4145 1628 4194 et
1645 4143 1722 4195 cauti
1739 4142 1812 4192 litor.
1827 4141 1873 4192 ΝΟ.
1888 4142 1905 4189 t.

249 4215 313 4267 Dcd.
331 4213 355 4264 Ξ.
371 4215 430 4264 Dea.
465 4212 825 4279 ⁷Siieceriiisquodiihor.
843 4213 911 4265 Voss.
926 4214 948 4262 i.
966 4213 1033 4262 Pam.
1049 4213 1120 4262 Lan
1135 4213 1226 4263 Nat.
1254 4212 1310 4264 Ver.
1329 4214 1410 4277 Neop.
1435 4214 1497 4264 riu.
1517 4215 1588 4266 Fosi.
1619 4212 1768 4266 tnouusn
1788 4217 1813 4264 et
1833 4209 1908 4261 solida

253 4287 321 4336 Voss.
335 4286 360 4346 i,
375 4284 397 4336 3.
431 4284 442 4314 ⁹
456 4283 604 4336 Modestiae
618 4295 714 4335 omnes
729 4284 801 4348 spir.
834 4283 853 4316 ¹⁰
868 4282 1047 4334 advenerunt
1057 4285 1127 4334 Lam.
1143 4283 1220 4334 Dior.
1237 4285 1306 4336 Pem.
1318 4286 1365 4336 Ar.
1385 4286 1441 4336 Ver.
1453 4286 1508 4336 iiii.
1530 4285 1597 4334 Voss.
1615 4285 1639 4336 3.
1659 4285 1695 4336 Et
1712 4283 1842 4335 venerunt
1856 4279 1905 4328 iis.

249 4357 318 4406 Fon.
354 4357 372 4388 ¹¹
384 4356 451 4406 Erat
464 4356 533 4404 Lam
548 4356 615 4406 Pam.
631 4353 708 4405 litor.
723 4353 776 4403 NG.
791 4356 813 4404 i.
848 4355 868 4387 ¹¹
884 4352 1168 4406 CredsrssaChristo
1187 4355 1238 4406 Tira
1267 4357 1332 4404 Voss.
1348 4355 1372 4406 3.
1408 4356 1427 4388 ¹³
1442 4355 1499 4404 linc
1509 4353 1561 4402 duo
1574 4353 1649 4404 verta
1663 4355 1792 4404 decaniis
1807 4345 1906 4402 iacoia

249 4425 352 4488 inpiis.
386 4427 407 4460 ¹⁴
419 4426 519 4491 Aperte
530 4424 675 4477 manileata
695 4424 763 4474 Voss.
779 4423 802 4475 3.
816 4425 884 4488 Spin.
920 4423 1132 4478 “salutatam
1147 4425 1224 4476 iiior.
1240 4427 1305 4487 NG„
1320 4427 1343 4476 i.
1380 4425 1560 4490 '‘Magistsrli
1575 4423 1803 4476 temnentis.
1820 4416 1904 4472 (Βοό-

248 4495 272 4547 2.
291 4497 347 4548 Ver.

911 4583 1025 4667 Staph.
1044 4585 1167 4651 balani
1181 4591 1278 4650 nota.

283 4733 317 4796 (a)
345 4729 569 4782 Circumvenicnci
589 4729 710 4781 bominis.
732 4730 763 4778 in
781 4742 838 4780 uuo
861 4729 946 4780 veteri
970 4728 1066 4781 codice
1075 4735 1246 4818 Dsancium
1260 4731 1449 4797 angustinum
1468 4743 1549 4781 serm.
1570 4729 1610 4789 io,
1625 4728 1660 4780 de
1681 4727 1780 4779 Verbis
1798 4725 1905 4798 itvange-¹

252 4801 415 4855 Coibertlno
448 4801 548 4864 legitur
575 4797 809 4850 circumveniendis
835 4798 992 4850 boninitas.
1019 4799 1065 4854 Sic
1116 4803 1145 4853 lit
1173 4801 1326 4854 secundum
1361 4801 1538 4860 Matihoeum;
1569 4813 1650 4850 serm.
1682 4800 1739 4860 aad,
1771 4797 1798 4847 tn
1832 4791 1905 4844 Nautr

252 4881 336 4929 stiam
351 4878 378 4928 in
394 4876 506 4927 duobus
520 4873 691 4939 anglicanis.
1114 4874 1302 4938 apostolorum
1317 4873 1389 4924 Petri
1402 4875 1429 4924 st
1445 4871 1535 4932 Pauli,
1549 4875 1576 4922 at
1592 4870 1639 4921 lib.
1655 4883 1664 4920 ι
1684 4871 1793 4921 Dclract
1810 4879 1863 4928 cap.
1879 4863 1904 4916 t;

283 4951 317 5013 (7)
335 4948 486 4999 iatetroso.
505 4946 584 4997 Unus
605 4945 693 4998 codex
713 4945 804 5008 regius
825 4949 852 4996 at
873 4957 947 4995 unus
969 4946 1064 5009 Angli·
1115 4945 1279 4995 tumeliam
1299 4943 1480 4995 Hincmarum
1508 4943 1673 4994 lismensem
1698 4941 1726 4991 in
1747 4936 1859 5004 Epistola
1876 4931 1905 4982 od

251 5037 338 5076 canus
353 5019 613 5073 habenitsnshroso.
1115 5015 1322 5077 taudunensom,
1337 5027 1396 5078 cap.
1414 5015 1438 5075 ὅ,
1452 5027 1513 5078 pag.
1529 5012 1584 5064 tui.
1710 5081 1715 5092 ι
1884 5073 1889 5083 ¹

284 5097 316 5156 (8)
344 5094 415 5144 Dico.
444 5091 583 5143 Pamelius
611 5091 721 5154 scripsit
747 5091 842 5150 dicam,
866 5103 984 5155 eamque
1006 5091 1066 5142 tac·
1147 5085 1196 5147 (iu)
1221 5085 1259 5136 dd
1286 5085 1402 5135 veritatis
1431 5084 1570 5146 oripinem.
1597 5081 1732 5143 Quamvis
1758 5079 1816 5160 hec
1832 5075 1904 5156 ¹lecito

254 5167 357 5216 tionem
386 5165 423 5214 ait
449 5175 509 5214 esse
543 5161 695 5212 meliorem.
730 5161 805 5212 idem
841 5165 932 5212 tamen
964 5175 1065 5226 supra,
1115 5157 1188 5208 bona
1205 5157 1250 5214 sit,
1274 5159 1438 5221 118011111θῦ
1460 5154 1571 5204 mallem
1593 5151 1719 5230 1111111111,Ι
1729 5153 1767 5230 uir
1789 5147 1903 5208 scriplum

251 5237 330 5301 epist.
357 5233 389 5284 63
415 5233 451 5286 od
480 5233 627 5296 cecilium,
659 5233 687 5282 ln
717 5245 772 5296 qus
804 5231 877 5284 idern
914 5233 991 5284 iocus
1024 5237 1066 5283 est
1115 5233 1158 5278 est
1183 5226 1266 5291 paulo
1289 5229 1360 5290 post.
1391 5225 1504 5274 tlnitnlis
1534 5223 1647 5287 ejusdem
1676 5231 1810 5284 oraprnenn
1835 5223 1902 5276 quam

251 5305 417 5369 descriptus,
440 5303 525 5354 edidit
550 5304 617 5355 dico.
633 5303 696 5366 Quo
717 5304 799 5354 etiarn
824 5302 906 5352 modo
932 5303 1066 5367 scriptum
1116 5297 1255 5348 Unitatsm
1275 5297 1368 5348 statim
1394 5295 1542 5346 tortisslms
1568 5297 1649 5375 urgent
1672 5295 1783 5374 ¹sanctas
1809 5285 1902 5344 ilart5r.

252 5379 296 5429 est
309 5377 337 5426 in
351 5375 482 5426 omnibus
495 5375 553 5426 lars
567 5374 645 5425 libris
664 5373 787 5438 antiquis
803 5377 830 5423 ot
851 5375 879 5422 in
896 5372 1066 5423 editionibus
1116 5367 1305 5418 'i'srtuilianns
1326 5369 1354 5417 in
1380 5367 1450 5417 libro
1475 5365 1507 5415 ds
1530 5361 1766 5428 Prascnptionrtus
1787 5357 1902 5408 adversus

253 5461 318 5514 quas
340 5447 527 5498 Pamslianam
550 5445 769 5496 antecesserunt.
793 5442 948 5494 Fatendum
972 5447 1065 5493 tamen
1116 5439 1260 5490 baerstioos
1276 5452 1282 5486 :
1298 5455 1313 5486 ιι
1327 5437 1416 5490 Omne
1435 5449 1523 5501 genus
1541 5435 1577 5487 ad
1601 5434 1735 5499 originem
1756 5439 1829 5478 suam
1849 5433 1900 5473 cen·

251 5524 294 5571 est
310 5519 435 5584 quinque
450 5517 534 5568 libros
545 5519 652 5567 veteres
669 5515 772 5565 habore
784 5513 878 5564 dicam.
1115 5513 1209 5561 ceatur
1231 5521 1346 5560 necessa
1366 5511 1416 5558 est.
1442 5525 1457 5553 o
1487 5507 1578 5557 Etiam
1603 5519 1652 5570 pro
1677 5515 1710 5554 eo
1736 5497 1807 5565 quod
1832 5491 1901 5554 111Ῑὲ1)

283 5591 316 5654 (D)
336 5591 421 5653 Super
434 5593 544 5652 petram.
569 5587 653 5636 idest
672 5599 757 5650 super
778 5585 917 5636 Christum
934 5589 962 5635 et
982 5583 1065 5636 fldem
1114 5583 1216 5648 legitur
1237 5581 1265 5632 in
1289 5581 1369 5631 initio
1391 5578 1516 5644 epistolae
1540 5577 1595 5628 ti:
1621 5593 1635 5624 ιι
1660 5573 1790 5652 Sanctitas
1809 5579 1838 5618 ac
1859 5573 1901 5638 11-Ι

253 5675 317 5728 quae
346 5660 374 5709 in
403 5671 465 5710 euru
499 5660 547 5707 est.
585 5657 773 5721 Hieronymus
806 5657 834 5707 in
865 5655 1066 5719 Explanationa
1114 5655 1180 5704 ritas
1208 5652 1309 5716 pariter
1334 5651 1471 5715 exigebat.
1500 5667 1512 5694 a
1541 5646 1637 5698 Codex
1660 5645 1803 5722 Remensrs.
1826 5635 1899 5710 saucit

253 5731 355 5785 Psalmi
371 5727 485 5782 xarvad
501 5727 687 5792 Principiam:
704 5745 718 5774 ι
735 5727 824 5792 Super
842 5731 948 5792 petram
968 5725 1065 5777 Chris·
1114 5724 1240 5788 Dionysii
1271 5721 1355 5774 habai
1384 5721 1483 5772 linitas.
1513 5717 1548 5769 iit
1573 5717 1676 5768 oincuto
1710 5714 1814 5792 salvitatis¹
1840 5705 1899 5766 108¹·

254 5809 314 5858 tum
340 5801 432 5855 stabili
459 5801 565 5855 rationo
590 5799 705 5853 tundata
732 5804 774 5852 est
801 5797 972 5852 Ecclesia.»
995 5795 1066 5850 Vide
1113 5809 1177 5849 mus
1204 5796 1233 5848 in
1257 5793 1372 5863 epistola
1401 5791 1563 5847 Dinniliani.
1589 5785 1746 5856 arnulphus
1772 5783 1898 5848 „piscopos
