<?xml version="1.0" encoding="UTF-8"?>
<!DOCTYPE html PUBLIC "-//W3C//DTD XHTML 1.0 Transitional//EN"
    "http://www.w3.org/TR/xhtml1/DTD/xhtml1-transitional.dtd">
<html xmlns="http://www.w3.org/1999/xhtml" xml:lang="en" lang="en">
 <head>
  <title>
</title>
<meta http-equiv="Content-Type" content="text/html;charset=utf-8" />
  <meta name='ocr-system' content='tesseract 3.04.00' />
  <meta name='ocr-capabilities' content='ocr_page ocr_carea ocr_par ocr_line ocrx_word'/>
</head>
<body>
  <div class='ocr_page' id='page_1' title='image "./patrologiaecurs85unkngoog/patrologiaecurs85unkngoog_0469.png"; bbox 0 0 4012 6192; ppageno 0'>
   <div class='ocr_carea' id='block_1_1' title="bbox 254 277 1904 348">
    <p class='ocr_par' dir='ltr' id='par_1_1' title="bbox 254 277 1904 348">
     <span class='ocr_line' id='line_1_1' title="bbox 254 277 1904 348; baseline 0.001 -3"><span class='ocrx_word' id='word_1_1' title='bbox 254 277 306 345; x_wconf 71' lang='lat' dir='ltr'><strong>lif</strong></span> <span class='ocrx_word' id='word_1_2' title='bbox 536 283 582 346; x_wconf 80' lang='lat' dir='ltr'><strong>ab</strong></span> <span class='ocrx_word' id='word_1_3' title='bbox 598 283 710 346; x_wconf 79' lang='lat' dir='ltr'><strong>0an</strong></span> <span class='ocrx_word' id='word_1_4' title='bbox 727 287 755 346; x_wconf 90' lang='lat' dir='ltr'><strong>S.</strong></span> <span class='ocrx_word' id='word_1_5' title='bbox 775 285 932 346; x_wconf 77' lang='lat' dir='ltr'><strong>CYPRlle</strong></span> <span class='ocrx_word' id='word_1_6' title='bbox 950 287 1097 348; x_wconf 81' lang='lat' dir='ltr'><strong>GENUfol</strong></span> <span class='ocrx_word' id='word_1_7' title='bbox 1116 285 1260 346; x_wconf 67' lang='lat' dir='ltr'><strong>menne.</strong></span> <span class='ocrx_word' id='word_1_8' title='bbox 1280 283 1314 345; x_wconf 87' lang='lat' dir='ltr'><strong>ll.</strong></span> <span class='ocrx_word' id='word_1_9' title='bbox 1334 315 1368 329; x_wconf 90' lang='lat'>-</span> <span class='ocrx_word' id='word_1_10' title='bbox 1387 281 1625 346; x_wconf 74' lang='lat' dir='ltr'><strong>surrosttntl.</strong></span> <span class='ocrx_word' id='word_1_11' title='bbox 1859 288 1904 346; x_wconf 77' lang='lat' dir='ltr'><strong>ili</strong></span> 
     </span>
    </p>
   </div>
   <div class='ocr_carea' id='block_1_2' title="bbox 254 411 1972 860">
    <p class='ocr_par' dir='ltr' id='par_1_2' title="bbox 254 411 1972 860">
     <span class='ocr_line' id='line_1_2' title="bbox 254 411 1972 504; baseline 0.001 -36"><span class='ocrx_word' id='word_1_12' title='bbox 254 411 323 485; x_wconf 90' lang='lat' dir='ltr'><strong>lupo</strong></span> <span class='ocrx_word' id='word_1_13' title='bbox 341 415 419 469; x_wconf 87' lang='lat' dir='ltr'><strong>tutus</strong></span> <span class='ocrx_word' id='word_1_14' title='bbox 437 413 479 468; x_wconf 91' lang='lat' dir='ltr'><strong>est</strong></span> <span class='ocrx_word' id='word_1_15' title='bbox 499 425 599 485; x_wconf 85' lang='lat' dir='ltr'><strong>agnus.</strong></span> <span class='ocrx_word' id='word_1_16' title='bbox 620 415 682 486; x_wconf 89' lang='lat' dir='ltr'><strong>lpse</strong></span> <span class='ocrx_word' id='word_1_17' title='bbox 702 431 732 470; x_wconf 90' lang='lat' dir='ltr'><strong>se</strong></span> <span class='ocrx_word' id='word_1_18' title='bbox 753 416 840 470; x_wconf 82' lang='lat' dir='ltr'><strong>voluit</strong></span> <span class='ocrx_word' id='word_1_19' title='bbox 854 417 980 488; x_wconf 83' lang='lat' dir='ltr'><strong>superari</strong></span> <span class='ocrx_word' id='word_1_20' title='bbox 998 415 1064 489; x_wconf 84' lang='grc'>(35),</span> <span class='ocrx_word' id='word_1_21' title='bbox 1075 415 1257 504; x_wconf 70' lang='grc' dir='ltr'><strong>Αιίιιιριίοιι</strong></span> <span class='ocrx_word' id='word_1_22' title='bbox 1280 413 1389 470; x_wconf 90' lang='lat' dir='ltr'><strong>animos</strong></span> <span class='ocrx_word' id='word_1_23' title='bbox 1411 414 1447 470; x_wconf 88' lang='lat' dir='ltr'><strong>ad</strong></span> <span class='ocrx_word' id='word_1_24' title='bbox 1469 413 1604 470; x_wconf 86' lang='lat' dir='ltr'><strong>eastitatis</strong></span> <span class='ocrx_word' id='word_1_25' title='bbox 1627 418 1692 470; x_wconf 81' lang='lat' dir='ltr'><strong>rota</strong></span> <span class='ocrx_word' id='word_1_26' title='bbox 1713 411 1862 470; x_wconf 78' lang='lat' dir='ltr'><strong>sacranda:</strong></span> <span class='ocrx_word' id='word_1_27' title='bbox 1883 423 1907 470; x_wconf 83' lang='lat' dir='ltr'><strong>et</strong></span> <span class='ocrx_word' id='word_1_28' title='bbox 1971 423 1972 496; x_wconf 63' lang='lat' dir='ltr'><strong>j</strong></span> 
     </span>
     <span class='ocr_line' id='line_1_3' title="bbox 254 505 1972 590; baseline 0.001 -28"><span class='ocrx_word' id='word_1_29' title='bbox 254 505 303 579; x_wconf 93' lang='lat' dir='ltr'><strong>qui</strong></span> <span class='ocrx_word' id='word_1_30' title='bbox 324 506 433 561; x_wconf 89' lang='lat' dir='ltr'><strong>hostem</strong></span> <span class='ocrx_word' id='word_1_31' title='bbox 455 508 603 579; x_wconf 86' lang='lat' dir='ltr'><strong>proprium</strong></span> <span class='ocrx_word' id='word_1_32' title='bbox 625 507 655 564; x_wconf 91' lang='lat' dir='ltr'><strong>in</strong></span> <span class='ocrx_word' id='word_1_33' title='bbox 675 524 740 564; x_wconf 90' lang='lat' dir='ltr'><strong>suas</strong></span> <span class='ocrx_word' id='word_1_34' title='bbox 760 512 857 581; x_wconf 89' lang='lat' dir='ltr'><strong>portus</strong></span> <span class='ocrx_word' id='word_1_35' title='bbox 877 510 1012 581; x_wconf 88' lang='lat' dir='ltr'><strong>induxit;</strong></span> <span class='ocrx_word' id='word_1_36' title='bbox 1037 515 1066 567; x_wconf 88' lang='lat' dir='ltr'><strong>et</strong></span> <span class='ocrx_word' id='word_1_37' title='bbox 1116 507 1342 582; x_wconf 78' lang='lat' dir='ltr'><strong>impugnationis</strong></span> <span class='ocrx_word' id='word_1_38' title='bbox 1357 523 1415 563; x_wconf 83' lang='lat' dir='ltr'><strong>suae</strong></span> <span class='ocrx_word' id='word_1_39' title='bbox 1434 523 1515 565; x_wconf 88' lang='lat' dir='ltr'><strong>arma</strong></span> <span class='ocrx_word' id='word_1_40' title='bbox 1533 507 1692 563; x_wconf 88' lang='lat' dir='ltr'><strong>subducens</strong></span> <span class='ocrx_word' id='word_1_41' title='bbox 1709 507 1826 572; x_wconf 91' lang='lat' dir='ltr'><strong>interim,</strong></span> <span class='ocrx_word' id='word_1_42' title='bbox 1841 511 1907 580; x_wconf 85' lang='lat' dir='ltr'><strong>quasi</strong></span> <span class='ocrx_word' id='word_1_43' title='bbox 1971 507 1972 590; x_wconf 68' lang='lat' dir='ltr'><strong>l</strong></span> 
     </span>
     <span class='ocr_line' id='line_1_4' title="bbox 254 599 1907 676; baseline 0.002 -22"><span class='ocrx_word' id='word_1_44' title='bbox 254 599 422 656; x_wconf 85' lang='lat' dir='ltr'><strong>intestinum</strong></span> <span class='ocrx_word' id='word_1_45' title='bbox 440 600 566 672; x_wconf 77' lang='lat' dir='ltr'>gladium</span> <span class='ocrx_word' id='word_1_46' title='bbox 584 601 711 674; x_wconf 87' lang='lat' dir='ltr'><strong>sibiipsa</strong></span> <span class='ocrx_word' id='word_1_47' title='bbox 728 603 886 675; x_wconf 88' lang='lat' dir='ltr'><strong>supposuit,</strong></span> <span class='ocrx_word' id='word_1_48' title='bbox 902 605 952 676; x_wconf 93' lang='lat' dir='ltr'><strong>qui</strong></span> <span class='ocrx_word' id='word_1_49' title='bbox 969 603 1065 662; x_wconf 85' lang='lat' dir='ltr'><strong>lacuna</strong></span> <span class='ocrx_word' id='word_1_50' title='bbox 1117 601 1243 674; x_wconf 89' lang='lat' dir='ltr'><strong>placidus</strong></span> <span class='ocrx_word' id='word_1_51' title='bbox 1271 603 1367 658; x_wconf 84' lang='lat' dir='ltr'><strong>fautor</strong></span> <span class='ocrx_word' id='word_1_52' title='bbox 1399 603 1524 675; x_wconf 84' lang='lat' dir='ltr'><strong>suggerit</strong></span> <span class='ocrx_word' id='word_1_53' title='bbox 1548 601 1640 676; x_wconf 78' lang='lat'><strong>851</strong></span> <span class='ocrx_word' id='word_1_54' title='bbox 1666 601 1814 658; x_wconf 86' lang='lat' dir='ltr'><strong>sanctitatis</strong></span> <span class='ocrx_word' id='word_1_55' title='bbox 1838 619 1907 673; x_wconf 83' lang='lat' dir='ltr'><strong>argu·</strong></span> 
     </span>
     <span class='ocr_line' id='line_1_5' title="bbox 254 693 1972 768; baseline 0.002 -20"><span class='ocrx_word' id='word_1_56' title='bbox 254 693 436 754; x_wconf 79' lang='lat' dir='ltr'><strong>habitationis</strong></span> <span class='ocrx_word' id='word_1_57' title='bbox 457 710 516 750; x_wconf 86' lang='lat' dir='ltr'><strong>suae</strong></span> <span class='ocrx_word' id='word_1_58' title='bbox 538 695 691 751; x_wconf 83' lang='lat' dir='ltr'><strong>adversarii</strong></span> <span class='ocrx_word' id='word_1_59' title='bbox 716 697 890 768; x_wconf 80' lang='lat' dir='ltr'><strong>ingressibus</strong></span> <span class='ocrx_word' id='word_1_60' title='bbox 911 697 1065 766; x_wconf 87' lang='lat' dir='ltr'><strong>reserarit;</strong></span> <span class='ocrx_word' id='word_1_61' title='bbox 1117 701 1222 764; x_wconf 88' lang='lat' dir='ltr'><strong>menta,</strong></span> <span class='ocrx_word' id='word_1_62' title='bbox 1237 695 1327 752; x_wconf 89' lang='lat' dir='ltr'><strong>donec</strong></span> <span class='ocrx_word' id='word_1_63' title='bbox 1340 695 1446 751; x_wconf 90' lang='lat' dir='ltr'><strong>diutins</strong></span> <span class='ocrx_word' id='word_1_64' title='bbox 1460 697 1536 751; x_wconf 90' lang='lat' dir='ltr'><strong>inter</strong></span> <span class='ocrx_word' id='word_1_65' title='bbox 1550 696 1650 751; x_wconf 89' lang='lat' dir='ltr'><strong>ambos</strong></span> <span class='ocrx_word' id='word_1_66' title='bbox 1663 694 1805 750; x_wconf 89' lang='lat' dir='ltr'><strong>inimicam</strong></span> <span class='ocrx_word' id='word_1_67' title='bbox 1818 697 1908 752; x_wconf 81' lang='lat' dir='ltr'><strong>nutriat</strong></span> <span class='ocrx_word' id='word_1_68' title='bbox 1971 759 1972 766; x_wconf 8' lang='grc' dir='ltr'>ἵ</span> 
     </span>
     <span class='ocr_line' id='line_1_6' title="bbox 256 787 1972 860; baseline 0.002 -18"><span class='ocrx_word' id='word_1_69' title='bbox 256 791 285 842; x_wconf 92' lang='lat' dir='ltr'><strong>et</strong></span> <span class='ocrx_word' id='word_1_70' title='bbox 307 787 356 860; x_wconf 92' lang='lat' dir='ltr'><strong>qui</strong></span> <span class='ocrx_word' id='word_1_71' title='bbox 378 788 467 844; x_wconf 88' lang='lat' dir='ltr'><strong>fretus</strong></span> <span class='ocrx_word' id='word_1_72' title='bbox 493 792 536 844; x_wconf 91' lang='lat' dir='ltr'><strong>est</strong></span> <span class='ocrx_word' id='word_1_73' title='bbox 556 789 717 845; x_wconf 85' lang='lat' dir='ltr'><strong>conversari</strong></span> <span class='ocrx_word' id='word_1_74' title='bbox 742 805 807 845; x_wconf 89' lang='lat' dir='ltr'><strong>cum</strong></span> <span class='ocrx_word' id='word_1_75' title='bbox 835 789 977 858; x_wconf 88' lang='lat' dir='ltr'><strong>scandale,</strong></span> <span class='ocrx_word' id='word_1_76' title='bbox 1005 791 1067 847; x_wconf 90' lang='lat' dir='ltr'><strong>sine</strong></span> <span class='ocrx_word' id='word_1_77' title='bbox 1117 789 1307 846; x_wconf 79' lang='lat' dir='ltr'><strong>concordiam.</strong></span> <span class='ocrx_word' id='word_1_78' title='bbox 1333 789 1410 845; x_wconf 80' lang='lat' dir='ltr'><strong>Facit</strong></span> <span class='ocrx_word' id='word_1_79' title='bbox 1431 787 1557 844; x_wconf 80' lang='lat' dir='ltr'><strong>affabiles</strong></span> <span class='ocrx_word' id='word_1_80' title='bbox 1578 788 1631 844; x_wconf 90' lang='lat' dir='ltr'><strong>sibi</strong></span> <span class='ocrx_word' id='word_1_81' title='bbox 1651 788 1771 844; x_wconf 84' lang='lat' dir='ltr'><strong>invicem</strong></span> <span class='ocrx_word' id='word_1_82' title='bbox 1790 790 1907 845; x_wconf 81' lang='lat' dir='ltr'><strong>etdeser·</strong></span> <span class='ocrx_word' id='word_1_83' title='bbox 1971 813 1972 824; x_wconf 47' lang='grc' dir='ltr'><strong>ι</strong></span> 
     </span>
    </p>
   </div>
   <div class='ocr_carea' id='block_1_3' title="bbox 253 882 1910 1610">
    <p class='ocr_par' dir='ltr' id='par_1_3' title="bbox 253 882 1910 1610">
     <span class='ocr_line' id='line_1_7' title="bbox 254 882 1908 955; baseline 0.001 -19"><span class='ocrx_word' id='word_1_84' title='bbox 254 896 338 938; x_wconf 88' lang='lat' dir='ltr'><strong>causa</strong></span> <span class='ocrx_word' id='word_1_85' title='bbox 358 882 427 938; x_wconf 90' lang='lat' dir='ltr'><strong>dicit</strong></span> <span class='ocrx_word' id='word_1_86' title='bbox 447 883 525 955; x_wconf 82' lang='grc'>(36);</span> <span class='ocrx_word' id='word_1_87' title='bbox 545 883 660 939; x_wconf 88' lang='lat' dir='ltr'><strong>Pacatus</strong></span> <span class='ocrx_word' id='word_1_88' title='bbox 680 899 742 938; x_wconf 89' lang='lat' dir='ltr'><strong>esse</strong></span> <span class='ocrx_word' id='word_1_89' title='bbox 761 884 825 939; x_wconf 82' lang='lat' dir='ltr'><strong>volo</strong></span> <span class='ocrx_word' id='word_1_90' title='bbox 845 900 909 939; x_wconf 90' lang='lat' dir='ltr'><strong>cum</strong></span> <span class='ocrx_word' id='word_1_91' title='bbox 933 883 1064 954; x_wconf 89' lang='lat' dir='ltr'><strong>diabolo;</strong></span> <span class='ocrx_word' id='word_1_92' title='bbox 1116 883 1186 951; x_wconf 85' lang='lat' dir='ltr'><strong>rire,</strong></span> <span class='ocrx_word' id='word_1_93' title='bbox 1203 888 1403 938; x_wconf 88' lang='lat' dir='ltr'><strong>etassensator</strong></span> <span class='ocrx_word' id='word_1_94' title='bbox 1421 883 1540 939; x_wconf 74' lang='lat' dir='ltr'><strong>Infestus</strong></span> <span class='ocrx_word' id='word_1_95' title='bbox 1561 882 1769 955; x_wconf 87' lang='lat' dir='ltr'><strong>impedimenta</strong></span> <span class='ocrx_word' id='word_1_96' title='bbox 1780 899 1908 939; x_wconf 81' lang='lat' dir='ltr'><strong>remorans</strong></span> 
     </span>
     <span class='ocr_line' id='line_1_8' title="bbox 253 975 1909 1048; baseline 0.001 -18"><span class='ocrx_word' id='word_1_97' title='bbox 253 979 352 1031; x_wconf 85' lang='lat' dir='ltr'><strong>eontra</strong></span> <span class='ocrx_word' id='word_1_98' title='bbox 374 977 538 1048; x_wconf 80' lang='lat' dir='ltr'><strong>Apostolum</strong></span> <span class='ocrx_word' id='word_1_99' title='bbox 558 976 700 1032; x_wconf 84' lang='lat' dir='ltr'><strong>dicentem</strong></span> <span class='ocrx_word' id='word_1_100' title='bbox 716 993 724 1032; x_wconf 77' lang='lat' dir='ltr'><strong>t</strong></span> <span class='ocrx_word' id='word_1_101' title='bbox 739 997 753 1026; x_wconf 80' lang='lat' dir='ltr'><strong>e</strong></span> <span class='ocrx_word' id='word_1_102' title='bbox 774 977 865 1032; x_wconf 89' lang='lat' dir='ltr'><strong>Nolite</strong></span> <span class='ocrx_word' id='word_1_103' title='bbox 884 977 978 1032; x_wconf 88' lang='lat' dir='ltr'><strong>locum</strong></span> <span class='ocrx_word' id='word_1_104' title='bbox 998 977 1067 1033; x_wconf 86' lang='lat' dir='ltr'><strong>dare</strong></span> <span class='ocrx_word' id='word_1_105' title='bbox 1116 977 1259 1047; x_wconf 83' lang='lat' dir='ltr'><strong>universa,</strong></span> <span class='ocrx_word' id='word_1_106' title='bbox 1280 976 1438 1032; x_wconf 89' lang='lat' dir='ltr'><strong>commodis</strong></span> <span class='ocrx_word' id='word_1_107' title='bbox 1452 993 1550 1032; x_wconf 91' lang='lat' dir='ltr'><strong>eorum</strong></span> <span class='ocrx_word' id='word_1_108' title='bbox 1565 977 1671 1048; x_wconf 86' lang='lat' dir='ltr'><strong>gaudet</strong></span> <span class='ocrx_word' id='word_1_109' title='bbox 1684 975 1830 1032; x_wconf 81' lang='lat' dir='ltr'><strong>efficaciam</strong></span> <span class='ocrx_word' id='word_1_110' title='bbox 1845 993 1909 1032; x_wconf 90' lang='lat' dir='ltr'><strong>com·</strong></span> 
     </span>
     <span class='ocr_line' id='line_1_9' title="bbox 255 1067 1910 1143; baseline 0.001 -20"><span class='ocrx_word' id='word_1_111' title='bbox 255 1067 368 1125; x_wconf 89' lang='lat' dir='ltr'><strong>diabolo</strong></span> <span class='ocrx_word' id='word_1_112' title='bbox 392 1071 510 1141; x_wconf 68' lang='lat' dir='ltr'><strong>(pres,</strong></span> <span class='ocrx_word' id='word_1_113' title='bbox 532 1087 568 1139; x_wconf 81' lang='lat' dir='ltr'><strong>n,</strong></span> <span class='ocrx_word' id='word_1_114' title='bbox 592 1070 647 1140; x_wconf 77' lang='lat'><strong>27).</strong></span> <span class='ocrx_word' id='word_1_115' title='bbox 667 1070 783 1126; x_wconf 80' lang='lat' dir='ltr'><strong>»Omni</strong></span> <span class='ocrx_word' id='word_1_116' title='bbox 806 1087 875 1142; x_wconf 87' lang='lat' dir='ltr'><strong>ergo</strong></span> <span class='ocrx_word' id='word_1_117' title='bbox 894 1071 982 1126; x_wconf 91' lang='lat' dir='ltr'><strong>modo</strong></span> <span class='ocrx_word' id='word_1_118' title='bbox 1005 1087 1066 1128; x_wconf 89' lang='lat' dir='ltr'><strong>mu·</strong></span> <span class='ocrx_word' id='word_1_119' title='bbox 1117 1071 1249 1140; x_wconf 74' lang='lat' dir='ltr'><strong>medere,</strong></span> <span class='ocrx_word' id='word_1_120' title='bbox 1267 1075 1299 1126; x_wconf 85' lang='lat' dir='ltr'><strong>ut</strong></span> <span class='ocrx_word' id='word_1_121' title='bbox 1319 1074 1378 1126; x_wconf 90' lang='lat' dir='ltr'><strong>tota</strong></span> <span class='ocrx_word' id='word_1_122' title='bbox 1400 1087 1447 1126; x_wconf 92' lang='lat' dir='ltr'><strong>eos</strong></span> <span class='ocrx_word' id='word_1_123' title='bbox 1468 1070 1650 1143; x_wconf 85' lang='lat' dir='ltr'><strong>sibimetipsis</strong></span> <span class='ocrx_word' id='word_1_124' title='bbox 1665 1069 1829 1124; x_wconf 80' lang='lat' dir='ltr'><strong>necessitate</strong></span> <span class='ocrx_word' id='word_1_125' title='bbox 1845 1086 1910 1125; x_wconf 89' lang='lat' dir='ltr'><strong>com-</strong></span> 
     </span>
     <span class='ocr_line' id='line_1_10' title="bbox 253 1161 1909 1235; baseline 0 -19"><span class='ocrx_word' id='word_1_126' title='bbox 253 1161 376 1218; x_wconf 88' lang='lat' dir='ltr'><strong>niendus</strong></span> <span class='ocrx_word' id='word_1_127' title='bbox 395 1168 437 1218; x_wconf 90' lang='lat' dir='ltr'><strong>est</strong></span> <span class='ocrx_word' id='word_1_128' title='bbox 449 1164 527 1219; x_wconf 90' lang='lat' dir='ltr'><strong>locus</strong></span> <span class='ocrx_word' id='word_1_129' title='bbox 548 1163 594 1218; x_wconf 91' lang='lat' dir='ltr'><strong>ubi</strong></span> <span class='ocrx_word' id='word_1_130' title='bbox 608 1163 695 1219; x_wconf 91' lang='lat' dir='ltr'><strong>fuerit</strong></span> <span class='ocrx_word' id='word_1_131' title='bbox 711 1164 860 1219; x_wconf 82' lang='lat' dir='ltr'><strong>thesaurus</strong></span> <span class='ocrx_word' id='word_1_132' title='bbox 873 1163 1065 1233; x_wconf 90' lang='lat' dir='ltr'><strong>absconditus,</strong></span> <span class='ocrx_word' id='word_1_133' title='bbox 1117 1163 1266 1232; x_wconf 75' lang='lat' dir='ltr'><strong>mendane,</strong></span> <span class='ocrx_word' id='word_1_134' title='bbox 1286 1162 1420 1220; x_wconf 89' lang='lat' dir='ltr'><strong>exhibere</strong></span> <span class='ocrx_word' id='word_1_135' title='bbox 1437 1181 1486 1220; x_wconf 87' lang='lat' dir='ltr'><strong>eos</strong></span> <span class='ocrx_word' id='word_1_136' title='bbox 1504 1163 1591 1235; x_wconf 89' lang='lat' dir='ltr'><strong>possit</strong></span> <span class='ocrx_word' id='word_1_137' title='bbox 1612 1164 1643 1219; x_wconf 92' lang='lat' dir='ltr'><strong>in</strong></span> <span class='ocrx_word' id='word_1_138' title='bbox 1663 1164 1828 1218; x_wconf 87' lang='lat' dir='ltr'><strong>alterutrum</strong></span> <span class='ocrx_word' id='word_1_139' title='bbox 1843 1163 1909 1218; x_wconf 89' lang='lat' dir='ltr'><strong>solita</strong></span> 
     </span>
     <span class='ocr_line' id='line_1_11' title="bbox 253 1256 1907 1329; baseline 0.001 -19"><span class='ocrx_word' id='word_1_140' title='bbox 253 1271 290 1310; x_wconf 92' lang='lat' dir='ltr'><strong>ne</strong></span> <span class='ocrx_word' id='word_1_141' title='bbox 305 1272 356 1327; x_wconf 89' lang='lat' dir='ltr'><strong>per</strong></span> <span class='ocrx_word' id='word_1_142' title='bbox 369 1271 457 1311; x_wconf 88' lang='lat' dir='ltr'><strong>unam</strong></span> <span class='ocrx_word' id='word_1_143' title='bbox 475 1271 627 1312; x_wconf 89' lang='lat' dir='ltr'><strong>cavernam</strong></span> <span class='ocrx_word' id='word_1_144' title='bbox 645 1259 738 1312; x_wconf 91' lang='lat' dir='ltr'><strong>totum</strong></span> <span class='ocrx_word' id='word_1_145' title='bbox 759 1257 898 1328; x_wconf 84' lang='lat' dir='ltr'><strong>parietem</strong></span> <span class='ocrx_word' id='word_1_146' title='bbox 918 1257 990 1312; x_wconf 89' lang='lat' dir='ltr'><strong>latro</strong></span> <span class='ocrx_word' id='word_1_147' title='bbox 1010 1258 1067 1312; x_wconf 90' lang='lat' dir='ltr'><strong>suf·</strong></span> <span class='ocrx_word' id='word_1_148' title='bbox 1116 1256 1308 1312; x_wconf 85' lang='lat' dir='ltr'><strong>consolatione</strong></span> <span class='ocrx_word' id='word_1_149' title='bbox 1323 1257 1459 1328; x_wconf 86' lang='lat' dir='ltr'><strong>pendere.</strong></span> <span class='ocrx_word' id='word_1_150' title='bbox 1473 1259 1536 1313; x_wconf 87' lang='lat' dir='ltr'><strong>Non</strong></span> <span class='ocrx_word' id='word_1_151' title='bbox 1549 1259 1607 1312; x_wconf 82' lang='lat' dir='ltr'><strong>vult</strong></span> <span class='ocrx_word' id='word_1_152' title='bbox 1622 1273 1671 1313; x_wconf 89' lang='lat' dir='ltr'><strong>eos</strong></span> <span class='ocrx_word' id='word_1_153' title='bbox 1689 1257 1718 1312; x_wconf 92' lang='lat' dir='ltr'><strong>in</strong></span> <span class='ocrx_word' id='word_1_154' title='bbox 1734 1257 1822 1329; x_wconf 89' lang='lat' dir='ltr'><strong>alique</strong></span> <span class='ocrx_word' id='word_1_155' title='bbox 1833 1257 1907 1328; x_wconf 88' lang='lat' dir='ltr'><strong>impe·</strong></span> 
     </span>
     <span class='ocr_line' id='line_1_12' title="bbox 253 1331 1908 1423; baseline 0.001 -19"><span class='ocrx_word' id='word_1_156' title='bbox 253 1347 352 1405; x_wconf 84' lang='lat' dir='ltr'><strong>fodiat.</strong></span> <span class='ocrx_word' id='word_1_157' title='bbox 366 1351 438 1406; x_wconf 90' lang='lat' dir='ltr'><strong>Nam</strong></span> <span class='ocrx_word' id='word_1_158' title='bbox 455 1349 477 1403; x_wconf 93' lang='lat' dir='ltr'><strong>si</strong></span> <span class='ocrx_word' id='word_1_159' title='bbox 497 1331 601 1403; x_wconf 84' lang='lat' dir='ltr'><strong>deforis</strong></span> <span class='ocrx_word' id='word_1_160' title='bbox 621 1365 788 1421; x_wconf 86' lang='lat' dir='ltr'><strong>expugnans</strong></span> <span class='ocrx_word' id='word_1_161' title='bbox 802 1350 849 1406; x_wconf 83' lang='lat' dir='ltr'><strong>vix</strong></span> <span class='ocrx_word' id='word_1_162' title='bbox 863 1351 953 1406; x_wconf 89' lang='lat' dir='ltr'><strong>muris</strong></span> <span class='ocrx_word' id='word_1_163' title='bbox 972 1351 1067 1423; x_wconf 89' lang='lat' dir='ltr'><strong>expel·</strong></span> <span class='ocrx_word' id='word_1_164' title='bbox 1116 1349 1187 1418; x_wconf 89' lang='lat' dir='ltr'><strong>dire,</strong></span> <span class='ocrx_word' id='word_1_165' title='bbox 1208 1366 1244 1404; x_wconf 92' lang='lat' dir='ltr'><strong>ne</strong></span> <span class='ocrx_word' id='word_1_166' title='bbox 1267 1355 1379 1422; x_wconf 88' lang='lat' dir='ltr'><strong>separet</strong></span> <span class='ocrx_word' id='word_1_167' title='bbox 1396 1355 1455 1406; x_wconf 89' lang='lat' dir='ltr'><strong>tam</strong></span> <span class='ocrx_word' id='word_1_168' title='bbox 1477 1351 1639 1422; x_wconf 87' lang='lat' dir='ltr'><strong>spiritaliter</strong></span> <span class='ocrx_word' id='word_1_169' title='bbox 1659 1367 1747 1422; x_wconf 90' lang='lat' dir='ltr'><strong>quam</strong></span> <span class='ocrx_word' id='word_1_170' title='bbox 1767 1350 1908 1406; x_wconf 84' lang='lat' dir='ltr'><strong>carnaliter.</strong></span> 
     </span>
     <span class='ocr_line' id='line_1_13' title="bbox 254 1440 1910 1517; baseline 0 -20"><span class='ocrx_word' id='word_1_171' title='bbox 254 1441 331 1511; x_wconf 91' lang='lat' dir='ltr'><strong>litur,</strong></span> <span class='ocrx_word' id='word_1_172' title='bbox 360 1446 499 1513; x_wconf 88' lang='lat' dir='ltr'><strong>quantum</strong></span> <span class='ocrx_word' id='word_1_173' title='bbox 526 1440 628 1498; x_wconf 81' lang='lat' dir='ltr'><strong>valebit</strong></span> <span class='ocrx_word' id='word_1_174' title='bbox 650 1442 673 1498; x_wconf 93' lang='lat' dir='ltr'><strong>si</strong></span> <span class='ocrx_word' id='word_1_175' title='bbox 704 1442 778 1500; x_wconf 86' lang='lat' dir='ltr'><strong>intra</strong></span> <span class='ocrx_word' id='word_1_176' title='bbox 804 1460 900 1500; x_wconf 88' lang='lat' dir='ltr'><strong>muros</strong></span> <span class='ocrx_word' id='word_1_177' title='bbox 926 1443 1067 1517; x_wconf 88' lang='lat' dir='ltr'><strong>acceperit</strong></span> <span class='ocrx_word' id='word_1_178' title='bbox 1117 1445 1300 1500; x_wconf 87' lang='lat' dir='ltr'><strong>Inconcussos</strong></span> <span class='ocrx_word' id='word_1_179' title='bbox 1323 1445 1408 1500; x_wconf 80' lang='lat' dir='ltr'><strong>efficit</strong></span> <span class='ocrx_word' id='word_1_180' title='bbox 1430 1445 1534 1513; x_wconf 85' lang='lat' dir='ltr'><strong>vivere,</strong></span> <span class='ocrx_word' id='word_1_181' title='bbox 1556 1461 1592 1500; x_wconf 89' lang='lat' dir='ltr'><strong>ne</strong></span> <span class='ocrx_word' id='word_1_182' title='bbox 1614 1445 1677 1516; x_wconf 90' lang='lat' dir='ltr'><strong>ipsa</strong></span> <span class='ocrx_word' id='word_1_183' title='bbox 1696 1443 1910 1499; x_wconf 72' lang='lat' dir='ltr'><strong>sociebtisinitia</strong></span> 
     </span>
     <span class='ocr_line' id='line_1_14' title="bbox 255 1533 1909 1610; baseline 0.001 -21"><span class='ocrx_word' id='word_1_184' title='bbox 255 1533 467 1591; x_wconf 75' lang='lat' dir='ltr'><strong>babitaculum?</strong></span> <span class='ocrx_word' id='word_1_185' title='bbox 485 1535 559 1591; x_wconf 82' lang='lat' dir='ltr'><strong>Etsi</strong></span> <span class='ocrx_word' id='word_1_186' title='bbox 580 1535 621 1590; x_wconf 92' lang='lat' dir='ltr'><strong>illi</strong></span> <span class='ocrx_word' id='word_1_187' title='bbox 641 1535 689 1608; x_wconf 90' lang='lat' dir='ltr'><strong>qui</strong></span> <span class='ocrx_word' id='word_1_188' title='bbox 710 1542 808 1592; x_wconf 89' lang='lat' dir='ltr'><strong>contra</strong></span> <span class='ocrx_word' id='word_1_189' title='bbox 829 1553 895 1594; x_wconf 91' lang='lat' dir='ltr'><strong>eum</strong></span> <span class='ocrx_word' id='word_1_190' title='bbox 917 1537 1065 1610; x_wconf 89' lang='lat' dir='ltr'><strong>claudunt,</strong></span> <span class='ocrx_word' id='word_1_191' title='bbox 1115 1537 1272 1594; x_wconf 84' lang='lat' dir='ltr'><strong>immaturo</strong></span> <span class='ocrx_word' id='word_1_192' title='bbox 1292 1541 1420 1610; x_wconf 89' lang='lat' dir='ltr'><strong>ternpore</strong></span> <span class='ocrx_word' id='word_1_193' title='bbox 1438 1537 1544 1593; x_wconf 82' lang='lat' dir='ltr'><strong>foedera</strong></span> <span class='ocrx_word' id='word_1_194' title='bbox 1566 1543 1656 1609; x_wconf 85' lang='lat' dir='ltr'><strong>coepta</strong></span> <span class='ocrx_word' id='word_1_195' title='bbox 1680 1537 1851 1592; x_wconf 84' lang='lat' dir='ltr'><strong>conturbent.</strong></span> <span class='ocrx_word' id='word_1_196' title='bbox 1871 1537 1909 1591; x_wconf 90' lang='lat' dir='ltr'><strong>Us-</strong></span> 
     </span>
    </p>
   </div>
   <div class='ocr_carea' id='block_1_4' title="bbox 253 1627 1972 1703">
    <p class='ocr_par' dir='ltr' id='par_1_4' title="bbox 253 1627 1972 1703">
     <span class='ocr_line' id='line_1_15' title="bbox 253 1627 1972 1703; baseline 0.001 -21"><span class='ocrx_word' id='word_1_197' title='bbox 253 1627 585 1702; x_wconf 81' lang='lat' dir='ltr'><strong>aliquotiensabeodem</strong></span> <span class='ocrx_word' id='word_1_198' title='bbox 602 1631 763 1703; x_wconf 65' lang='lat' dir='ltr'><strong>supinatum</strong></span> <span class='ocrx_word' id='word_1_199' title='bbox 780 1635 886 1702; x_wconf 89' lang='lat' dir='ltr'><strong>quanto</strong></span> <span class='ocrx_word' id='word_1_200' title='bbox 901 1631 993 1702; x_wconf 87' lang='lat' dir='ltr'><strong>magis</strong></span> <span class='ocrx_word' id='word_1_201' title='bbox 1005 1631 1065 1699; x_wconf 91' lang='lat' dir='ltr'><strong>ille,</strong></span> <span class='ocrx_word' id='word_1_202' title='bbox 1115 1646 1171 1703; x_wconf 90' lang='lat' dir='ltr'><strong>que</strong></span> <span class='ocrx_word' id='word_1_203' title='bbox 1193 1630 1266 1686; x_wconf 88' lang='lat' dir='ltr'><strong>adeo</strong></span> <span class='ocrx_word' id='word_1_204' title='bbox 1291 1631 1363 1698; x_wconf 91' lang='lat' dir='ltr'><strong>illos,</strong></span> <span class='ocrx_word' id='word_1_205' title='bbox 1385 1630 1547 1687; x_wconf 85' lang='lat' dir='ltr'><strong>videntibus</strong></span> <span class='ocrx_word' id='word_1_206' title='bbox 1568 1631 1689 1700; x_wconf 89' lang='lat' dir='ltr'><strong>cunctis,</strong></span> <span class='ocrx_word' id='word_1_207' title='bbox 1712 1631 1749 1686; x_wconf 91' lang='lat' dir='ltr'><strong>ad</strong></span> <span class='ocrx_word' id='word_1_208' title='bbox 1771 1629 1908 1702; x_wconf 85' lang='lat' dir='ltr'><strong>perfectum</strong></span> <span class='ocrx_word' id='word_1_209' title='bbox 1971 1663 1972 1668; x_wconf 22' lang='grc' dir='ltr'><strong>κ</strong></span> 
     </span>
    </p>
   </div>
   <div class='ocr_carea' id='block_1_5' title="bbox 252 1721 1913 2544">
    <p class='ocr_par' dir='ltr' id='par_1_5' title="bbox 252 1721 1913 2544">
     <span class='ocr_line' id='line_1_16' title="bbox 255 1721 1910 1797; baseline 0.001 -22"><span class='ocrx_word' id='word_1_210' title='bbox 255 1721 465 1792; x_wconf 90' lang='lat' dir='ltr'><strong>quinltroneus</strong></span> <span class='ocrx_word' id='word_1_211' title='bbox 481 1722 521 1778; x_wconf 92' lang='lat' dir='ltr'><strong>illi</strong></span> <span class='ocrx_word' id='word_1_212' title='bbox 537 1723 704 1796; x_wconf 72' lang='lat' dir='ltr'><strong>patefecerit</strong></span> <span class='ocrx_word' id='word_1_213' title='bbox 719 1725 890 1796; x_wconf 88' lang='lat' dir='ltr'><strong>ingressum,</strong></span> <span class='ocrx_word' id='word_1_214' title='bbox 904 1723 1066 1797; x_wconf 72' lang='lat' dir='ltr'><strong>decipitur?</strong></span> <span class='ocrx_word' id='word_1_215' title='bbox 1116 1723 1271 1779; x_wconf 80' lang='lat' dir='ltr'><strong>sanctitatis</strong></span> <span class='ocrx_word' id='word_1_216' title='bbox 1297 1723 1407 1792; x_wconf 87' lang='lat' dir='ltr'><strong>inritat,</strong></span> <span class='ocrx_word' id='word_1_217' title='bbox 1432 1724 1520 1793; x_wconf 83' lang='lat' dir='ltr'><strong>fovet,</strong></span> <span class='ocrx_word' id='word_1_218' title='bbox 1548 1725 1675 1780; x_wconf 80' lang='lat' dir='ltr'><strong>sublevat</strong></span> <span class='ocrx_word' id='word_1_219' title='bbox 1702 1741 1709 1780; x_wconf 92' lang='lat'><strong>:</strong></span> <span class='ocrx_word' id='word_1_220' title='bbox 1738 1729 1769 1778; x_wconf 90' lang='lat' dir='ltr'><strong>ut</strong></span> <span class='ocrx_word' id='word_1_221' title='bbox 1794 1723 1840 1779; x_wconf 83' lang='lat' dir='ltr'><strong>bei</strong></span> <span class='ocrx_word' id='word_1_222' title='bbox 1861 1739 1910 1776; x_wconf 83' lang='lat' dir='ltr'><strong>esse</strong></span> 
     </span>
     <span class='ocr_line' id='line_1_17' title="bbox 252 1791 1908 1891; baseline -0.001 -19"><span class='ocrx_word' id='word_1_223' title='bbox 252 1817 323 1872; x_wconf 83' lang='lat' dir='ltr'><strong>Cum</strong></span> <span class='ocrx_word' id='word_1_224' title='bbox 345 1814 419 1871; x_wconf 89' lang='lat' dir='ltr'><strong>dicat</strong></span> <span class='ocrx_word' id='word_1_225' title='bbox 441 1815 573 1874; x_wconf 83' lang='lat' dir='ltr'><strong>Salomon</strong></span> <span class='ocrx_word' id='word_1_226' title='bbox 598 1834 605 1873; x_wconf 80' lang='grc' dir='ltr'><strong>ι</strong></span> <span class='ocrx_word' id='word_1_227' title='bbox 632 1837 646 1868; x_wconf 90' lang='lat'>«</span> <span class='ocrx_word' id='word_1_228' title='bbox 670 1817 698 1874; x_wconf 91' lang='lat' dir='ltr'><strong>Si</strong></span> <span class='ocrx_word' id='word_1_229' title='bbox 717 1818 811 1891; x_wconf 87' lang='lat' dir='ltr'><strong>justos</strong></span> <span class='ocrx_word' id='word_1_230' title='bbox 835 1819 878 1874; x_wconf 86' lang='lat' dir='ltr'><strong>rix</strong></span> <span class='ocrx_word' id='word_1_231' title='bbox 905 1819 997 1873; x_wconf 82' lang='lat' dir='ltr'><strong>salsus</strong></span> <span class='ocrx_word' id='word_1_232' title='bbox 1023 1791 1285 1889; x_wconf 82' lang='lat' dir='ltr'><strong>fit‚Beomputent</strong></span> <span class='ocrx_word' id='word_1_233' title='bbox 1306 1817 1446 1873; x_wconf 85' lang='lat' dir='ltr'><strong>beneficia</strong></span> <span class='ocrx_word' id='word_1_234' title='bbox 1465 1817 1526 1889; x_wconf 90' lang='lat' dir='ltr'><strong>ipsa</strong></span> <span class='ocrx_word' id='word_1_235' title='bbox 1549 1817 1705 1885; x_wconf 88' lang='lat' dir='ltr'><strong>contraria,</strong></span> <span class='ocrx_word' id='word_1_236' title='bbox 1725 1816 1824 1890; x_wconf 89' lang='lat' dir='ltr'><strong>quibus</strong></span> <span class='ocrx_word' id='word_1_237' title='bbox 1839 1815 1908 1871; x_wconf 88' lang='lat' dir='ltr'><strong>indu·</strong></span> 
     </span>
     <span class='ocr_line' id='line_1_18' title="bbox 254 1908 1910 1983; baseline -0.001 -20"><span class='ocrx_word' id='word_1_238' title='bbox 254 1908 377 1980; x_wconf 87' lang='lat' dir='ltr'><strong>injustus</strong></span> <span class='ocrx_word' id='word_1_239' title='bbox 405 1909 452 1966; x_wconf 88' lang='lat' dir='ltr'><strong>ubi</strong></span> <span class='ocrx_word' id='word_1_240' title='bbox 478 1911 592 1983; x_wconf 89' lang='lat' dir='ltr'><strong>parebit</strong></span> <span class='ocrx_word' id='word_1_241' title='bbox 620 1911 719 1981; x_wconf 68' lang='lat' dir='ltr'><strong>(Prae,</strong></span> <span class='ocrx_word' id='word_1_242' title='bbox 743 1929 781 1981; x_wconf 87' lang='grc' dir='ltr'><strong>ιι,</strong></span> <span class='ocrx_word' id='word_1_243' title='bbox 809 1915 853 1980; x_wconf 72' lang='lat'><strong>313</strong></span> <span class='ocrx_word' id='word_1_244' title='bbox 882 1913 893 1968; x_wconf 93' lang='lat'>1</span> <span class='ocrx_word' id='word_1_245' title='bbox 916 1914 1001 1980; x_wconf 63' lang='lat' dir='ltr'><strong>Petu,</strong></span> <span class='ocrx_word' id='word_1_246' title='bbox 1026 1928 1065 1982; x_wconf 83' lang='lat' dir='ltr'><strong>iv,</strong></span> <span class='ocrx_word' id='word_1_247' title='bbox 1117 1913 1267 1966; x_wconf 87' lang='lat' dir='ltr'><strong>cunturut</strong></span> <span class='ocrx_word' id='word_1_248' title='bbox 1283 1913 1421 1982; x_wconf 82' lang='lat' dir='ltr'><strong>pereant3</strong></span> <span class='ocrx_word' id='word_1_249' title='bbox 1435 1912 1594 1967; x_wconf 86' lang='lat' dir='ltr'><strong>nescientes</strong></span> <span class='ocrx_word' id='word_1_250' title='bbox 1610 1927 1760 1982; x_wconf 88' lang='lat' dir='ltr'><strong>nunquam</strong></span> <span class='ocrx_word' id='word_1_251' title='bbox 1780 1909 1910 1978; x_wconf 85' lang='lat' dir='ltr'><strong>llenmju·</strong></span> 
     </span>
     <span class='ocr_line' id='line_1_19' title="bbox 256 2001 1910 2077; baseline -0.001 -20"><span class='ocrx_word' id='word_1_252' title='bbox 256 2003 322 2073; x_wconf 84' lang='lat' dir='ltr'><strong>l8)⁴l</strong></span> <span class='ocrx_word' id='word_1_253' title='bbox 342 2002 479 2059; x_wconf 78' lang='lat' dir='ltr'><strong>»Omnes</strong></span> <span class='ocrx_word' id='word_1_254' title='bbox 499 2021 569 2077; x_wconf 89' lang='lat' dir='ltr'><strong>ergo</strong></span> <span class='ocrx_word' id='word_1_255' title='bbox 591 2005 679 2072; x_wconf 75' lang='lat' dir='ltr'><strong>nme,</strong></span> <span class='ocrx_word' id='word_1_256' title='bbox 701 2021 736 2060; x_wconf 89' lang='lat' dir='ltr'><strong>ne</strong></span> <span class='ocrx_word' id='word_1_257' title='bbox 758 2005 850 2060; x_wconf 86' lang='lat' dir='ltr'><strong>dicam</strong></span> <span class='ocrx_word' id='word_1_258' title='bbox 872 2009 972 2077; x_wconf 74' lang='lat' dir='ltr'><strong>porta,</strong></span> <span class='ocrx_word' id='word_1_259' title='bbox 992 2003 1068 2061; x_wconf 78' lang='lat' dir='ltr'><strong>clau</strong></span> <span class='ocrx_word' id='word_1_260' title='bbox 1116 2020 1182 2060; x_wconf 83' lang='lat' dir='ltr'><strong>sare</strong></span> <span class='ocrx_word' id='word_1_261' title='bbox 1198 2004 1274 2077; x_wconf 91' lang='lat' dir='ltr'><strong>quod</strong></span> <span class='ocrx_word' id='word_1_262' title='bbox 1293 2007 1377 2060; x_wconf 87' lang='lat' dir='ltr'><strong>vetat.</strong></span> <span class='ocrx_word' id='word_1_263' title='bbox 1401 2003 1509 2069; x_wconf 79' lang='lat' dir='ltr'><strong>Quibus</strong></span> <span class='ocrx_word' id='word_1_264' title='bbox 1527 2005 1558 2060; x_wconf 91' lang='lat' dir='ltr'><strong>iu</strong></span> <span class='ocrx_word' id='word_1_265' title='bbox 1578 2009 1691 2060; x_wconf 88' lang='lat' dir='ltr'><strong>tantum</strong></span> <span class='ocrx_word' id='word_1_266' title='bbox 1709 2003 1833 2059; x_wconf 89' lang='lat' dir='ltr'><strong>diabolus</strong></span> <span class='ocrx_word' id='word_1_267' title='bbox 1845 2001 1910 2058; x_wconf 86' lang='lat' dir='ltr'><strong>blae-</strong></span> 
     </span>
     <span class='ocr_line' id='line_1_20' title="bbox 256 2095 1912 2170; baseline -0.001 -20"><span class='ocrx_word' id='word_1_268' title='bbox 256 2095 357 2151; x_wconf 84' lang='lat' dir='ltr'><strong>dandae</strong></span> <span class='ocrx_word' id='word_1_269' title='bbox 372 2099 449 2166; x_wconf 87' lang='lat' dir='ltr'><strong>sunt,</strong></span> <span class='ocrx_word' id='word_1_270' title='bbox 473 2114 510 2153; x_wconf 90' lang='lat' dir='ltr'><strong>ne</strong></span> <span class='ocrx_word' id='word_1_271' title='bbox 530 2113 689 2170; x_wconf 88' lang='lat' dir='ltr'><strong>perunum</strong></span> <span class='ocrx_word' id='word_1_272' title='bbox 708 2099 838 2154; x_wconf 89' lang='lat' dir='ltr'><strong>foramen</strong></span> <span class='ocrx_word' id='word_1_273' title='bbox 859 2103 950 2155; x_wconf 85' lang='lat' dir='ltr'><strong>eastra</strong></span> <span class='ocrx_word' id='word_1_274' title='bbox 969 2098 1067 2154; x_wconf 91' lang='lat' dir='ltr'><strong>omnia</strong></span> <span class='ocrx_word' id='word_1_275' title='bbox 1118 2097 1198 2154; x_wconf 90' lang='lat' dir='ltr'><strong>diens</strong></span> <span class='ocrx_word' id='word_1_276' title='bbox 1222 2097 1402 2153; x_wconf 83' lang='lat' dir='ltr'><strong>securitatem</strong></span> <span class='ocrx_word' id='word_1_277' title='bbox 1426 2105 1568 2170; x_wconf 74' lang='lat' dir='ltr'><strong>preparat</strong></span> <span class='ocrx_word' id='word_1_278' title='bbox 1587 2098 1796 2162; x_wconf 74' lang='lat' dir='ltr'><strong>sanctimonia,</strong></span> <span class='ocrx_word' id='word_1_279' title='bbox 1815 2103 1843 2152; x_wconf 90' lang='lat' dir='ltr'><strong>ut</strong></span> <span class='ocrx_word' id='word_1_280' title='bbox 1861 2112 1912 2148; x_wconf 90' lang='lat' dir='ltr'><strong>con-</strong></span> 
     </span>
     <span class='ocr_line' id='line_1_21' title="bbox 254 2189 1910 2264; baseline -0.002 -20"><span class='ocrx_word' id='word_1_281' title='bbox 254 2194 508 2260; x_wconf 76' lang='lat' dir='ltr'><strong>penetrenturset</strong></span> <span class='ocrx_word' id='word_1_282' title='bbox 522 2191 655 2247; x_wconf 72' lang='lat' dir='ltr'><strong>anniversa</strong></span> <span class='ocrx_word' id='word_1_283' title='bbox 671 2191 872 2263; x_wconf 87' lang='lat' dir='ltr'><strong>componenda</strong></span> <span class='ocrx_word' id='word_1_284' title='bbox 887 2197 953 2247; x_wconf 87' lang='lat' dir='ltr'><strong>sunt</strong></span> <span class='ocrx_word' id='word_1_285' title='bbox 972 2193 1067 2248; x_wconf 90' lang='lat' dir='ltr'><strong>muni·</strong></span> <span class='ocrx_word' id='word_1_286' title='bbox 1113 2192 1229 2264; x_wconf 86' lang='lat' dir='ltr'><strong>junctos</strong></span> <span class='ocrx_word' id='word_1_287' title='bbox 1265 2207 1295 2246; x_wconf 89' lang='lat' dir='ltr'><strong>se</strong></span> <span class='ocrx_word' id='word_1_288' title='bbox 1331 2191 1425 2262; x_wconf 89' lang='lat' dir='ltr'><strong>magis</strong></span> <span class='ocrx_word' id='word_1_289' title='bbox 1455 2193 1599 2246; x_wconf 77' lang='lat' dir='ltr'><strong>estiment</strong></span> <span class='ocrx_word' id='word_1_290' title='bbox 1630 2207 1721 2264; x_wconf 88' lang='lat' dir='ltr'><strong>quam</strong></span> <span class='ocrx_word' id='word_1_291' title='bbox 1760 2189 1910 2261; x_wconf 83' lang='lat' dir='ltr'><strong>disjunctos,</strong></span> 
     </span>
     <span class='ocr_line' id='line_1_22' title="bbox 256 2279 1911 2357; baseline -0.002 -20"><span class='ocrx_word' id='word_1_292' title='bbox 256 2287 362 2352; x_wconf 91' lang='lat' dir='ltr'><strong>menta,</strong></span> <span class='ocrx_word' id='word_1_293' title='bbox 379 2299 415 2340; x_wconf 94' lang='lat' dir='ltr'><strong>ne</strong></span> <span class='ocrx_word' id='word_1_294' title='bbox 433 2285 639 2355; x_wconf 87' lang='lat' dir='ltr'><strong>permodicum</strong></span> <span class='ocrx_word' id='word_1_295' title='bbox 659 2302 717 2341; x_wconf 91' lang='lat' dir='ltr'><strong>non</strong></span> <span class='ocrx_word' id='word_1_296' title='bbox 737 2285 881 2341; x_wconf 89' lang='lat' dir='ltr'><strong>munitum</strong></span> <span class='ocrx_word' id='word_1_297' title='bbox 897 2289 955 2340; x_wconf 84' lang='lat' dir='ltr'><strong>tota</strong></span> <span class='ocrx_word' id='word_1_298' title='bbox 970 2279 1068 2341; x_wconf 83' lang='lat' dir='ltr'><strong>civitas</strong></span> <span class='ocrx_word' id='word_1_299' title='bbox 1117 2285 1278 2340; x_wconf 84' lang='lat' dir='ltr'><strong>immobiles</strong></span> <span class='ocrx_word' id='word_1_300' title='bbox 1300 2285 1375 2340; x_wconf 88' lang='lat' dir='ltr'><strong>circa</strong></span> <span class='ocrx_word' id='word_1_301' title='bbox 1395 2283 1545 2340; x_wconf 88' lang='lat' dir='ltr'><strong>libidinem</strong></span> <span class='ocrx_word' id='word_1_302' title='bbox 1568 2285 1727 2357; x_wconf 87' lang='lat' dir='ltr'><strong>perdurare</strong></span> <span class='ocrx_word' id='word_1_303' title='bbox 1750 2301 1757 2340; x_wconf 79' lang='grc' dir='ltr'><strong>ι</strong></span> <span class='ocrx_word' id='word_1_304' title='bbox 1777 2300 1844 2355; x_wconf 92' lang='lat' dir='ltr'><strong>quos</strong></span> <span class='ocrx_word' id='word_1_305' title='bbox 1861 2298 1911 2337; x_wconf 91' lang='lat' dir='ltr'><strong>cum</strong></span> 
     </span>
     <span class='ocr_line' id='line_1_23' title="bbox 255 2376 1913 2452; baseline -0.001 -22"><span class='ocrx_word' id='word_1_306' title='bbox 255 2379 331 2444; x_wconf 88' lang='lat' dir='ltr'><strong>ruat,</strong></span> <span class='ocrx_word' id='word_1_307' title='bbox 347 2377 418 2432; x_wconf 90' lang='lat' dir='ltr'><strong>sicut</strong></span> <span class='ocrx_word' id='word_1_308' title='bbox 435 2377 567 2432; x_wconf 76' lang='lat' dir='ltr'><strong>Salonam</strong></span> <span class='ocrx_word' id='word_1_309' title='bbox 587 2379 699 2450; x_wconf 87' lang='lat' dir='ltr'><strong>repetit,</strong></span> <span class='ocrx_word' id='word_1_310' title='bbox 722 2379 821 2434; x_wconf 91' lang='lat' dir='ltr'><strong>dicens</strong></span> <span class='ocrx_word' id='word_1_311' title='bbox 835 2396 842 2433; x_wconf 91' lang='lat'><strong>:</strong></span> <span class='ocrx_word' id='word_1_312' title='bbox 858 2399 872 2429; x_wconf 77' lang='lat' dir='ltr'><strong>a</strong></span> <span class='ocrx_word' id='word_1_313' title='bbox 888 2379 942 2445; x_wconf 85' lang='lat' dir='ltr'><strong>Qui</strong></span> <span class='ocrx_word' id='word_1_314' title='bbox 959 2380 1069 2451; x_wconf 87' lang='lat' dir='ltr'><strong>spernit</strong></span> <span class='ocrx_word' id='word_1_315' title='bbox 1118 2378 1196 2433; x_wconf 91' lang='lat' dir='ltr'><strong>omui</strong></span> <span class='ocrx_word' id='word_1_316' title='bbox 1216 2378 1419 2452; x_wconf 87' lang='lat' dir='ltr'><strong>tranquillitate</strong></span> <span class='ocrx_word' id='word_1_317' title='bbox 1442 2377 1594 2446; x_wconf 91' lang='lat' dir='ltr'><strong>deducens,</strong></span> <span class='ocrx_word' id='word_1_318' title='bbox 1621 2377 1710 2433; x_wconf 89' lang='lat' dir='ltr'><strong>nullis</strong></span> <span class='ocrx_word' id='word_1_319' title='bbox 1732 2376 1855 2450; x_wconf 88' lang='lat' dir='ltr'><strong>procellis</strong></span> <span class='ocrx_word' id='word_1_320' title='bbox 1874 2379 1913 2429; x_wconf 90' lang='lat' dir='ltr'><strong>aut</strong></span> 
     </span>
     <span class='ocr_line' id='line_1_24' title="bbox 256 2468 1912 2544; baseline 0 -22"><span class='ocrx_word' id='word_1_321' title='bbox 256 2468 381 2536; x_wconf 90' lang='lat' dir='ltr'><strong>modica,</strong></span> <span class='ocrx_word' id='word_1_322' title='bbox 396 2470 537 2542; x_wconf 86' lang='lat' dir='ltr'><strong>paulatim</strong></span> <span class='ocrx_word' id='word_1_323' title='bbox 552 2471 634 2526; x_wconf 84' lang='lat' dir='ltr'><strong>cadet</strong></span> <span class='ocrx_word' id='word_1_324' title='bbox 649 2473 701 2542; x_wconf 84' lang='grc'>(37)</span> <span class='ocrx_word' id='word_1_325' title='bbox 720 2473 823 2542; x_wconf 74' lang='lat' dir='ltr'><strong>(ticoli,</strong></span> <span class='ocrx_word' id='word_1_326' title='bbox 839 2488 894 2540; x_wconf 87' lang='grc' dir='ltr'><strong>ιιι,</strong></span> <span class='ocrx_word' id='word_1_327' title='bbox 910 2472 947 2544; x_wconf 77' lang='grc' dir='ltr'><strong>ι).</strong></span> <span class='ocrx_word' id='word_1_328' title='bbox 964 2495 978 2524; x_wconf 72' lang='lat' dir='ltr'><strong>a</strong></span> <span class='ocrx_word' id='word_1_329' title='bbox 1118 2472 1250 2527; x_wconf 88' lang='lat' dir='ltr'><strong>fluctibus</strong></span> <span class='ocrx_word' id='word_1_330' title='bbox 1265 2471 1423 2544; x_wconf 83' lang='lat' dir='ltr'><strong>inquietat3</strong></span> <span class='ocrx_word' id='word_1_331' title='bbox 1444 2477 1471 2527; x_wconf 86' lang='lat' dir='ltr'><strong>et</strong></span> <span class='ocrx_word' id='word_1_332' title='bbox 1487 2472 1563 2527; x_wconf 82' lang='lat' dir='ltr'><strong>velut</strong></span> <span class='ocrx_word' id='word_1_333' title='bbox 1581 2473 1611 2527; x_wconf 92' lang='lat' dir='ltr'><strong>in</strong></span> <span class='ocrx_word' id='word_1_334' title='bbox 1633 2471 1730 2527; x_wconf 90' lang='lat' dir='ltr'><strong>medio</strong></span> <span class='ocrx_word' id='word_1_335' title='bbox 1748 2471 1817 2526; x_wconf 90' lang='lat' dir='ltr'><strong>mari</strong></span> <span class='ocrx_word' id='word_1_336' title='bbox 1836 2469 1912 2524; x_wconf 88' lang='lat' dir='ltr'><strong>minus</strong></span> 
     </span>
    </p>
   </div>
   <div class='ocr_carea' id='block_1_6' title="bbox 256 2563 1972 2742">
    <p class='ocr_par' dir='ltr' id='par_1_6' title="bbox 256 2563 1972 2742">
     <span class='ocr_line' id='line_1_25' title="bbox 292 2563 1972 2640; baseline -0.001 -24"><span class='ocrx_word' id='word_1_337' title='bbox 292 2563 335 2617; x_wconf 76' lang='lat' dir='ltr'><strong>Fit</strong></span> <span class='ocrx_word' id='word_1_338' title='bbox 358 2563 450 2618; x_wconf 90' lang='lat' dir='ltr'><strong>studio</strong></span> <span class='ocrx_word' id='word_1_339' title='bbox 467 2565 520 2632; x_wconf 87' lang='grc'>(38)</span> <span class='ocrx_word' id='word_1_340' title='bbox 543 2569 640 2620; x_wconf 85' lang='lat' dir='ltr'><strong>aufem</strong></span> <span class='ocrx_word' id='word_1_341' title='bbox 662 2565 748 2637; x_wconf 85' lang='lat' dir='ltr'><strong>hujus</strong></span> <span class='ocrx_word' id='word_1_342' title='bbox 768 2566 972 2638; x_wconf 80' lang='lat' dir='ltr'><strong>perversitatis,</strong></span> <span class='ocrx_word' id='word_1_343' title='bbox 992 2565 1067 2621; x_wconf 90' lang='lat' dir='ltr'><strong>arbi·</strong></span> <span class='ocrx_word' id='word_1_344' title='bbox 1118 2568 1215 2620; x_wconf 86' lang='lat' dir='ltr'><strong>cautos</strong></span> <span class='ocrx_word' id='word_1_345' title='bbox 1235 2564 1345 2620; x_wconf 88' lang='lat' dir='ltr'><strong>inducit</strong></span> <span class='ocrx_word' id='word_1_346' title='bbox 1359 2565 1487 2619; x_wconf 87' lang='lat' dir='ltr'><strong>relaxare</strong></span> <span class='ocrx_word' id='word_1_347' title='bbox 1509 2564 1583 2633; x_wconf 85' lang='lat' dir='ltr'><strong>vela,</strong></span> <span class='ocrx_word' id='word_1_348' title='bbox 1605 2580 1659 2619; x_wconf 91' lang='lat' dir='ltr'><strong>nec</strong></span> <span class='ocrx_word' id='word_1_349' title='bbox 1680 2580 1807 2637; x_wconf 77' lang='lat' dir='ltr'><strong>quarere</strong></span> <span class='ocrx_word' id='word_1_350' title='bbox 1826 2563 1911 2634; x_wconf 84' lang='lat' dir='ltr'><strong>guber-</strong></span> <span class='ocrx_word' id='word_1_351' title='bbox 1971 2621 1972 2640; x_wconf 22' lang='lat'>¹</span> 
     </span>
     <span class='ocr_line' id='line_1_26' title="bbox 256 2656 1972 2742; baseline -0.002 -33"><span class='ocrx_word' id='word_1_352' title='bbox 256 2659 327 2722; x_wconf 90' lang='lat' dir='ltr'><strong>tror,</strong></span> <span class='ocrx_word' id='word_1_353' title='bbox 343 2659 404 2710; x_wconf 90' lang='lat' dir='ltr'><strong>uta</strong></span> <span class='ocrx_word' id='word_1_354' title='bbox 421 2656 529 2712; x_wconf 88' lang='lat' dir='ltr'><strong>clericis</strong></span> <span class='ocrx_word' id='word_1_355' title='bbox 548 2657 584 2713; x_wconf 93' lang='lat' dir='ltr'><strong>ad</strong></span> <span class='ocrx_word' id='word_1_356' title='bbox 597 2657 834 2714; x_wconf 89' lang='lat' dir='ltr'><strong>communitatem</strong></span> <span class='ocrx_word' id='word_1_357' title='bbox 853 2659 960 2714; x_wconf 83' lang='lat' dir='ltr'><strong>femina</strong></span> <span class='ocrx_word' id='word_1_358' title='bbox 979 2660 1089 2732; x_wconf 74' lang='lat' dir='ltr'><strong>magis</strong></span> <span class='ocrx_word' id='word_1_359' title='bbox 1118 2659 1228 2725; x_wconf 91' lang='lat' dir='ltr'><strong>nacula,</strong></span> <span class='ocrx_word' id='word_1_360' title='bbox 1246 2664 1277 2714; x_wconf 87' lang='lat' dir='ltr'><strong>ut</strong></span> <span class='ocrx_word' id='word_1_361' title='bbox 1294 2658 1386 2714; x_wconf 90' lang='lat' dir='ltr'><strong>subita</strong></span> <span class='ocrx_word' id='word_1_362' title='bbox 1404 2661 1573 2728; x_wconf 80' lang='lat' dir='ltr'><strong>tempestate</strong></span> <span class='ocrx_word' id='word_1_363' title='bbox 1593 2659 1765 2727; x_wconf 88' lang='lat' dir='ltr'><strong>concitatos,</strong></span> <span class='ocrx_word' id='word_1_364' title='bbox 1782 2657 1913 2725; x_wconf 84' lang='lat' dir='ltr'><strong>naufragos</strong></span> <span class='ocrx_word' id='word_1_365' title='bbox 1971 2675 1972 2742; x_wconf 40' lang='lat'><em>3</em></span> 
     </span>
    </p>
   </div>
   <div class='ocr_carea' id='block_1_7' title="bbox 256 2748 1913 3105">
    <p class='ocr_par' dir='ltr' id='par_1_7' title="bbox 256 2748 1913 3105">
     <span class='ocr_line' id='line_1_27' title="bbox 256 2748 1912 2824; baseline -0.001 -21"><span class='ocrx_word' id='word_1_366' title='bbox 256 2765 341 2820; x_wconf 88' lang='lat' dir='ltr'><strong>quam</strong></span> <span class='ocrx_word' id='word_1_367' title='bbox 362 2751 504 2805; x_wconf 89' lang='lat' dir='ltr'><strong>masculus</strong></span> <span class='ocrx_word' id='word_1_368' title='bbox 523 2751 653 2823; x_wconf 81' lang='lat' dir='ltr'><strong>eligatur.</strong></span> <span class='ocrx_word' id='word_1_369' title='bbox 673 2751 817 2824; x_wconf 88' lang='lat' dir='ltr'><strong>Numquid</strong></span> <span class='ocrx_word' id='word_1_370' title='bbox 835 2757 946 2807; x_wconf 74' lang='lat' dir='ltr'><strong>mutum</strong></span> <span class='ocrx_word' id='word_1_371' title='bbox 964 2753 1070 2808; x_wconf 88' lang='lat' dir='ltr'><strong>mulier</strong></span> <span class='ocrx_word' id='word_1_372' title='bbox 1119 2768 1153 2808; x_wconf 90' lang='lat' dir='ltr'><strong>ex</strong></span> <span class='ocrx_word' id='word_1_373' title='bbox 1177 2752 1318 2823; x_wconf 87' lang='lat' dir='ltr'><strong>insperata</strong></span> <span class='ocrx_word' id='word_1_374' title='bbox 1334 2751 1525 2806; x_wconf 88' lang='lat' dir='ltr'><strong>commotione</strong></span> <span class='ocrx_word' id='word_1_375' title='bbox 1545 2750 1725 2822; x_wconf 88' lang='lat' dir='ltr'><strong>submergat.</strong></span> <span class='ocrx_word' id='word_1_376' title='bbox 1748 2751 1820 2805; x_wconf 85' lang='lat' dir='ltr'><strong>lianc</strong></span> <span class='ocrx_word' id='word_1_377' title='bbox 1837 2748 1912 2821; x_wconf 87' lang='lat' dir='ltr'><strong>prino</strong></span> 
     </span>
     <span class='ocr_line' id='line_1_28' title="bbox 257 2841 1911 2919; baseline -0.001 -23"><span class='ocrx_word' id='word_1_378' title='bbox 257 2842 352 2897; x_wconf 90' lang='lat' dir='ltr'><strong>utilior</strong></span> <span class='ocrx_word' id='word_1_379' title='bbox 382 2847 425 2899; x_wconf 88' lang='lat' dir='ltr'><strong>est</strong></span> <span class='ocrx_word' id='word_1_380' title='bbox 455 2843 613 2900; x_wconf 88' lang='lat' dir='ltr'><strong>commodis</strong></span> <span class='ocrx_word' id='word_1_381' title='bbox 645 2845 750 2913; x_wconf 89' lang='lat' dir='ltr'><strong>clerici,</strong></span> <span class='ocrx_word' id='word_1_382' title='bbox 781 2851 922 2918; x_wconf 89' lang='lat' dir='ltr'><strong>quantum</strong></span> <span class='ocrx_word' id='word_1_383' title='bbox 952 2845 1070 2919; x_wconf 84' lang='lat' dir='ltr'><strong>prodest</strong></span> <span class='ocrx_word' id='word_1_384' title='bbox 1119 2845 1236 2902; x_wconf 90' lang='lat' dir='ltr'><strong>exbibet</strong></span> <span class='ocrx_word' id='word_1_385' title='bbox 1249 2844 1407 2914; x_wconf 86' lang='lat' dir='ltr'><strong>leuitatem,</strong></span> <span class='ocrx_word' id='word_1_386' title='bbox 1429 2850 1460 2900; x_wconf 91' lang='lat' dir='ltr'><strong>ut</strong></span> <span class='ocrx_word' id='word_1_387' title='bbox 1477 2845 1546 2900; x_wconf 87' lang='lat' dir='ltr'><strong>duas</strong></span> <span class='ocrx_word' id='word_1_388' title='bbox 1565 2861 1651 2900; x_wconf 82' lang='lat' dir='ltr'><strong>nares</strong></span> <span class='ocrx_word' id='word_1_389' title='bbox 1672 2845 1796 2899; x_wconf 88' lang='lat' dir='ltr'><strong>oblectet</strong></span> <span class='ocrx_word' id='word_1_390' title='bbox 1808 2842 1841 2898; x_wconf 89' lang='lat' dir='ltr'><strong>ad</strong></span> <span class='ocrx_word' id='word_1_391' title='bbox 1853 2841 1911 2896; x_wconf 86' lang='lat' dir='ltr'><strong>iuvi·</strong></span> 
     </span>
     <span class='ocr_line' id='line_1_29' title="bbox 257 2937 1910 3010; baseline -0.002 -18"><span class='ocrx_word' id='word_1_392' title='bbox 257 2937 397 2992; x_wconf 86' lang='lat' dir='ltr'><strong>masculua</strong></span> <span class='ocrx_word' id='word_1_393' title='bbox 417 2938 574 3006; x_wconf 88' lang='lat' dir='ltr'><strong>continens,</strong></span> <span class='ocrx_word' id='word_1_394' title='bbox 596 2939 639 2994; x_wconf 83' lang='lat' dir='ltr'><strong>vel</strong></span> <span class='ocrx_word' id='word_1_395' title='bbox 657 2955 729 3010; x_wconf 88' lang='lat' dir='ltr'><strong>puer</strong></span> <span class='ocrx_word' id='word_1_396' title='bbox 745 2941 869 2995; x_wconf 89' lang='lat' dir='ltr'><strong>masculo</strong></span> <span class='ocrx_word' id='word_1_397' title='bbox 890 2939 1070 2995; x_wconf 87' lang='lat' dir='ltr'><strong>continentif</strong></span> <span class='ocrx_word' id='word_1_398' title='bbox 1120 2956 1182 2995; x_wconf 90' lang='lat' dir='ltr'><strong>cem</strong></span> <span class='ocrx_word' id='word_1_399' title='bbox 1206 2939 1357 2994; x_wconf 83' lang='lat' dir='ltr'><strong>convenire</strong></span> <span class='ocrx_word' id='word_1_400' title='bbox 1368 2955 1377 3008; x_wconf 92' lang='lat'>;</span> <span class='ocrx_word' id='word_1_401' title='bbox 1394 2955 1466 3010; x_wconf 88' lang='lat' dir='ltr'><strong>quas</strong></span> <span class='ocrx_word' id='word_1_402' title='bbox 1486 2955 1552 2993; x_wconf 90' lang='lat' dir='ltr'><strong>cum</strong></span> <span class='ocrx_word' id='word_1_403' title='bbox 1571 2937 1669 2994; x_wconf 86' lang='lat' dir='ltr'><strong>facerit</strong></span> <span class='ocrx_word' id='word_1_404' title='bbox 1684 2938 1809 3009; x_wconf 85' lang='lat' dir='ltr'><strong>junctas,</strong></span> <span class='ocrx_word' id='word_1_405' title='bbox 1827 2951 1910 3005; x_wconf 87' lang='lat' dir='ltr'><strong>repan-</strong></span> 
     </span>
     <span class='ocr_line' id='line_1_30' title="bbox 257 3029 1913 3105; baseline -0.004 -19"><span class='ocrx_word' id='word_1_406' title='bbox 257 3033 312 3086; x_wconf 85' lang='lat' dir='ltr'><strong>flut</strong></span> <span class='ocrx_word' id='word_1_407' title='bbox 326 3030 387 3101; x_wconf 89' lang='lat' dir='ltr'><strong>ipsa</strong></span> <span class='ocrx_word' id='word_1_408' title='bbox 406 3031 461 3086; x_wconf 91' lang='lat' dir='ltr'><strong>erit</strong></span> <span class='ocrx_word' id='word_1_409' title='bbox 476 3030 581 3088; x_wconf 90' lang='lat' dir='ltr'><strong>decens</strong></span> <span class='ocrx_word' id='word_1_410' title='bbox 601 3031 716 3100; x_wconf 87' lang='lat' dir='ltr'><strong>utilitas,</strong></span> <span class='ocrx_word' id='word_1_411' title='bbox 734 3049 818 3105; x_wconf 89' lang='lat' dir='ltr'><strong>quam</strong></span> <span class='ocrx_word' id='word_1_412' title='bbox 837 3033 971 3089; x_wconf 86' lang='lat' dir='ltr'><strong>indecens</strong></span> <span class='ocrx_word' id='word_1_413' title='bbox 990 3049 1068 3088; x_wconf 85' lang='lat' dir='ltr'><strong>corn·</strong></span> <span class='ocrx_word' id='word_1_414' title='bbox 1120 3033 1188 3089; x_wconf 91' lang='lat' dir='ltr'><strong>tinis</strong></span> <span class='ocrx_word' id='word_1_415' title='bbox 1206 3031 1365 3088; x_wconf 90' lang='lat' dir='ltr'><strong>turbinibus</strong></span> <span class='ocrx_word' id='word_1_416' title='bbox 1386 3031 1416 3086; x_wconf 91' lang='lat' dir='ltr'><strong>in</strong></span> <span class='ocrx_word' id='word_1_417' title='bbox 1433 3033 1600 3103; x_wconf 88' lang='lat' dir='ltr'><strong>semetipsas</strong></span> <span class='ocrx_word' id='word_1_418' title='bbox 1613 3031 1721 3086; x_wconf 89' lang='lat' dir='ltr'><strong>elidere</strong></span> <span class='ocrx_word' id='word_1_419' title='bbox 1736 3031 1790 3102; x_wconf 78' lang='lat' dir='ltr'><strong>(ll)</strong></span> <span class='ocrx_word' id='word_1_420' title='bbox 1805 3029 1881 3101; x_wconf 88' lang='lat' dir='ltr'><strong>possit</strong></span> <span class='ocrx_word' id='word_1_421' title='bbox 1892 3029 1913 3081; x_wconf 84' lang='lat' dir='ltr'><strong>et</strong></span> 
     </span>
    </p>
   </div>
   <div class='ocr_carea' id='block_1_8' title="bbox 257 3119 1972 3479">
    <p class='ocr_par' dir='ltr' id='par_1_8' title="bbox 257 3111 1972 3479">
     <span class='ocr_line' id='line_1_31' title="bbox 257 3119 1912 3224; baseline -0.002 -47"><span class='ocrx_word' id='word_1_422' title='bbox 257 3123 381 3195; x_wconf 84' lang='lat' dir='ltr'><strong>munitas</strong></span> <span class='ocrx_word' id='word_1_423' title='bbox 404 3124 496 3180; x_wconf 81' lang='lat' dir='ltr'><strong>faciti</strong></span> <span class='ocrx_word' id='word_1_424' title='bbox 521 3127 554 3180; x_wconf 85' lang='lat' dir='ltr'><strong>Et</strong></span> <span class='ocrx_word' id='word_1_425' title='bbox 583 3125 629 3180; x_wconf 88' lang='lat' dir='ltr'><strong>ubi</strong></span> <span class='ocrx_word' id='word_1_426' title='bbox 654 3125 708 3181; x_wconf 89' lang='lat' dir='ltr'><strong>erit</strong></span> <span class='ocrx_word' id='word_1_427' title='bbox 737 3125 816 3197; x_wconf 91' lang='lat' dir='ltr'><strong>quod</strong></span> <span class='ocrx_word' id='word_1_428' title='bbox 840 3125 973 3182; x_wconf 89' lang='lat' dir='ltr'><strong>Salomon</strong></span> <span class='ocrx_word' id='word_1_429' title='bbox 999 3127 1038 3182; x_wconf 88' lang='lat' dir='ltr'><strong>eft</strong></span> <span class='ocrx_word' id='word_1_430' title='bbox 1060 3127 1255 3224; x_wconf 79' lang='lat' dir='ltr'><strong>:Cfrangere</strong></span> <span class='ocrx_word' id='word_1_431' title='bbox 1272 3141 1279 3181; x_wconf 92' lang='lat'>:</span> <span class='ocrx_word' id='word_1_432' title='bbox 1297 3131 1325 3180; x_wconf 94' lang='lat' dir='ltr'><strong>et</strong></span> <span class='ocrx_word' id='word_1_433' title='bbox 1339 3125 1382 3180; x_wconf 90' lang='lat' dir='ltr'><strong>bis</strong></span> <span class='ocrx_word' id='word_1_434' title='bbox 1402 3125 1491 3181; x_wconf 89' lang='lat' dir='ltr'><strong>utitur</strong></span> <span class='ocrx_word' id='word_1_435' title='bbox 1508 3124 1724 3193; x_wconf 83' lang='lat' dir='ltr'><strong>blandimentis,</strong></span> <span class='ocrx_word' id='word_1_436' title='bbox 1741 3128 1771 3178; x_wconf 89' lang='lat' dir='ltr'><strong>ut</strong></span> <span class='ocrx_word' id='word_1_437' title='bbox 1786 3119 1912 3176; x_wconf 82' lang='lat' dir='ltr'><strong>subtractis</strong></span> 
     </span>
     <span class='ocr_line' id='line_1_32' title="bbox 260 3217 1972 3291; baseline -0.003 -20"><span class='ocrx_word' id='word_1_438' title='bbox 260 3237 275 3266; x_wconf 81' lang='lat' dir='ltr'><strong>e</strong></span> <span class='ocrx_word' id='word_1_439' title='bbox 287 3217 378 3272; x_wconf 85' lang='lat' dir='ltr'><strong>Omne</strong></span> <span class='ocrx_word' id='word_1_440' title='bbox 391 3217 496 3272; x_wconf 90' lang='lat' dir='ltr'><strong>animal</strong></span> <span class='ocrx_word' id='word_1_441' title='bbox 510 3217 710 3290; x_wconf 90' lang='lat' dir='ltr'><strong>diligltsimile</strong></span> <span class='ocrx_word' id='word_1_442' title='bbox 722 3219 774 3274; x_wconf 91' lang='lat' dir='ltr'><strong>sibi</strong></span> <span class='ocrx_word' id='word_1_443' title='bbox 788 3220 894 3291; x_wconf 76' lang='lat' dir='ltr'><strong>(Beati,</strong></span> <span class='ocrx_word' id='word_1_444' title='bbox 909 3219 1069 3290; x_wconf 81' lang='lat' dir='ltr'><strong>xur,f9)i»</strong></span> <span class='ocrx_word' id='word_1_445' title='bbox 1121 3219 1252 3274; x_wconf 92' lang='lat' dir='ltr'><strong>omnibus</strong></span> <span class='ocrx_word' id='word_1_446' title='bbox 1279 3218 1382 3290; x_wconf 85' lang='lat' dir='ltr'><strong>jaculis</strong></span> <span class='ocrx_word' id='word_1_447' title='bbox 1409 3233 1594 3290; x_wconf 87' lang='lat' dir='ltr'><strong>compescens</strong></span> <span class='ocrx_word' id='word_1_448' title='bbox 1622 3219 1753 3286; x_wconf 85' lang='lat' dir='ltr'><strong>adversa,</strong></span> <span class='ocrx_word' id='word_1_449' title='bbox 1779 3229 1911 3288; x_wconf 78' lang='lat' dir='ltr'><strong>suggerens</strong></span> <span class='ocrx_word' id='word_1_450' title='bbox 1971 3221 1972 3248; x_wconf 61' lang='lat' dir='ltr'><strong>t</strong></span> 
     </span>
     <span class='ocr_line' id='line_1_33' title="bbox 257 3305 1972 3386; baseline -0.005 -22"><span class='ocrx_word' id='word_1_451' title='bbox 257 3311 291 3364; x_wconf 85' lang='lat' dir='ltr'><strong>Et</strong></span> <span class='ocrx_word' id='word_1_452' title='bbox 317 3310 421 3366; x_wconf 89' lang='lat' dir='ltr'><strong>iterum</strong></span> <span class='ocrx_word' id='word_1_453' title='bbox 447 3327 454 3366; x_wconf 75' lang='grc' dir='ltr'><em>τ</em></span> <span class='ocrx_word' id='word_1_454' title='bbox 483 3332 497 3362; x_wconf 79' lang='lat' dir='ltr'><strong>a</strong></span> <span class='ocrx_word' id='word_1_455' title='bbox 524 3311 652 3367; x_wconf 85' lang='lat' dir='ltr'><strong>Volatflie</strong></span> <span class='ocrx_word' id='word_1_456' title='bbox 682 3313 717 3368; x_wconf 88' lang='lat' dir='ltr'><strong>ad</strong></span> <span class='ocrx_word' id='word_1_457' title='bbox 748 3312 802 3368; x_wconf 90' lang='lat' dir='ltr'><strong>sibl</strong></span> <span class='ocrx_word' id='word_1_458' title='bbox 834 3313 939 3368; x_wconf 88' lang='lat' dir='ltr'><strong>similia</strong></span> <span class='ocrx_word' id='word_1_459' title='bbox 966 3329 1068 3369; x_wconf 83' lang='lat' dir='ltr'><strong>conve·</strong></span> <span class='ocrx_word' id='word_1_460' title='bbox 1120 3329 1266 3386; x_wconf 89' lang='lat' dir='ltr'><strong>prospera,</strong></span> <span class='ocrx_word' id='word_1_461' title='bbox 1283 3311 1381 3367; x_wconf 89' lang='lat' dir='ltr'><strong>tandiu</strong></span> <span class='ocrx_word' id='word_1_462' title='bbox 1398 3313 1522 3382; x_wconf 85' lang='lat' dir='ltr'><strong>sopitum</strong></span> <span class='ocrx_word' id='word_1_463' title='bbox 1538 3313 1634 3382; x_wconf 89' lang='lat' dir='ltr'><strong>ignem</strong></span> <span class='ocrx_word' id='word_1_464' title='bbox 1655 3313 1718 3366; x_wconf 91' lang='lat' dir='ltr'><strong>sine</strong></span> <span class='ocrx_word' id='word_1_465' title='bbox 1734 3305 1911 3365; x_wconf 88' lang='lat' dir='ltr'><strong>ullistlamuis</strong></span> <span class='ocrx_word' id='word_1_466' title='bbox 1971 3315 1972 3356; x_wconf 58' lang='lat' dir='ltr'><strong>t</strong></span> 
     </span>
     <span class='ocr_line' id='line_1_34' title="bbox 259 3397 1912 3479; baseline -0.004 -21"><span class='ocrx_word' id='word_1_467' title='bbox 259 3403 343 3459; x_wconf 89' lang='lat' dir='ltr'><strong>nlunt</strong></span> <span class='ocrx_word' id='word_1_468' title='bbox 361 3403 467 3478; x_wconf 70' lang='lat' dir='ltr'><strong>(necta,</strong></span> <span class='ocrx_word' id='word_1_469' title='bbox 486 3421 568 3474; x_wconf 84' lang='grc' dir='ltr'><strong>ιιιιι,</strong></span> <span class='ocrx_word' id='word_1_470' title='bbox 585 3405 638 3476; x_wconf 80' lang='grc'>10),</span> <span class='ocrx_word' id='word_1_471' title='bbox 660 3406 790 3462; x_wconf 84' lang='lat' dir='ltr'><strong>»Sedet</strong></span> <span class='ocrx_word' id='word_1_472' title='bbox 810 3406 832 3462; x_wconf 91' lang='lat' dir='ltr'><strong>si</strong></span> <span class='ocrx_word' id='word_1_473' title='bbox 850 3407 956 3462; x_wconf 89' lang='lat' dir='ltr'><strong>femina</strong></span> <span class='ocrx_word' id='word_1_474' title='bbox 974 3406 1072 3462; x_wconf 90' lang='lat' dir='ltr'><strong>utilior</strong></span> <span class='ocrx_word' id='word_1_475' title='bbox 1121 3407 1241 3461; x_wconf 87' lang='lat' dir='ltr'><strong>occultet</strong></span> <span class='ocrx_word' id='word_1_476' title='bbox 1263 3404 1331 3479; x_wconf 73' lang='lat' dir='ltr'><strong>(lt),</strong></span> <span class='ocrx_word' id='word_1_477' title='bbox 1356 3403 1447 3461; x_wconf 91' lang='lat' dir='ltr'><strong>donec</strong></span> <span class='ocrx_word' id='word_1_478' title='bbox 1468 3405 1538 3459; x_wconf 88' lang='lat' dir='ltr'><strong>duas</strong></span> <span class='ocrx_word' id='word_1_479' title='bbox 1564 3405 1672 3460; x_wconf 89' lang='lat' dir='ltr'><strong>faculas</strong></span> <span class='ocrx_word' id='word_1_480' title='bbox 1694 3404 1827 3475; x_wconf 86' lang='lat' dir='ltr'><strong>jungens,</strong></span> <span class='ocrx_word' id='word_1_481' title='bbox 1844 3397 1912 3455; x_wconf 87' lang='lat' dir='ltr'><strong>simul</strong></span> 
     </span>
    </p>
   </div>
   <div class='ocr_carea' id='block_1_9' title="bbox 258 3491 1914 4138">
    <p class='ocr_par' dir='ltr' id='par_1_9' title="bbox 258 3491 1914 4138">
     <span class='ocr_line' id='line_1_35' title="bbox 260 3491 1913 3570; baseline -0.005 -16"><span class='ocrx_word' id='word_1_482' title='bbox 260 3497 449 3567; x_wconf 89' lang='lat' dir='ltr'><strong>existimatur,</strong></span> <span class='ocrx_word' id='word_1_483' title='bbox 473 3515 532 3555; x_wconf 91' lang='lat' dir='ltr'><strong>non</strong></span> <span class='ocrx_word' id='word_1_484' title='bbox 555 3498 703 3570; x_wconf 87' lang='lat' dir='ltr'><strong>oportebat</strong></span> <span class='ocrx_word' id='word_1_485' title='bbox 730 3499 853 3555; x_wconf 74' lang='lat' dir='ltr'><strong>manalis</strong></span> <span class='ocrx_word' id='word_1_486' title='bbox 878 3501 1072 3556; x_wconf 90' lang='lat' dir='ltr'><strong>emolumenta</strong></span> <span class='ocrx_word' id='word_1_487' title='bbox 1121 3499 1218 3555; x_wconf 90' lang='lat' dir='ltr'><strong>ambas</strong></span> <span class='ocrx_word' id='word_1_488' title='bbox 1233 3498 1369 3554; x_wconf 90' lang='lat' dir='ltr'><strong>accendat</strong></span> <span class='ocrx_word' id='word_1_489' title='bbox 1384 3517 1390 3553; x_wconf 80' lang='grc' dir='ltr'><strong>ι</strong></span> <span class='ocrx_word' id='word_1_490' title='bbox 1406 3501 1436 3554; x_wconf 92' lang='lat' dir='ltr'><strong>et</strong></span> <span class='ocrx_word' id='word_1_491' title='bbox 1449 3497 1550 3553; x_wconf 89' lang='lat' dir='ltr'><strong>tandiu</strong></span> <span class='ocrx_word' id='word_1_492' title='bbox 1567 3500 1657 3553; x_wconf 86' lang='lat' dir='ltr'><strong>cesset</strong></span> <span class='ocrx_word' id='word_1_493' title='bbox 1674 3497 1788 3553; x_wconf 70' lang='lat' dir='ltr'><strong>savinae</strong></span> <span class='ocrx_word' id='word_1_494' title='bbox 1806 3511 1857 3549; x_wconf 82' lang='lat' dir='ltr'><strong>sue</strong></span> <span class='ocrx_word' id='word_1_495' title='bbox 1869 3491 1913 3546; x_wconf 87' lang='lat' dir='ltr'><strong>tela</strong></span> 
     </span>
     <span class='ocr_line' id='line_1_36' title="bbox 258 3590 1914 3668; baseline -0.004 -18"><span class='ocrx_word' id='word_1_496' title='bbox 258 3611 424 3667; x_wconf 75' lang='lat' dir='ltr'><strong>preponere</strong></span> <span class='ocrx_word' id='word_1_497' title='bbox 446 3594 616 3652; x_wconf 87' lang='lat' dir='ltr'><strong>utilitatibus</strong></span> <span class='ocrx_word' id='word_1_498' title='bbox 637 3596 806 3668; x_wconf 88' lang='lat' dir='ltr'><strong>spiritalium</strong></span> <span class='ocrx_word' id='word_1_499' title='bbox 826 3597 1070 3654; x_wconf 84' lang='lat' dir='ltr'><strong>commodorum:</strong></span> <span class='ocrx_word' id='word_1_500' title='bbox 1122 3609 1302 3665; x_wconf 86' lang='lat' dir='ltr'><strong>supponere,</strong></span> <span class='ocrx_word' id='word_1_501' title='bbox 1337 3591 1428 3647; x_wconf 91' lang='lat' dir='ltr'><strong>donec</strong></span> <span class='ocrx_word' id='word_1_502' title='bbox 1466 3590 1537 3648; x_wconf 86' lang='lat' dir='ltr'><strong>sicut</strong></span> <span class='ocrx_word' id='word_1_503' title='bbox 1572 3591 1681 3662; x_wconf 88' lang='lat' dir='ltr'><strong>peritus</strong></span> <span class='ocrx_word' id='word_1_504' title='bbox 1719 3595 1914 3658; x_wconf 74' lang='lat' dir='ltr'><strong>venerorque</strong></span> 
     </span>
     <span class='ocr_line' id='line_1_37' title="bbox 260 3677 1912 3763; baseline -0.007 -20"><span class='ocrx_word' id='word_1_505' title='bbox 260 3694 289 3744; x_wconf 89' lang='lat' dir='ltr'><strong>et</strong></span> <span class='ocrx_word' id='word_1_506' title='bbox 307 3688 472 3761; x_wconf 88' lang='lat' dir='ltr'><strong>expediebat</strong></span> <span class='ocrx_word' id='word_1_507' title='bbox 488 3690 718 3763; x_wconf 88' lang='lat' dir='ltr'><strong>qualemcunque</strong></span> <span class='ocrx_word' id='word_1_508' title='bbox 737 3691 829 3747; x_wconf 84' lang='lat' dir='ltr'><strong>virum</strong></span> <span class='ocrx_word' id='word_1_509' title='bbox 844 3691 973 3747; x_wconf 84' lang='lat' dir='ltr'><strong>inutilem</strong></span> <span class='ocrx_word' id='word_1_510' title='bbox 989 3691 1070 3746; x_wconf 91' lang='lat' dir='ltr'><strong>susti·</strong></span> <span class='ocrx_word' id='word_1_511' title='bbox 1121 3685 1264 3742; x_wconf 87' lang='lat' dir='ltr'><strong>occisurus</strong></span> <span class='ocrx_word' id='word_1_512' title='bbox 1289 3689 1331 3740; x_wconf 89' lang='lat' dir='ltr'><strong>est</strong></span> <span class='ocrx_word' id='word_1_513' title='bbox 1357 3685 1449 3757; x_wconf 90' lang='lat' dir='ltr'><strong>laquei</strong></span> <span class='ocrx_word' id='word_1_514' title='bbox 1476 3683 1519 3739; x_wconf 90' lang='lat' dir='ltr'><strong>sui</strong></span> <span class='ocrx_word' id='word_1_515' title='bbox 1548 3684 1668 3739; x_wconf 79' lang='lat' dir='ltr'><strong>vinculis</strong></span> <span class='ocrx_word' id='word_1_516' title='bbox 1691 3684 1798 3756; x_wconf 87' lang='lat' dir='ltr'><strong>alliget.</strong></span> <span class='ocrx_word' id='word_1_517' title='bbox 1820 3683 1852 3735; x_wconf 78' lang='lat' dir='ltr'><strong>At</strong></span> <span class='ocrx_word' id='word_1_518' title='bbox 1876 3677 1912 3732; x_wconf 89' lang='lat' dir='ltr'><strong>ubi</strong></span> 
     </span>
     <span class='ocr_line' id='line_1_38' title="bbox 259 3771 1914 3858; baseline -0.008 -21"><span class='ocrx_word' id='word_1_519' title='bbox 259 3799 327 3838; x_wconf 89' lang='lat' dir='ltr'><strong>nere</strong></span> <span class='ocrx_word' id='word_1_520' title='bbox 346 3799 399 3855; x_wconf 89' lang='lat' dir='ltr'><strong>pro</strong></span> <span class='ocrx_word' id='word_1_521' title='bbox 414 3783 621 3840; x_wconf 82' lang='lat' dir='ltr'><strong>existimatione</strong></span> <span class='ocrx_word' id='word_1_522' title='bbox 642 3784 807 3854; x_wconf 87' lang='lat' dir='ltr'><strong>munienda,</strong></span> <span class='ocrx_word' id='word_1_523' title='bbox 823 3801 908 3858; x_wconf 89' lang='lat' dir='ltr'><strong>quam</strong></span> <span class='ocrx_word' id='word_1_524' title='bbox 927 3785 1019 3841; x_wconf 90' lang='lat' dir='ltr'><strong>bonos</strong></span> <span class='ocrx_word' id='word_1_525' title='bbox 1034 3786 1073 3840; x_wconf 93' lang='lat' dir='ltr'><strong>ef·</strong></span> <span class='ocrx_word' id='word_1_526' title='bbox 1121 3778 1312 3835; x_wconf 89' lang='lat' dir='ltr'><strong>indissolubili</strong></span> <span class='ocrx_word' id='word_1_527' title='bbox 1339 3784 1436 3834; x_wconf 87' lang='lat' dir='ltr'><strong>catena</strong></span> <span class='ocrx_word' id='word_1_528' title='bbox 1463 3777 1606 3834; x_wconf 83' lang='lat' dir='ltr'><strong>devinctos</strong></span> <span class='ocrx_word' id='word_1_529' title='bbox 1631 3777 1830 3843; x_wconf 87' lang='lat' dir='ltr'><strong>adstrinxerit;</strong></span> <span class='ocrx_word' id='word_1_530' title='bbox 1852 3771 1914 3828; x_wconf 74' lang='lat' dir='ltr'><strong>velut</strong></span> 
     </span>
     <span class='ocr_line' id='line_1_39' title="bbox 258 3866 1913 3951; baseline -0.008 -20"><span class='ocrx_word' id='word_1_531' title='bbox 258 3876 350 3931; x_wconf 88' lang='lat' dir='ltr'><strong>fectus</strong></span> <span class='ocrx_word' id='word_1_532' title='bbox 371 3876 497 3932; x_wconf 88' lang='lat' dir='ltr'><strong>mulieris</strong></span> <span class='ocrx_word' id='word_1_533' title='bbox 516 3876 570 3950; x_wconf 81' lang='grc'>(33)</span> <span class='ocrx_word' id='word_1_534' title='bbox 586 3893 651 3933; x_wconf 91' lang='lat' dir='ltr'><strong>cum</strong></span> <span class='ocrx_word' id='word_1_535' title='bbox 671 3876 883 3934; x_wconf 85' lang='lat' dir='ltr'><strong>existimatione</strong></span> <span class='ocrx_word' id='word_1_536' title='bbox 898 3879 1070 3951; x_wconf 78' lang='lat' dir='ltr'><strong>taarpisaima.</strong></span> <span class='ocrx_word' id='word_1_537' title='bbox 1122 3873 1225 3930; x_wconf 89' lang='lat' dir='ltr'><strong>lanista</strong></span> <span class='ocrx_word' id='word_1_538' title='bbox 1256 3872 1384 3944; x_wconf 86' lang='lat' dir='ltr'><strong>protinus</strong></span> <span class='ocrx_word' id='word_1_539' title='bbox 1417 3870 1489 3928; x_wconf 78' lang='lat' dir='ltr'><strong>diros</strong></span> <span class='ocrx_word' id='word_1_540' title='bbox 1520 3869 1695 3945; x_wconf 87' lang='lat' dir='ltr'><strong>gladiatores</strong></span> <span class='ocrx_word' id='word_1_541' title='bbox 1724 3871 1849 3926; x_wconf 84' lang='lat' dir='ltr'><strong>adversus</strong></span> <span class='ocrx_word' id='word_1_542' title='bbox 1877 3866 1913 3918; x_wconf 89' lang='lat' dir='ltr'><strong>io·</strong></span> 
     </span>
     <span class='ocr_line' id='line_1_40' title="bbox 258 3959 1914 4044; baseline -0.008 -20"><span class='ocrx_word' id='word_1_543' title='bbox 258 3970 339 4034; x_wconf 88' lang='lat' dir='ltr'><strong>Quod</strong></span> <span class='ocrx_word' id='word_1_544' title='bbox 366 3970 501 4027; x_wconf 88' lang='lat' dir='ltr'><strong>Salomon</strong></span> <span class='ocrx_word' id='word_1_545' title='bbox 527 3975 681 4044; x_wconf 89' lang='lat' dir='ltr'><strong>comparat,</strong></span> <span class='ocrx_word' id='word_1_546' title='bbox 708 3972 804 4028; x_wconf 91' lang='lat' dir='ltr'><strong>dicens</strong></span> <span class='ocrx_word' id='word_1_547' title='bbox 826 3989 833 4029; x_wconf 91' lang='lat'>:</span> <span class='ocrx_word' id='word_1_548' title='bbox 859 3993 873 4023; x_wconf 79' lang='lat' dir='ltr'><strong>e</strong></span> <span class='ocrx_word' id='word_1_549' title='bbox 898 3972 993 4029; x_wconf 76' lang='lat' dir='ltr'><strong>Melior</strong></span> <span class='ocrx_word' id='word_1_550' title='bbox 1018 3977 1071 4040; x_wconf 77' lang='lat' dir='ltr'><strong>est,</strong></span> <span class='ocrx_word' id='word_1_551' title='bbox 1121 3965 1213 4023; x_wconf 79' lang='lat' dir='ltr'><strong>ricem</strong></span> <span class='ocrx_word' id='word_1_552' title='bbox 1243 3965 1390 4037; x_wconf 86' lang='lat' dir='ltr'><strong>compellit</strong></span> <span class='ocrx_word' id='word_1_553' title='bbox 1421 3965 1548 4034; x_wconf 89' lang='lat' dir='ltr'><strong>armari;</strong></span> <span class='ocrx_word' id='word_1_554' title='bbox 1579 3970 1608 4020; x_wconf 85' lang='lat' dir='ltr'><strong>et</strong></span> <span class='ocrx_word' id='word_1_555' title='bbox 1633 3964 1757 4020; x_wconf 88' lang='lat' dir='ltr'><strong>subinde</strong></span> <span class='ocrx_word' id='word_1_556' title='bbox 1787 3959 1914 4018; x_wconf 86' lang='lat' dir='ltr'><strong>stimulans</strong></span> 
     </span>
     <span class='ocr_line' id='line_1_41' title="bbox 259 4057 1912 4138; baseline -0.008 -21"><span class='ocrx_word' id='word_1_557' title='bbox 259 4062 363 4134; x_wconf 88' lang='lat' dir='ltr'><strong>inquit,</strong></span> <span class='ocrx_word' id='word_1_558' title='bbox 389 4063 524 4136; x_wconf 87' lang='lat' dir='ltr'><strong>iniquitas</strong></span> <span class='ocrx_word' id='word_1_559' title='bbox 554 4065 618 4134; x_wconf 85' lang='lat' dir='ltr'><strong>riri,</strong></span> <span class='ocrx_word' id='word_1_560' title='bbox 648 4082 733 4138; x_wconf 92' lang='lat' dir='ltr'><strong>quam</strong></span> <span class='ocrx_word' id='word_1_561' title='bbox 761 4065 942 4122; x_wconf 84' lang='lat' dir='ltr'><strong>benefaciens</strong></span> <span class='ocrx_word' id='word_1_562' title='bbox 969 4065 1073 4122; x_wconf 89' lang='lat' dir='ltr'><strong>mulier</strong></span> <span class='ocrx_word' id='word_1_563' title='bbox 1122 4059 1262 4130; x_wconf 87' lang='lat' dir='ltr'><strong>membra,</strong></span> <span class='ocrx_word' id='word_1_564' title='bbox 1294 4058 1391 4114; x_wconf 90' lang='lat' dir='ltr'><strong>statim</strong></span> <span class='ocrx_word' id='word_1_565' title='bbox 1422 4058 1534 4130; x_wconf 83' lang='lat' dir='ltr'><strong>gladios</strong></span> <span class='ocrx_word' id='word_1_566' title='bbox 1566 4061 1656 4130; x_wconf 88' lang='lat' dir='ltr'><strong>aptat,</strong></span> <span class='ocrx_word' id='word_1_567' title='bbox 1692 4057 1786 4113; x_wconf 91' lang='lat' dir='ltr'><strong>statim</strong></span> <span class='ocrx_word' id='word_1_568' title='bbox 1817 4067 1912 4108; x_wconf 87' lang='lat' dir='ltr'><strong>succen-</strong></span> 
     </span>
    </p>
   </div>
   <div class='ocr_carea' id='block_1_10' title="bbox 259 4149 1972 4231">
    <p class='ocr_par' dir='ltr' id='par_1_10' title="bbox 259 4149 1972 4231">
     <span class='ocr_line' id='line_1_42' title="bbox 259 4149 1972 4231; baseline 0.004 -19"><span class='ocrx_word' id='word_1_569' title='bbox 259 4155 364 4226; x_wconf 72' lang='lat' dir='ltr'><strong>(necta,</strong></span> <span class='ocrx_word' id='word_1_570' title='bbox 380 4156 694 4228; x_wconf 77' lang='lat' dir='ltr'><strong>xu111,14).artificialia</strong></span> <span class='ocrx_word' id='word_1_571' title='bbox 708 4159 1074 4231; x_wconf 85' lang='lat' dir='ltr'><strong>suntitaquesemperdia·</strong></span> <span class='ocrx_word' id='word_1_572' title='bbox 1122 4153 1163 4210; x_wconf 90' lang='lat' dir='ltr'><strong>dit</strong></span> <span class='ocrx_word' id='word_1_573' title='bbox 1188 4153 1339 4220; x_wconf 89' lang='lat' dir='ltr'><strong>insaniam,</strong></span> <span class='ocrx_word' id='word_1_574' title='bbox 1369 4157 1397 4208; x_wconf 92' lang='lat' dir='ltr'><strong>et</strong></span> <span class='ocrx_word' id='word_1_575' title='bbox 1421 4151 1567 4207; x_wconf 81' lang='lat' dir='ltr'><strong>vulnificos</strong></span> <span class='ocrx_word' id='word_1_576' title='bbox 1594 4151 1745 4222; x_wconf 74' lang='lat' dir='ltr'><strong>amplt³¹¹¹⁵</strong></span> <span class='ocrx_word' id='word_1_577' title='bbox 1765 4149 1912 4221; x_wconf 62' lang='lat' dir='ltr'><strong>lmllssdfflb</strong></span> <span class='ocrx_word' id='word_1_578' title='bbox 1971 4161 1972 4168; x_wconf 74' lang='grc'>’</span> 
     </span>
    </p>
   </div>
   <div class='ocr_carea' id='block_1_11' title="bbox 258 4235 1913 4788">
    <p class='ocr_par' dir='ltr' id='par_1_11' title="bbox 258 4235 1913 4788">
     <span class='ocr_line' id='line_1_43' title="bbox 259 4235 1913 4324; baseline 0.001 -20"><span class='ocrx_word' id='word_1_579' title='bbox 259 4249 317 4305; x_wconf 90' lang='lat' dir='ltr'><strong>heli</strong></span> <span class='ocrx_word' id='word_1_580' title='bbox 342 4249 495 4321; x_wconf 84' lang='lat' dir='ltr'><strong>veneficia,</strong></span> <span class='ocrx_word' id='word_1_581' title='bbox 521 4251 625 4322; x_wconf 90' lang='lat' dir='ltr'><strong>quibus</strong></span> <span class='ocrx_word' id='word_1_582' title='bbox 650 4252 798 4324; x_wconf 86' lang='lat' dir='ltr'><strong>ingenium</strong></span> <span class='ocrx_word' id='word_1_583' title='bbox 825 4269 882 4308; x_wconf 87' lang='lat' dir='ltr'><strong>snae</strong></span> <span class='ocrx_word' id='word_1_584' title='bbox 909 4253 1073 4311; x_wconf 87' lang='lat' dir='ltr'><strong>calliditatis</strong></span> <span class='ocrx_word' id='word_1_585' title='bbox 1122 4249 1277 4318; x_wconf 73' lang='lat' dir='ltr'><strong>utrumque</strong></span> <span class='ocrx_word' id='word_1_586' title='bbox 1304 4244 1389 4302; x_wconf 76' lang='lat' dir='ltr'><strong>simul</strong></span> <span class='ocrx_word' id='word_1_587' title='bbox 1415 4262 1473 4302; x_wconf 77' lang='lat'>⁰¹10</span> <span class='ocrx_word' id='word_1_588' title='bbox 1499 4245 1556 4300; x_wconf 77' lang='lat' dir='ltr'><strong>ictu</strong></span> <span class='ocrx_word' id='word_1_589' title='bbox 1588 4245 1750 4300; x_wconf 71' lang='lat' dir='ltr'><strong>mortificat·</strong></span> <span class='ocrx_word' id='word_1_590' title='bbox 1778 4242 1821 4299; x_wconf 71' lang='lat' dir='ltr'><strong>Sit</strong></span> <span class='ocrx_word' id='word_1_591' title='bbox 1843 4235 1913 4306; x_wconf 67' lang='grc' dir='ltr'><strong>θΧΡῙῙ·</strong></span> 
     </span>
     <span class='ocr_line' id='line_1_44' title="bbox 260 4326 1912 4413; baseline -0.005 -17"><span class='ocrx_word' id='word_1_592' title='bbox 260 4355 406 4408; x_wconf 89' lang='lat' dir='ltr'><strong>exercens,</strong></span> <span class='ocrx_word' id='word_1_593' title='bbox 422 4341 616 4398; x_wconf 69' lang='lat' dir='ltr'><strong>sanctimonie</strong></span> <span class='ocrx_word' id='word_1_594' title='bbox 633 4343 744 4400; x_wconf 90' lang='lat' dir='ltr'><strong>deditos</strong></span> <span class='ocrx_word' id='word_1_595' title='bbox 766 4345 871 4400; x_wconf 89' lang='lat' dir='ltr'><strong>dolosis</strong></span> <span class='ocrx_word' id='word_1_596' title='bbox 887 4347 1072 4403; x_wconf 76' lang='lat' dir='ltr'><strong>commoditas·</strong></span> <span class='ocrx_word' id='word_1_597' title='bbox 1123 4344 1169 4397; x_wconf 91' lang='lat' dir='ltr'><strong>cat</strong></span> <span class='ocrx_word' id='word_1_598' title='bbox 1194 4340 1271 4413; x_wconf 90' lang='lat' dir='ltr'><strong>qued</strong></span> <span class='ocrx_word' id='word_1_599' title='bbox 1294 4345 1359 4394; x_wconf 90' lang='lat' dir='ltr'><strong>aute</strong></span> <span class='ocrx_word' id='word_1_600' title='bbox 1383 4341 1519 4410; x_wconf 71' lang='lat' dir='ltr'><strong>prestare</strong></span> <span class='ocrx_word' id='word_1_601' title='bbox 1544 4337 1666 4406; x_wconf 83' lang='lat' dir='ltr'><strong>videtur,</strong></span> <span class='ocrx_word' id='word_1_602' title='bbox 1692 4337 1733 4393; x_wconf 90' lang='lat' dir='ltr'><strong>sic</strong></span> <span class='ocrx_word' id='word_1_603' title='bbox 1758 4337 1791 4392; x_wconf 93' lang='lat' dir='ltr'><strong>de</strong></span> <span class='ocrx_word' id='word_1_604' title='bbox 1812 4326 1912 4403; x_wconf 83' lang='lat' dir='ltr'><strong>simplici</strong></span> 
     </span>
     <span class='ocr_line' id='line_1_45' title="bbox 258 4421 1913 4513; baseline -0.005 -23"><span class='ocrx_word' id='word_1_605' title='bbox 258 4435 333 4490; x_wconf 91' lang='lat' dir='ltr'><strong>tibus</strong></span> <span class='ocrx_word' id='word_1_606' title='bbox 348 4433 430 4505; x_wconf 84' lang='lat' dir='ltr'><strong>jurat</strong></span> <span class='ocrx_word' id='word_1_607' title='bbox 450 4439 482 4490; x_wconf 91' lang='lat' dir='ltr'><strong>ut</strong></span> <span class='ocrx_word' id='word_1_608' title='bbox 503 4433 603 4507; x_wconf 88' lang='lat' dir='ltr'><strong>perdat</strong></span> <span class='ocrx_word' id='word_1_609' title='bbox 624 4453 630 4493; x_wconf 93' lang='lat'><strong>:</strong></span> <span class='ocrx_word' id='word_1_610' title='bbox 652 4439 681 4492; x_wconf 89' lang='lat' dir='ltr'><strong>et</strong></span> <span class='ocrx_word' id='word_1_611' title='bbox 699 4437 774 4494; x_wconf 87' lang='lat' dir='ltr'><strong>inter</strong></span> <span class='ocrx_word' id='word_1_612' title='bbox 793 4439 973 4496; x_wconf 89' lang='lat' dir='ltr'><strong>continentes</strong></span> <span class='ocrx_word' id='word_1_613' title='bbox 993 4439 1073 4513; x_wconf 88' lang='lat' dir='ltr'><strong>quasi</strong></span> <span class='ocrx_word' id='word_1_614' title='bbox 1122 4433 1260 4490; x_wconf 86' lang='lat' dir='ltr'><strong>charitate</strong></span> <span class='ocrx_word' id='word_1_615' title='bbox 1282 4449 1412 4489; x_wconf 82' lang='lat' dir='ltr'><strong>canorem</strong></span> <span class='ocrx_word' id='word_1_616' title='bbox 1434 4432 1539 4488; x_wconf 89' lang='lat' dir='ltr'><strong>conflat</strong></span> <span class='ocrx_word' id='word_1_617' title='bbox 1558 4431 1698 4502; x_wconf 90' lang='lat' dir='ltr'><strong>illicitum,</strong></span> <span class='ocrx_word' id='word_1_618' title='bbox 1719 4431 1759 4485; x_wconf 89' lang='lat' dir='ltr'><strong>sic</strong></span> <span class='ocrx_word' id='word_1_619' title='bbox 1773 4445 1821 4502; x_wconf 93' lang='lat' dir='ltr'><strong>per</strong></span> <span class='ocrx_word' id='word_1_620' title='bbox 1833 4421 1913 4480; x_wconf 68' lang='lat' dir='ltr'><strong>muci·</strong></span> 
     </span>
     <span class='ocr_line' id='line_1_46' title="bbox 259 4519 1911 4602; baseline -0.005 -21"><span class='ocrx_word' id='word_1_621' title='bbox 259 4525 416 4582; x_wconf 88' lang='lat' dir='ltr'><strong>necessarie</strong></span> <span class='ocrx_word' id='word_1_622' title='bbox 430 4527 625 4584; x_wconf 87' lang='lat' dir='ltr'><strong>emolumenta</strong></span> <span class='ocrx_word' id='word_1_623' title='bbox 642 4528 749 4585; x_wconf 83' lang='lat' dir='ltr'><strong>maatuis</strong></span> <span class='ocrx_word' id='word_1_624' title='bbox 765 4529 992 4601; x_wconf 82' lang='lat' dir='ltr'><strong>adjuvaminibus</strong></span> <span class='ocrx_word' id='word_1_625' title='bbox 1007 4527 1113 4602; x_wconf 85' lang='lat' dir='ltr'><strong>sub-D</strong></span> <span class='ocrx_word' id='word_1_626' title='bbox 1124 4531 1210 4583; x_wconf 88' lang='lat' dir='ltr'><strong>tatem</strong></span> <span class='ocrx_word' id='word_1_627' title='bbox 1232 4526 1286 4582; x_wconf 91' lang='lat' dir='ltr'><strong>sibi</strong></span> <span class='ocrx_word' id='word_1_628' title='bbox 1309 4525 1419 4581; x_wconf 89' lang='lat' dir='ltr'><strong>inducit</strong></span> <span class='ocrx_word' id='word_1_629' title='bbox 1443 4524 1609 4595; x_wconf 67' lang='lat' dir='ltr'><strong>interitum</strong></span> <span class='ocrx_word' id='word_1_630' title='bbox 1634 4525 1705 4580; x_wconf 90' lang='lat' dir='ltr'><strong>dum</strong></span> <span class='ocrx_word' id='word_1_631' title='bbox 1727 4525 1866 4579; x_wconf 89' lang='lat' dir='ltr'><strong>contentus</strong></span> <span class='ocrx_word' id='word_1_632' title='bbox 1880 4519 1911 4569; x_wconf 83' lang='lat' dir='ltr'><strong>est</strong></span> 
     </span>
     <span class='ocr_line' id='line_1_47' title="bbox 258 4615 1910 4694; baseline -0.004 -23"><span class='ocrx_word' id='word_1_633' title='bbox 258 4616 434 4686; x_wconf 88' lang='lat' dir='ltr'><strong>ministrans,</strong></span> <span class='ocrx_word' id='word_1_634' title='bbox 450 4618 510 4690; x_wconf 89' lang='lat' dir='ltr'><strong>agit</strong></span> <span class='ocrx_word' id='word_1_635' title='bbox 530 4619 609 4691; x_wconf 91' lang='lat' dir='ltr'><strong>prius</strong></span> <span class='ocrx_word' id='word_1_636' title='bbox 629 4621 787 4677; x_wconf 90' lang='lat' dir='ltr'><strong>masculum</strong></span> <span class='ocrx_word' id='word_1_637' title='bbox 802 4625 831 4678; x_wconf 88' lang='lat' dir='ltr'><strong>et</strong></span> <span class='ocrx_word' id='word_1_638' title='bbox 848 4621 995 4678; x_wconf 74' lang='lat' dir='ltr'><strong>foeminam</strong></span> <span class='ocrx_word' id='word_1_639' title='bbox 1015 4623 1070 4694; x_wconf 78' lang='lat'>(40)</span> <span class='ocrx_word' id='word_1_640' title='bbox 1125 4621 1236 4690; x_wconf 86' lang='lat' dir='ltr'><strong>cedere,</strong></span> <span class='ocrx_word' id='word_1_641' title='bbox 1260 4620 1300 4675; x_wconf 93' lang='lat' dir='ltr'><strong>sic</strong></span> <span class='ocrx_word' id='word_1_642' title='bbox 1323 4620 1397 4675; x_wconf 82' lang='lat' dir='ltr'><strong>valet</strong></span> <span class='ocrx_word' id='word_1_643' title='bbox 1421 4619 1524 4674; x_wconf 83' lang='lat' dir='ltr'><strong>fortius</strong></span> <span class='ocrx_word' id='word_1_644' title='bbox 1547 4633 1701 4688; x_wconf 85' lang='lat' dir='ltr'><strong>occupare;</strong></span> <span class='ocrx_word' id='word_1_645' title='bbox 1722 4621 1751 4672; x_wconf 88' lang='lat' dir='ltr'><strong>et</strong></span> <span class='ocrx_word' id='word_1_646' title='bbox 1770 4615 1833 4672; x_wconf 87' lang='lat' dir='ltr'><strong>dnm</strong></span> <span class='ocrx_word' id='word_1_647' title='bbox 1851 4625 1910 4664; x_wconf 88' lang='lat' dir='ltr'><strong>suu·</strong></span> 
     </span>
     <span class='ocr_line' id='line_1_48' title="bbox 259 4705 1909 4788; baseline -0.002 -22"><span class='ocrx_word' id='word_1_648' title='bbox 259 4711 367 4782; x_wconf 88' lang='lat' dir='ltr'><strong>pariter</strong></span> <span class='ocrx_word' id='word_1_649' title='bbox 386 4714 562 4782; x_wconf 65' lang='lat' dir='ltr'><strong>conversam</strong></span> <span class='ocrx_word' id='word_1_650' title='bbox 586 4717 616 4769; x_wconf 90' lang='lat' dir='ltr'><strong>ut</strong></span> <span class='ocrx_word' id='word_1_651' title='bbox 638 4719 788 4788; x_wconf 90' lang='lat' dir='ltr'><strong>postquam</strong></span> <span class='ocrx_word' id='word_1_652' title='bbox 806 4715 1012 4787; x_wconf 87' lang='lat' dir='ltr'><strong>inseparabiles</strong></span> <span class='ocrx_word' id='word_1_653' title='bbox 1032 4718 1072 4773; x_wconf 87' lang='lat' dir='ltr'><strong>fe·</strong></span> <span class='ocrx_word' id='word_1_654' title='bbox 1124 4713 1227 4770; x_wconf 88' lang='lat' dir='ltr'><strong>missus</strong></span> <span class='ocrx_word' id='word_1_655' title='bbox 1247 4713 1301 4786; x_wconf 73' lang='lat' dir='ltr'><strong>(tt)</strong></span> <span class='ocrx_word' id='word_1_656' title='bbox 1321 4713 1427 4785; x_wconf 87' lang='lat' dir='ltr'><strong>patitur</strong></span> <span class='ocrx_word' id='word_1_657' title='bbox 1445 4711 1630 4783; x_wconf 90' lang='lat' dir='ltr'><strong>semetipsum</strong></span> <span class='ocrx_word' id='word_1_658' title='bbox 1644 4711 1772 4782; x_wconf 78' lang='lat' dir='ltr'><strong>praebere</strong></span> <span class='ocrx_word' id='word_1_659' title='bbox 1784 4705 1909 4765; x_wconf 72' lang='lat' dir='ltr'><strong>devictam.</strong></span> 
     </span>
    </p>
   </div>
   <div class='ocr_carea' id='block_1_12' title="bbox 259 4794 1972 4882">
    <p class='ocr_par' dir='ltr' id='par_1_12' title="bbox 259 4794 1972 4882">
     <span class='ocr_line' id='line_1_49' title="bbox 259 4794 1972 4882; baseline -0.008 -22"><span class='ocrx_word' id='word_1_660' title='bbox 259 4805 330 4861; x_wconf 87' lang='lat' dir='ltr'><strong>cerii</strong></span> <span class='ocrx_word' id='word_1_661' title='bbox 351 4821 404 4878; x_wconf 88' lang='lat' dir='ltr'><strong>per</strong></span> <span class='ocrx_word' id='word_1_662' title='bbox 419 4807 554 4864; x_wconf 87' lang='lat' dir='ltr'><strong>alterutra</strong></span> <span class='ocrx_word' id='word_1_663' title='bbox 575 4807 681 4877; x_wconf 87' lang='lat' dir='ltr'><strong>solatia,</strong></span> <span class='ocrx_word' id='word_1_664' title='bbox 704 4809 794 4882; x_wconf 89' lang='lat' dir='ltr'><strong>possit</strong></span> <span class='ocrx_word' id='word_1_665' title='bbox 815 4809 944 4866; x_wconf 75' lang='lat' dir='ltr'><strong>occidam</strong></span> <span class='ocrx_word' id='word_1_666' title='bbox 970 4809 1071 4867; x_wconf 86' lang='lat' dir='ltr'><strong>dantes</strong></span> <span class='ocrx_word' id='word_1_667' title='bbox 1124 4808 1163 4864; x_wconf 91' lang='lat' dir='ltr'><strong>sic</strong></span> <span class='ocrx_word' id='word_1_668' title='bbox 1191 4807 1304 4882; x_wconf 90' lang='lat' dir='ltr'><strong>plenius</strong></span> <span class='ocrx_word' id='word_1_669' title='bbox 1334 4805 1483 4863; x_wconf 87' lang='lat' dir='ltr'><strong>devincere</strong></span> <span class='ocrx_word' id='word_1_670' title='bbox 1512 4804 1659 4878; x_wconf 87' lang='lat' dir='ltr'><strong>gloriatur.</strong></span> <span class='ocrx_word' id='word_1_671' title='bbox 1688 4803 1773 4875; x_wconf 84' lang='lat' dir='ltr'><strong>Cujus</strong></span> <span class='ocrx_word' id='word_1_672' title='bbox 1798 4794 1911 4856; x_wconf 75' lang='lat' dir='ltr'><strong>aenedas</strong></span> <span class='ocrx_word' id='word_1_673' title='bbox 1971 4799 1972 4832; x_wconf 72' lang='lat' dir='ltr'><strong>l</strong></span> 
     </span>
    </p>
   </div>
   <div class='ocr_carea' id='block_1_13' title="bbox 936 4966 1257 5034">
    <p class='ocr_par' dir='ltr' id='par_1_13' title="bbox 936 4966 1257 5034">
     <span class='ocr_line' id='line_1_50' title="bbox 936 4966 1257 5034; baseline 0.009 -4"><span class='ocrx_word' id='word_1_674' title='bbox 936 4966 1018 5031; x_wconf 84' lang='lat' dir='ltr'><strong>Edit.</strong></span> <span class='ocrx_word' id='word_1_675' title='bbox 1037 4967 1141 5034; x_wconf 84' lang='lat' dir='ltr'><strong>Oxon.</strong></span> <span class='ocrx_word' id='word_1_676' title='bbox 1157 4972 1257 5033; x_wconf 75' lang='lat' dir='ltr'><strong>note.</strong></span> 
     </span>
    </p>
   </div>
   <div class='ocr_carea' id='block_1_14' title="bbox 258 5121 1912 5898">
    <p class='ocr_par' dir='ltr' id='par_1_14' title="bbox 258 5121 1912 5898">
     <span class='ocr_line' id='line_1_51' title="bbox 291 5121 1442 5186; baseline 0.003 -16"><span class='ocrx_word' id='word_1_677' title='bbox 291 5121 340 5183; x_wconf 74' lang='grc'>(35)</span> <span class='ocrx_word' id='word_1_678' title='bbox 353 5123 410 5184; x_wconf 82' lang='lat' dir='ltr'><strong>lpas</strong></span> <span class='ocrx_word' id='word_1_679' title='bbox 422 5135 449 5172; x_wconf 80' lang='lat' dir='ltr'><strong>aa</strong></span> <span class='ocrx_word' id='word_1_680' title='bbox 462 5121 545 5172; x_wconf 78' lang='lat' dir='ltr'><strong>votuit</strong></span> <span class='ocrx_word' id='word_1_681' title='bbox 560 5123 694 5186; x_wconf 80' lang='lat' dir='ltr'><strong>superori.</strong></span> <span class='ocrx_word' id='word_1_682' title='bbox 707 5123 769 5175; x_wconf 82' lang='lat' dir='ltr'><strong>vet.</strong></span> <span class='ocrx_word' id='word_1_683' title='bbox 785 5136 846 5176; x_wconf 89' lang='lat' dir='ltr'><strong>exc.</strong></span> <span class='ocrx_word' id='word_1_684' title='bbox 861 5127 889 5176; x_wconf 88' lang='lat' dir='ltr'><strong>et</strong></span> <span class='ocrx_word' id='word_1_685' title='bbox 900 5122 1075 5186; x_wconf 67' lang='lat' dir='ltr'><strong>Remb2dua</strong></span> <span class='ocrx_word' id='word_1_686' title='bbox 1124 5124 1218 5176; x_wconf 82' lang='lat' dir='ltr'><strong>minus</strong></span> <span class='ocrx_word' id='word_1_687' title='bbox 1229 5128 1313 5177; x_wconf 86' lang='lat' dir='ltr'><strong>recte.</strong></span> <span class='ocrx_word' id='word_1_688' title='bbox 1330 5123 1442 5176; x_wconf 81' lang='lat' dir='ltr'><strong>Psarau.</strong></span> 
     </span>
     <span class='ocr_line' id='line_1_52' title="bbox 258 5180 1912 5262; baseline -0.002 -21"><span class='ocrx_word' id='word_1_689' title='bbox 258 5191 401 5254; x_wconf 78' lang='lat' dir='ltr'><strong>penetrari.</strong></span> <span class='ocrx_word' id='word_1_690' title='bbox 415 5192 522 5243; x_wconf 79' lang='grc' dir='ltr'><strong>Ριιιιι.</strong></span> <span class='ocrx_word' id='word_1_691' title='bbox 1155 5195 1203 5260; x_wconf 79' lang='lat' dir='ltr'><strong>(ae)</strong></span> <span class='ocrx_word' id='word_1_692' title='bbox 1217 5196 1274 5262; x_wconf 78' lang='lat' dir='ltr'><strong>Aqit</strong></span> <span class='ocrx_word' id='word_1_693' title='bbox 1288 5196 1365 5261; x_wconf 86' lang='lat' dir='ltr'><strong>priua</strong></span> <span class='ocrx_word' id='word_1_694' title='bbox 1377 5193 1526 5245; x_wconf 72' lang='lat' dir='ltr'><strong>mutum</strong></span> <span class='ocrx_word' id='word_1_695' title='bbox 1540 5197 1565 5244; x_wconf 83' lang='lat' dir='ltr'><strong>et</strong></span> <span class='ocrx_word' id='word_1_696' title='bbox 1580 5191 1717 5256; x_wconf 69' lang='lat' dir='ltr'><strong>seminans,</strong></span> <span class='ocrx_word' id='word_1_697' title='bbox 1732 5194 1784 5242; x_wconf 88' lang='lat' dir='ltr'><strong>eta.</strong></span> <span class='ocrx_word' id='word_1_698' title='bbox 1797 5180 1912 5258; x_wconf 73' lang='lat' dir='ltr'><strong>Rambel-</strong></span> 
     </span>
     <span class='ocr_line' id='line_1_53' title="bbox 292 5253 1910 5331; baseline -0.001 -20"><span class='ocrx_word' id='word_1_699' title='bbox 292 5260 342 5325; x_wconf 82' lang='lat' dir='ltr'><strong>(aa)</strong></span> <span class='ocrx_word' id='word_1_700' title='bbox 356 5261 418 5312; x_wconf 83' lang='lat' dir='ltr'><strong>stne</strong></span> <span class='ocrx_word' id='word_1_701' title='bbox 432 5276 512 5314; x_wconf 84' lang='lat' dir='ltr'><strong>causo</strong></span> <span class='ocrx_word' id='word_1_702' title='bbox 525 5263 597 5314; x_wconf 86' lang='lat' dir='ltr'><strong>dicit.</strong></span> <span class='ocrx_word' id='word_1_703' title='bbox 611 5264 672 5315; x_wconf 82' lang='lat' dir='ltr'><strong>vet.</strong></span> <span class='ocrx_word' id='word_1_704' title='bbox 690 5277 752 5317; x_wconf 85' lang='lat' dir='ltr'><strong>exc.</strong></span> <span class='ocrx_word' id='word_1_705' title='bbox 767 5279 819 5318; x_wconf 82' lang='lat' dir='ltr'><strong>noa</strong></span> <span class='ocrx_word' id='word_1_706' title='bbox 838 5265 919 5317; x_wconf 81' lang='lat' dir='ltr'><strong>dicit:</strong></span> <span class='ocrx_word' id='word_1_707' title='bbox 935 5265 985 5318; x_wconf 90' lang='lat' dir='ltr'><strong>sed</strong></span> <span class='ocrx_word' id='word_1_708' title='bbox 998 5267 1075 5331; x_wconf 88' lang='lat' dir='ltr'><strong>prlus</strong></span> <span class='ocrx_word' id='word_1_709' title='bbox 1124 5267 1178 5318; x_wconf 89' lang='lat' dir='ltr'><strong>dns</strong></span> <span class='ocrx_word' id='word_1_710' title='bbox 1192 5269 1321 5318; x_wconf 85' lang='lat' dir='ltr'><strong>omiserat</strong></span> <span class='ocrx_word' id='word_1_711' title='bbox 1334 5263 1495 5327; x_wconf 77' lang='lat' dir='ltr'><strong>mavorsurf,</strong></span> <span class='ocrx_word' id='word_1_712' title='bbox 1515 5268 1543 5314; x_wconf 90' lang='lat' dir='ltr'><strong>et</strong></span> <span class='ocrx_word' id='word_1_713' title='bbox 1560 5261 1691 5314; x_wconf 78' lang='lat' dir='ltr'><strong>Erasmus</strong></span> <span class='ocrx_word' id='word_1_714' title='bbox 1704 5259 1809 5326; x_wconf 81' lang='lat' dir='ltr'><strong>legebat</strong></span> <span class='ocrx_word' id='word_1_715' title='bbox 1824 5253 1910 5318; x_wconf 73' lang='lat' dir='ltr'><strong>adjicu,</strong></span> 
     </span>
     <span class='ocr_line' id='line_1_54' title="bbox 260 5329 1637 5395; baseline 0.001 -14"><span class='ocrx_word' id='word_1_716' title='bbox 260 5329 359 5395; x_wconf 87' lang='lat' dir='ltr'><strong>placet.</strong></span> <span class='ocrx_word' id='word_1_717' title='bbox 377 5333 486 5384; x_wconf 80' lang='lat' dir='ltr'><strong>Pausa.</strong></span> <span class='ocrx_word' id='word_1_718' title='bbox 1124 5338 1194 5389; x_wconf 89' lang='lat' dir='ltr'><strong>illud</strong></span> <span class='ocrx_word' id='word_1_719' title='bbox 1210 5351 1275 5389; x_wconf 84' lang='lat' dir='ltr'><strong>raro</strong></span> <span class='ocrx_word' id='word_1_720' title='bbox 1287 5336 1437 5388; x_wconf 86' lang='lat' dir='ltr'><strong>habatret.</strong></span> <span class='ocrx_word' id='word_1_721' title='bbox 1452 5347 1514 5386; x_wconf 89' lang='lat' dir='ltr'><strong>exc.</strong></span> <span class='ocrx_word' id='word_1_722' title='bbox 1527 5333 1637 5384; x_wconf 75' lang='grc' dir='ltr'><strong>Ριιιιιι..</strong></span> 
     </span>
     <span class='ocr_line' id='line_1_55' title="bbox 292 5393 1907 5472; baseline -0.007 -21"><span class='ocrx_word' id='word_1_723' title='bbox 292 5403 343 5467; x_wconf 87' lang='grc'>(37)</span> <span class='ocrx_word' id='word_1_724' title='bbox 371 5403 420 5464; x_wconf 81' lang='lat' dir='ltr'><strong>(tui</strong></span> <span class='ocrx_word' id='word_1_725' title='bbox 443 5404 545 5469; x_wconf 78' lang='lat' dir='ltr'><strong>apernit</strong></span> <span class='ocrx_word' id='word_1_726' title='bbox 576 5405 694 5468; x_wconf 79' lang='lat' dir='ltr'><strong>modico,</strong></span> <span class='ocrx_word' id='word_1_727' title='bbox 721 5407 851 5468; x_wconf 82' lang='lat' dir='ltr'><strong>paulatim</strong></span> <span class='ocrx_word' id='word_1_728' title='bbox 874 5409 957 5458; x_wconf 83' lang='lat' dir='ltr'><strong>cadat.</strong></span> <span class='ocrx_word' id='word_1_729' title='bbox 988 5409 1075 5460; x_wconf 75' lang='lat' dir='ltr'><strong>liras·</strong></span> <span class='ocrx_word' id='word_1_730' title='bbox 1156 5405 1527 5472; x_wconf 78' lang='lat' dir='ltr'><strong>(tltfnaemetipsoaatidere.</strong></span> <span class='ocrx_word' id='word_1_731' title='bbox 1540 5400 1803 5468; x_wconf 73' lang='lat' dir='ltr'><strong>Censeolegeadum</strong></span> <span class='ocrx_word' id='word_1_732' title='bbox 1816 5393 1907 5446; x_wconf 74' lang='lat' dir='ltr'><strong>illidere.</strong></span> 
     </span>
     <span class='ocr_line' id='line_1_56' title="bbox 260 5475 1908 5614; baseline 0.002 -88"><span class='ocrx_word' id='word_1_733' title='bbox 260 5487 345 5597; x_wconf 55' lang='lat' dir='ltr'><strong>ffi}</strong></span> <span class='ocrx_word' id='word_1_734' title='bbox 347 5475 435 5598; x_wconf 65' lang='lat' dir='ltr'><strong>1patale,</strong></span> <span class='ocrx_word' id='word_1_735' title='bbox 453 5475 541 5536; x_wconf 61' lang='lat' dir='ltr'><strong>oudin</strong></span> <span class='ocrx_word' id='word_1_736' title='bbox 561 5489 626 5527; x_wconf 85' lang='lat' dir='ltr'><strong>nam</strong></span> <span class='ocrx_word' id='word_1_737' title='bbox 648 5478 722 5542; x_wconf 86' lang='lat' dir='ltr'><strong>prins</strong></span> <span class='ocrx_word' id='word_1_738' title='bbox 742 5477 825 5530; x_wconf 86' lang='lat' dir='ltr'><strong>habet</strong></span> <span class='ocrx_word' id='word_1_739' title='bbox 849 5479 1073 5532; x_wconf 80' lang='lat' dir='ltr'><strong>Ecclesiasticus.</strong></span> <span class='ocrx_word' id='word_1_740' title='bbox 1125 5481 1243 5614; x_wconf 46' lang='lat' dir='ltr'><strong>pffin&#39;p</strong></span> <span class='ocrx_word' id='word_1_741' title='bbox 1335 5547 1393 5598; x_wconf 59' lang='lat' dir='ltr'><strong><em>m</em></strong></span> <span class='ocrx_word' id='word_1_742' title='bbox 1419 5547 1483 5599; x_wconf 53' lang='lat' dir='ltr'><strong>uun</strong></span> <span class='ocrx_word' id='word_1_743' title='bbox 1507 5545 1619 5612; x_wconf 51' lang='lat' dir='ltr'><strong>mmm</strong></span> <span class='ocrx_word' id='word_1_744' title='bbox 1644 5541 1748 5596; x_wconf 58' lang='lat' dir='ltr'><strong>mm</strong></span> <span class='ocrx_word' id='word_1_745' title='bbox 1781 5537 1856 5590; x_wconf 57' lang='lat' dir='ltr'><strong>me</strong></span> <span class='ocrx_word' id='word_1_746' title='bbox 1876 5531 1908 5580; x_wconf 49' lang='lat' dir='ltr'><strong>sie</strong></span> 
     </span>
     <span class='ocr_line' id='line_1_57' title="bbox 292 5562 1907 5687; baseline -0.001 -19"><span class='ocrx_word' id='word_1_747' title='bbox 292 5617 341 5681; x_wconf 85' lang='grc'>(38)</span> <span class='ocrx_word' id='word_1_748' title='bbox 358 5617 401 5668; x_wconf 82' lang='lat' dir='ltr'><strong>Sic</strong></span> <span class='ocrx_word' id='word_1_749' title='bbox 417 5616 508 5668; x_wconf 83' lang='lat' dir='ltr'><strong>studeo</strong></span> <span class='ocrx_word' id='word_1_750' title='bbox 522 5624 619 5683; x_wconf 81' lang='lat' dir='ltr'><strong>autam,</strong></span> <span class='ocrx_word' id='word_1_751' title='bbox 634 5621 687 5671; x_wconf 85' lang='lat' dir='ltr'><strong>etc.</strong></span> <span class='ocrx_word' id='word_1_752' title='bbox 706 5621 767 5672; x_wconf 85' lang='lat' dir='ltr'><strong>lloc</strong></span> <span class='ocrx_word' id='word_1_753' title='bbox 781 5621 897 5673; x_wconf 83' lang='lat' dir='ltr'><strong>Erasmo</strong></span> <span class='ocrx_word' id='word_1_754' title='bbox 917 5621 1009 5686; x_wconf 90' lang='lat' dir='ltr'><strong>placet</strong></span> <span class='ocrx_word' id='word_1_755' title='bbox 1024 5635 1075 5687; x_wconf 85' lang='lat' dir='ltr'><strong>pro</strong></span> <span class='ocrx_word' id='word_1_756' title='bbox 1125 5562 1316 5673; x_wconf 56' lang='lat' dir='ltr'><strong>umqum</strong></span> <span class='ocrx_word' id='word_1_757' title='bbox 1320 5619 1438 5673; x_wconf 84' lang='lat' dir='ltr'><strong>Gravius</strong></span> <span class='ocrx_word' id='word_1_758' title='bbox 1448 5633 1513 5672; x_wconf 90' lang='lat' dir='ltr'><strong>cum</strong></span> <span class='ocrx_word' id='word_1_759' title='bbox 1526 5622 1580 5670; x_wconf 80' lang='lat' dir='ltr'><strong>vat.</strong></span> <span class='ocrx_word' id='word_1_760' title='bbox 1595 5631 1656 5669; x_wconf 89' lang='lat' dir='ltr'><strong>exc.</strong></span> <span class='ocrx_word' id='word_1_761' title='bbox 1669 5619 1695 5668; x_wconf 89' lang='lat' dir='ltr'><strong>et</strong></span> <span class='ocrx_word' id='word_1_762' title='bbox 1708 5606 1907 5667; x_wconf 70' lang='lat' dir='ltr'><strong>llambolduallro</strong></span> 
     </span>
     <span class='ocr_line' id='line_1_58' title="bbox 261 5687 1569 5758; baseline -0.003 -18"><span class='ocrx_word' id='word_1_763' title='bbox 261 5699 294 5740; x_wconf 91' lang='lat' dir='ltr'><strong>eo</strong></span> <span class='ocrx_word' id='word_1_764' title='bbox 309 5687 466 5754; x_wconf 85' lang='lat' dir='ltr'><strong>quoderat,</strong></span> <span class='ocrx_word' id='word_1_765' title='bbox 482 5688 605 5742; x_wconf 78' lang='lat' dir='ltr'><strong>arbitrio.</strong></span> <span class='ocrx_word' id='word_1_766' title='bbox 619 5691 780 5758; x_wconf 77' lang='lat' dir='ltr'><strong>legendum</strong></span> <span class='ocrx_word' id='word_1_767' title='bbox 794 5693 912 5754; x_wconf 85' lang='lat' dir='ltr'><strong>rfdetur,</strong></span> <span class='ocrx_word' id='word_1_768' title='bbox 930 5693 960 5754; x_wconf 75' lang='grc' dir='ltr'><strong>(ιι</strong></span> <span class='ocrx_word' id='word_1_769' title='bbox 975 5692 1073 5744; x_wconf 74' lang='lat' dir='ltr'><strong>studio.</strong></span> <span class='ocrx_word' id='word_1_770' title='bbox 1124 5704 1158 5743; x_wconf 89' lang='lat' dir='ltr'><strong>eo</strong></span> <span class='ocrx_word' id='word_1_771' title='bbox 1175 5691 1250 5758; x_wconf 89' lang='lat' dir='ltr'><strong>quod</strong></span> <span class='ocrx_word' id='word_1_772' title='bbox 1264 5692 1310 5742; x_wconf 88' lang='lat' dir='ltr'><strong>alif</strong></span> <span class='ocrx_word' id='word_1_773' title='bbox 1323 5689 1445 5742; x_wconf 85' lang='lat' dir='ltr'><strong>oecuttot.</strong></span> <span class='ocrx_word' id='word_1_774' title='bbox 1461 5690 1569 5741; x_wconf 81' lang='lat' dir='ltr'><strong>Pausa.</strong></span> 
     </span>
     <span class='ocr_line' id='line_1_59' title="bbox 262 5751 1905 5825; baseline -0.012 -14"><span class='ocrx_word' id='word_1_775' title='bbox 262 5759 372 5812; x_wconf 80' lang='lat' dir='ltr'><strong>Panae.</strong></span> <span class='ocrx_word' id='word_1_776' title='bbox 1155 5763 1206 5824; x_wconf 72' lang='grc'>(33)</span> <span class='ocrx_word' id='word_1_777' title='bbox 1226 5763 1257 5812; x_wconf 80' lang='lat' dir='ltr'><strong>st</strong></span> <span class='ocrx_word' id='word_1_778' title='bbox 1278 5761 1339 5812; x_wconf 84' lang='lat' dir='ltr'><strong>dum</strong></span> <span class='ocrx_word' id='word_1_779' title='bbox 1355 5760 1517 5813; x_wconf 83' lang='lat' dir='ltr'><strong>summissus.</strong></span> <span class='ocrx_word' id='word_1_780' title='bbox 1539 5758 1649 5825; x_wconf 72' lang='lat' dir='ltr'><strong>adjicio</strong></span> <span class='ocrx_word' id='word_1_781' title='bbox 1669 5751 1905 5808; x_wconf 74' lang='lat' dir='ltr'><strong>desuefactam.</strong></span> 
     </span>
     <span class='ocr_line' id='line_1_60' title="bbox 293 5829 1234 5898; baseline 0 -15"><span class='ocrx_word' id='word_1_782' title='bbox 293 5829 341 5898; x_wconf 85' lang='grc'>(39)</span> <span class='ocrx_word' id='word_1_783' title='bbox 357 5831 441 5896; x_wconf 82' lang='lat' dir='ltr'><strong>Quom</strong></span> <span class='ocrx_word' id='word_1_784' title='bbox 455 5831 534 5886; x_wconf 80' lang='lat' dir='ltr'><strong>boans</strong></span> <span class='ocrx_word' id='word_1_785' title='bbox 552 5831 655 5898; x_wconf 72' lang='lat' dir='ltr'><strong>affectas</strong></span> <span class='ocrx_word' id='word_1_786' title='bbox 672 5832 799 5884; x_wconf 70' lang='lat' dir='ltr'><strong>multura.</strong></span> <span class='ocrx_word' id='word_1_787' title='bbox 813 5832 946 5884; x_wconf 77' lang='lat' dir='ltr'><strong>Erasmus</strong></span> <span class='ocrx_word' id='word_1_788' title='bbox 957 5831 1073 5898; x_wconf 74' lang='lat' dir='ltr'><strong>affectus,</strong></span> <span class='ocrx_word' id='word_1_789' title='bbox 1125 5833 1234 5888; x_wconf 74' lang='lat' dir='ltr'><strong>Pam.</strong></span> 
     </span>
    </p>
   </div>
   <div class='ocr_carea' id='block_1_15' title="bbox 0 0 2017 6192">
    <p class='ocr_par' dir='ltr' id='par_1_15' title="bbox 0 0 2017 6192">
     <span class='ocr_line' id='line_1_61' title="bbox 0 0 2017 6192; baseline 0 0"><span class='ocrx_word' id='word_1_790' title='bbox 0 0 2017 6192; x_wconf 95' lang='lat' dir='ltr'><strong> </strong></span> 
     </span>
    </p>
   </div>
  </div>
 </body>
</html>
