4012 6192
231 256 282 324 aar
457 240 459 246 ’
608 265 653 326 aa
672 265 782 326 oram
802 267 833 327 s.
853 268 1011 329 arrasam
1023 271 1170 330 aaaaau
1182 271 1324 332 arnano.
1341 273 1358 329 ι.
1377 303 1410 317 -
1425 271 1539 332 naara.
1837 281 1880 337 aaa

238 391 344 463 pietas,
359 389 524 448 eocharitas
539 405 607 464 erga
621 392 696 464 ipsos
709 391 879 450 immanium
893 395 1047 451 criminum
1064 409 1092 482 Α
1107 395 1229 452 dicendo
1250 396 1328 468 qaod
1353 397 1520 468 penitentia
1542 397 1686 470 lapsorum
1708 397 1740 454 sit
1759 415 1830 471 sana,
1842 420 1883 462 nec

235 503 299 544 reos
309 486 353 542 bic
364 485 457 557 primo
469 485 689 542 conrmendetnr
700 505 706 543 ι
719 487 813 544 adbuc
823 489 900 544 enim
914 505 961 545 cos
971 493 1050 545 vocat
1103 489 1192 560 possit
1203 490 1243 544 eis
1259 489 1396 561 prolicere
1409 491 1446 546 ad
1460 491 1590 546 salutem.
1608 511 1622 542 a
1958 563 1959 566 Ἴ

235 579 373 634 Dominus
387 580 422 634 ad
437 580 649 651 poerriteatiam.
661 581 794 646 Queritur
804 582 940 654 deinceps
954 584 1051 639 bomi-
1137 581 1517 655 Vulgatusporrointerpres
1529 584 1662 640 eamdem
1674 588 1883 646 sententiantiu-

235 688 299 740 nas,
315 671 393 744 qaod
407 673 436 728 in
456 689 508 728 sna
528 671 625 746 854
644 673 796 744 pertinacia
815 676 845 730 hi
865 677 1051 747 perstiterint,
1102 675 1479 732 nitatedonavitbisverbis:
1491 699 1504 726 a
1513 679 1545 732 Et
1550 678 1703 748 justusuon
1711 681 1883 751 poleritvivcre
1958 679 1959 692 ¹

236 766 350 820 tametsi
362 767 475 822 veniam
488 767 527 821 cis
543 771 600 822 lam
625 767 726 822 crebro
745 774 773 823 et
796 768 888 824 verbis
902 775 960 824 tam
985 787 1051 840 per·
1103 767 1131 822 in
1143 769 1316 839 justitiaene
1333 769 1363 823 in
1378 785 1549 842 quacunque
1561 770 1606 826 die
1619 773 1776 842 peccaverit.
1787 775 1884 832 Etiamsi
1958 757 1959 766 ἵ

234 859 338 930 spicuis
352 859 499 914 obtulerit.
516 861 585 916 Vide
602 877 667 932 qaae
687 861 810 917 diximus
829 861 865 916 ad
886 863 981 918 locum
1002 880 1051 932 xri,
1104 860 1201 936 855
1220 861 1320 917 dixero
1336 863 1414 934 justo
1436 864 1513 934 quod
1530 864 1587 920 vita
1601 864 1686 928 vivat,
1700 870 1727 921 el
1741 868 1846 922 conlisus
1862 869 1885 925 in
1958 895 1959 898 ¹

235 953 383 1024 itemquae
405 953 441 1008 ad
455 971 501 1008 xiv
516 960 544 1010 et
566 959 729 1026 sequentes.
745 955 774 1010 Si
797 955 947 1026 Valgalam
963 957 1051 1012 inter·
1100 955 1211 1025 justitia
1221 971 1272 1010 saa
1292 955 1393 1010 lecerit
1406 957 1600 1028 iniquitatem,
1612 974 1713 1014 omnes
1723 959 1826 1031 justitie
1837 963 1885 1032 ejas
1958 1013 1959 1016 ,

236 1047 428 1118 prelationem
453 1050 543 1118 optas,
560 1065 622 1103 eam
643 1049 739 1104 statim
760 1048 849 1104 allero
865 1066 872 1104 :
890 1071 903 1100 a
928 1052 961 1106 Et
983 1049 1053 1106 dixit
1102 1048 1236 1103 oblivioni
1253 1048 1416 1118 tradentur,
1431 1053 1461 1104 el
1475 1051 1505 1104 ia
1517 1050 1671 1122 iniquitate
1684 1069 1733 1107 sua
1746 1069 1822 1125 quam
1836 1071 1886 1126 ope
1958 1037 1959 1040 Ἴ

237 1139 376 1196 Dominus
392 1141 427 1195 ad
449 1157 495 1196 me
517 1141 548 1195 in
564 1141 664 1196 diebus
686 1142 770 1197 losiae
792 1142 892 1214 regis:
919 1144 1053 1214 Nunquid
1101 1143 1180 1196 ratus
1196 1144 1248 1210 est,
1264 1142 1293 1196 in
1308 1142 1368 1213 ipsa
1383 1143 1530 1199 morietur.
1547 1143 1577 1200 Si
1590 1149 1688 1200 autem
1701 1145 1789 1202 dixero
1804 1147 1884 1219 impio,
1958 1213 1959 1218 ἵ

234 1232 329 1288 vidisti
343 1251 407 1305 quae
420 1235 520 1290 locarit
534 1235 688 1290 aversatrix
712 1236 821 1292 lsrael?
839 1235 916 1292 Abiit
936 1237 1053 1292 sibimet
1104 1235 1219 1290 cliorte
1235 1235 1373 1306 morieris,
1389 1257 1403 1286 »ι
1417 1239 1448 1292 et
1466 1237 1557 1308 egerit
1573 1239 1765 1310 pmnitcntiarn
1781 1255 1796 1294 s
1811 1257 1887 1313 pecca-
1958 1223 1959 1234 ³

235 1343 321 1398 saper
336 1344 452 1383 omnem
470 1333 596 1382 niorrtom
610 1329 760 1399 excelsam,
777 1330 868 1386 elsab
880 1330 1051 1402 omniligno
1102 1331 1130 1384 to
1143 1345 1203 1396 suo,
1219 1329 1374 1402 feceritque
1388 1329 1529 1400 judicium
1551 1336 1580 1385 et
1597 1332 1745 1403 jrrstitiam,
1760 1335 1787 1388 et
1802 1335 1886 1405 pignus

238 1421 379 1488 frondoso,
395 1425 423 1476 ct
438 1421 574 1476 forariautn
594 1426 636 1478 est
652 1421 702 1490 ibi,
715 1427 745 1478 el
766 1422 835 1490 dixi,
854 1439 919 1478 cum
938 1424 1052 1480 lecisset
1102 1422 1258 1478 restituerit
1280 1423 1326 1478 ille
1351 1423 1466 1493 impius,
1489 1425 1680 1498 rapinamque
1701 1425 1852 1496 reddiderit,
1863 1429 1887 1483 in
1958 1417 1959 1460 ἶ

237 1513 427 1570 haecomnia:
443 1516 483 1570 hd
499 1533 543 1570 mc
561 1520 712 1582 revertere,
726 1519 755 1571 et
767 1533 825 1572 non
840 1520 884 1573 esi
896 1534 1022 1574 reversa.
1036 1540 1050 1569 a
1102 1515 1243 1570 mandatis
1262 1516 1325 1570 vitre
1347 1517 1546 1587 ambulaverit,
1561 1533 1614 1573 nec
1637 1518 1735 1574 iecerit
1753 1519 1886 1591 quidquam
1958 1519 1959 1554 ἶ

272 1603 359 1662 llhl'V.
385 1610 457 1664 llam
480 1609 539 1664 illie
564 1609 689 1680 (Three,
707 1627 747 1678 ιιι,
768 1611 836 1682 ill:
859 1614 920 1668 Noa
942 1613 1051 1683 repellet
1101 1607 1248 1679 injustum,
1264 1609 1322 1664 vita
1337 1609 1412 1666 rivel
1425 1613 1454 1666 ei
1468 1626 1525 1666 non
1542 1611 1691 1667 morietur.
1706 1632 1719 1662 u
1736 1612 1829 1668 Eadem
1842 1629 1888 1668 no

236 1704 265 1756 ia
289 1707 419 1757 eternum
442 1705 581 1766 Dominus,
596 1709 621 1758 et
642 1721 702 1760 cam
726 1705 920 1768 humiliaverit,
941 1708 1049 1762 miserc-
1101 1702 1161 1756 nita
1184 1701 1271 1758 habes
1291 1701 1438 1760 versiculis
1458 1705 1491 1761 21
1507 1708 1535 1760 et
1549 1705 1593 1774 il,
1608 1721 1673 1778 cap.
1697 1721 1768 1774 xviii,
1782 1705 1890 1776 ejusdem

237 1796 311 1851 hilar
325 1797 471 1852 secuudum
483 1797 686 1854 multitudinem
700 1799 891 1854 misericordie
906 1813 972 1868 suar,
987 1793 1090 1870 qaiass
1104 1796 1268 1852 Ezechielis.
1958 1791 1959 1846 i

237 1903 294 1943 uon
309 1889 579 1944 humiliabiteatoto
591 1890 670 1945 corde
682 1905 740 1958 suo,
758 1907 844 1962 neque
856 1893 965 1964 repellet
982 1895 1052 1964 tilios
1137 1890 1224 1946 xxvi.
1250 1892 1320 1950 ltem
1342 1891 1398 1947 illic
1419 1892 1561 1963 (Ezechiel,
1595 1908 1673 1961 xviri,
1694 1893 1759 1963 ill:
1781 1895 1831 1962 Epo
1850 1895 1891 1948 aa
1958 1887 1959 1958 J

238 1981 385 2037 homiuum.
1101 1986 1202 2048 miuus,
1216 1986 1282 2054 quia
1295 1986 1408 2041 humilio
1424 1987 1529 2056 liquam
1541 1987 1639 2054 altum,
1654 1991 1679 2042 et
1702 1987 1791 2042 ecalto
1811 1987 1893 2057 lipom
1958 2013 1959 2060 q

272 2077 309 2130 Ea
322 2091 386 2146 quae
400 2077 560 2134 testimonio
577 2095 632 2147 ιιιι,
646 2078 766 2150 aliisque
785 2078 920 2134 ailinibns
943 2079 1051 2136 tradita
1101 2078 1214 2142 humile,
1227 2083 1253 2134 et
1268 2081 1388 2148 arefacio
1403 2081 1508 2151 liquam
1519 2081 1618 2144 uiride,
1631 2085 1658 2136 ei
1672 2082 1821 2136 rermueere
1836 2083 1892 2148 {ado
1958 2103 1959 2130 ι

236 2173 312 2237 suut,
327 2187 422 2225 rursus
437 2171 616 2227 inculcantur
631 2172 664 2227 iis
678 2172 769 2228 verbis
784 2189 849 2244 qaae
859 2187 1051 2245 nuncexpan-
1102 2171 1210 2241 liguum
1222 2172 1343 2228 aridum.

238 2263 342 2328 dimus,
364 2267 393 2318 cl
412 2264 442 2318 in
464 2265 580 2336 Vulgata
602 2265 641 2320 sic
666 2265 866 2321 habenturzs
896 2265 969 2330 Quia
993 2283 1051 2322 non
1137 2263 1169 2320 ld
1188 2280 1275 2336 porro
1296 2265 1373 2338 quod
1399 2266 1484 2322 modo
1505 2269 1644 2338 expressis
1670 2268 1763 2324 verbis
1781 2268 1894 2323 traditan
1958 2293 1959 2342 q

239 2358 619 2428 repelletinsempitcmam
636 2359 781 2414 Dominus.
799 2359 871 2423 Quia
891 2359 914 2414 si
936 2359 1050 2431 abjecit,
1103 2361 1155 2422 est,
1177 2373 1253 2412 niano
1277 2359 1401 2430 eleganti
1428 2360 1564 2432 allegoria
1584 2363 1636 2416 sab
1659 2363 1756 2417 oculos
1776 2361 1893 2432 ponitur:
1958 2369 1959 2448 q

239 2451 634 2506 etruiserabitursecundnm
654 2451 869 2508 multitudinem
889 2453 1051 2510 misericor·
1103 2450 1895 2526 alqueillaquidemindicatur,posse[leamprolnbito
1958 2469 1959 2526 q

238 2544 351 2599 diarum
365 2561 498 2608 saaraim
515 2545 824 2601 nonenimhamiliavit
837 2561 873 2600 ex
888 2546 974 2602 corde
989 2563 1051 2617 suo,
1102 2547 1131 2597 el
1143 2545 1280 2614 superbos
1295 2543 1467 2616 deprimere,
1482 2550 1511 2601 el
1524 2547 1645 2602 humiles
1670 2549 1762 2620 deque
1781 2549 1832 2603 sais
1851 2547 1894 2600 cri-
1958 2527 1959 2620 i

238 2642 267 2692 et
281 2638 385 2710 abjecit
398 2637 471 2692 lilios
485 2638 648 2694 bominum.
663 2661 678 2690 a
1103 2637 1231 2692 minibus
1245 2638 1373 2694 dolentes
1393 2639 1543 2695 extollere,
1559 2641 1633 2696 Ferit
1654 2641 1750 2712 itaqua
1770 2641 1826 2696 haec
1843 2655 1895 2694 sea·
1958 2621 1959 2706 i

271 2733 345 2786 XXV.
373 2733 444 2786 ltem
471 2733 547 2802 apud
576 2732 748 2788 Ezechielem
784 2735 889 2804 (xxxia,
920 2735 963 2804 li)
987 2751 994 2788 ι
1018 2738 1055 2790 lit
1103 2730 1192 2784 tentia
1204 2731 1382 2800 Novatienos,
1395 2733 1426 2787 in
1440 2733 1590 2790 schismate
1609 2734 1737 2790 tumidos
1758 2741 1786 2789 et
1802 2734 1896 2788 elatos:
1958 2715 1959 2724 ¹

232 2825 324 2894 justas
347 2842 400 2882 aaa
422 2829 521 2896 poterit
543 2827 634 2882 saluus
659 2829 762 2882 esseio
786 2827 830 2882 die
848 2831 961 2898 pcccati.
986 2828 1054 2886 Cum
1103 2840 1152 2880 eos
1171 2841 1284 2896 quoque
1304 2841 1403 2882 omnes
1426 2826 1501 2896 ferit,
1516 2829 1566 2900 qui
1589 2827 1703 2883 reniam
1727 2832 1755 2884 et
1776 2829 1897 2900 peniten-

232 2919 307 2988 justo
329 2919 426 2988 diram,
440 2939 454 2968 a
471 2921 535 2975 Vita
554 2922 637 2988 uires,
652 2942 665 2970 »
687 2923 743 2991 ipse
760 2937 823 2976 aero
845 2922 958 2990 confidet
973 2937 1055 2992 super
1104 2917 1176 2972 tiam
1193 2918 1387 2988 peccatoribus
1401 2919 1581 2990 praeludunt
1594 2922 1713 2992 quaudo
1730 2921 1839 2992 quidem
1855 2921 1896 2972 llo·

233 3014 374 3081 justitiam
387 3029 475 3080 sarran,
490 3016 620 3080 olfecerit
640 3016 823 3084 iniquitatem,
838 3030 926 3070 omues
936 3015 1054 3085 justitie
1105 3011 1200 3066 minus
1214 3011 1371 3082 virgultum
1385 3013 1496 3068 humile
1511 3015 1620 3070 exaltat
1636 3021 1666 3070 et
1683 3015 1762 3086 ligno
1780 3013 1853 3069 arido
1865 3012 1898 3065 vi·
1958 3023 1959 3082 l

239 3106 297 3173 ejas
310 3123 364 3161 rica
376 3107 655 3162 carameruorahuntur
668 3126 675 3168 t
689 3111 718 3162 ia
738 3125 790 3164 sira
809 3111 958 3178 iniquitate
972 3125 1055 3179 quiam
1104 3106 1164 3159 iam
1178 3121 1210 3159 ac
1227 3105 1358 3176 vigorem
1380 3106 1517 3177 impertit.
1533 3107 1613 3172 Quod
1637 3108 1660 3163 si
1684 3107 1811 3164 eamdem
1832 3107 1898 3177 plane
1958 3091 1959 3174 i

238 3202 344 3267 scocris,
358 3201 386 3254 in
400 3215 432 3254 err
446 3202 591 3264 moriatur,
607 3205 633 3256 et
647 3218 707 3256 curn
719 3202 809 3256 dicam
821 3205 915 3272 impio,
932 3223 947 3252 a
968 3205 1055 3259 hlorte
1106 3197 1173 3253 huic
1188 3199 1351 3254 testimonio
1364 3199 1560 3256 adhibendam
1574 3217 1674 3257 censes
1687 3201 1899 3274 explicationem,
1958 3207 1959 3210 ’

239 3295 377 3356 cooriatur,
392 3296 736 3365 »auerteritseapeccato
751 3311 809 3363 suo,
825 3296 1053 3365 olfeceritjusti·
1106 3307 1192 3362 quam
1221 3291 1363 3364 superiori
1389 3293 1524 3362 adhibui,
1551 3310 1603 3366 per
1628 3311 1677 3350 me
1704 3295 1818 3366 quidem
1839 3293 1899 3347 licet.

242 3389 307 3442 iiam
330 3393 354 3441 ct
370 3387 518 3457 iudicium,
536 3393 560 3444 ei
587 3391 686 3460 pierias
708 3389 824 3445 debitori
842 3389 1004 3457 reddiderit,
1030 3396 1055 3445 et
1106 3385 1278 3456 Quanquam
1303 3401 1370 3441 raro
1394 3387 1440 3442 vix
1466 3387 1554 3443 distat
1579 3389 1701 3459 Vulgata
1723 3383 1901 3458 interpretatio
1958 3381 1959 3436 l

240 3483 368 3550 rapinam
392 3484 597 3550 restitueritis
621 3485 763 3553 preceptis
781 3485 845 3538 cita
865 3483 1055 3551 ambulaverit,
1106 3479 1142 3534 ab
1162 3495 1196 3534 ea
1218 3494 1305 3550 qaam
1324 3495 1418 3551 nuper
1435 3481 1579 3554 proposui,
1595 3484 1738 3554 quoniam
1753 3489 1845 3537 umen
1865 3493 1901 3532 us·
1958 3451 1959 3536 i

243 3589 275 3629 ae
287 3577 375 3641 sarira
390 3577 524 3646 iniquum,
538 3579 597 3631 cita
610 3579 694 3639 ciaet,
708 3583 733 3632 et
742 3591 794 3632 acu
808 3579 947 3632 morietur.
959 3579 1057 3634 Omnia
1107 3588 1163 3643 que
1178 3573 1272 3628 adhuc
1283 3574 1370 3628 veteri
1392 3573 1623 3646 interpretationi
1642 3577 1794 3648 vulgatam
1813 3571 1902 3637 addidi,

238 3674 353 3737 peccata
376 3669 435 3734 eius
460 3686 520 3739 qaae
543 3673 673 3740 peccauit,
694 3685 747 3724 aon
770 3670 1001 3725 commovebuntur
1022 3673 1056 3734 ei,
1107 3665 1153 3720 hic
1168 3667 1274 3736 pariter
1286 3666 1361 3722 addo
1377 3683 1384 3722 ι
1402 3688 1417 3718 «
1432 3668 1505 3732 Quia
1526 3685 1581 3740 ego
1604 3670 1753 3736 llorninus,
1774 3665 1902 3723 humiliati

242 3763 307 3830 qaia
315 3762 449 3829 judicium
466 3769 490 3818 rt
500 3763 641 3831 justitiam
654 3765 730 3831 iecit,
744 3766 773 3818 ia
787 3766 852 3832 ipsis
866 3765 949 3818 ciaet.
1106 3758 1219 3830 lignum
1245 3760 1378 3828 sublime,
1397 3767 1426 3816 et
1449 3762 1569 3816 exaltavi
1595 3763 1713 3833 lignum
1735 3762 1839 3818 humile
1856 3775 1863 3812 ι
1882 3761 1903 3811 et

279 3853 331 3918 ilai
350 3855 396 3910 liic
414 3855 602 3927 allegatores
622 3857 766 3913 Ezechiele
785 3857 875 3924 locus,
895 3856 1057 3912 simillimus
1107 3852 1206 3908 siccari
1220 3853 1329 3924 ‚ignum
1347 3853 1448 3924 viride,
1463 3859 1492 3910 et
1512 3854 1645 3910 frondere
1664 3856 1720 3912 leci
1742 3850 1902 3926 lignuman'·

244 3954 286 4002 est
299 3949 384 4018 illius,
398 3965 483 4020 quem
498 3967 532 4004 cx
553 3951 674 4005 ieremia
695 3951 790 4006 attulit
809 3967 838 4005 n.
854 3966 913 4017 xar,
934 3949 1057 4020 ideoque
1107 3945 1186 4001 dam.
1203 3968 1217 3996 ι)

245 4041 373 4096 eamdem
389 4042 496 4115 excipit
508 4043 736 4114 explicationem.
752 4043 846 4098 Utitur
861 4042 904 4096 bis
923 4043 1057 4098 Ezechia·
1142 4039 1243 4094 lxvii.
1259 4042 1330 4095 ltem
1351 4041 1408 4096 illic
1429 4042 1568 4113 (Ezechiel,
1584 4058 1684 4112 xxxiii,
1702 4045 1743 4110 tot
1759 4037 1905 4106 :liliati
1958 4023 1959 4094 i

243 4131 278 4186 lis
292 4135 383 4189 verbis
397 4141 496 4190 auctor
510 4135 573 4190 libri
596 4137 633 4191 ad
652 4138 849 4204 Nouatiunum,
865 4153 904 4191 sic
924 4136 1057 4192 eanrdem
1106 4132 1231 4196 homine,
1243 4134 1287 4188 dic
1297 4135 1389 4190 domm
1400 4136 1486 4190 lsrael
1501 4152 1507 4190 :
1521 4137 1596 4190 Sicut
1612 4136 1699 4192 locuti
1711 4139 1776 4192 estis
1788 4136 1903 4190 diceutes:
1958 4169 1959 4193 ι

245 4229 435 4286 Nor-alianum
449 4230 579 4285 refutans
591 4229 632 4301 (p.
649 4228 692 4299 13)
706 4246 713 4282 :
732 4251 746 4278 a
759 4230 836 4284 Unde
851 4230 941 4300 igitur
956 4233 984 4284 et
998 4232 1057 4284 tam
1107 4229 1218 4283 Errores
1230 4230 1318 4282 nostri
1330 4234 1354 4283 et
1367 4231 1527 4298 iniquitates
1546 4233 1646 4284 reostree
1667 4231 1698 4284 iu
1718 4230 1794 4284 nobes
1812 4231 1874 4286 suat,
1885 4229 1904 4276 si
1958 4203 1959 4252 ¹

246 4323 410 4388 sceleratas,
429 4327 457 4375 et
478 4327 535 4376 tana
560 4321 699 4393 perditas,
715 4329 773 4376 tam
791 4321 939 4378 discordiae
960 4323 1058 4378 lurore
1107 4321 1137 4374 iu
1155 4322 1222 4390 ipsis
1240 4335 1287 4376 roos
1312 4321 1481 4377 tabescimus.
1502 4325 1538 4378 Et
1558 4323 1695 4392 quomodo
1720 4321 1856 4378 uiuamus?
1870 4317 1904 4372 dic

246 4431 368 4471 vesanas
396 4414 536 4470 exstiterit
561 4415 614 4470 iste
646 4415 826 4486 Novatiaaus,
852 4415 980 4470 invenire
1001 4432 1058 4471 uon
1108 4413 1186 4468 illis:
1206 4415 1272 4470 Vico
1284 4429 1343 4483 eqo,
1357 4415 1424 4470 dicit
1435 4416 1580 4482 Dominus,
1595 4418 1620 4469 si
1633 4415 1695 4470 aolo
1707 4421 1818 4471 morum
1830 4411 1903 4481 impii,

245 4527 359 4587 possum
368 4527 377 4580 5
391 4509 439 4580 qai
460 4525 574 4580 searpcr
596 4509 625 4563 in
642 4508 727 4564 domo
750 4526 816 4578 uua,
832 4509 860 4564 id
888 4513 932 4565 est
955 4510 1057 4566 Christi
1069 4533 1098 4605 D
1111 4511 1218 4562 tautam
1233 4523 1250 4562 a
1263 4509 1370 4562 uiasua
1384 4513 1534 4572 coutetur,
1545 4514 1570 4564 et
1585 4509 1672 4564 aiunt.

245 4604 377 4672 Ecclesia,
401 4602 597 4674 proximorum
619 4603 720 4658 delicta
739 4609 770 4659 ut
792 4602 907 4674 propria
930 4603 1058 4670 ileveril;
1145 4599 1297 4671 Perspicua
1330 4601 1392 4656 haec
1417 4606 1459 4656 esi
1482 4601 1643 4667 sententia,
1672 4619 1731 4674 qna
1763 4601 1809 4657 [lei
1835 4600 1906 4670 pietas
1958 4575 1959 4662 i

246 4716 330 4754 onera
347 4699 480 4762 bairam,
496 4697 568 4751 sicat
588 4698 736 4768 hpostolas
758 4697 899 4764 hortatur,
916 4695 1059 4752 sustinue-
1110 4693 1217 4748 eminet
1231 4693 1261 4748 in
1276 4694 1585 4750 vocandishomiaibus
1593 4696 1776 4767 jampridem
1787 4688 1906 4762 iuiniqai·
1958 4669 1959 4740 i

246 4793 302 4863 rit3
316 4790 441 4846 lubricos
455 4791 484 4846 iu
499 4790 554 4846 lida
575 4790 681 4846 coelesti
700 4790 870 4846 allocutione
892 4789 1058 4845 corrobora·
1111 4789 1169 4842 lale
1182 4787 1367 4856 haereulibus,
1381 4803 1415 4842 ac
1429 4804 1502 4859 pene
1515 4787 1672 4860 desperatis
1688 4807 1695 4844 :
1720 4792 1797 4844 certa
1811 4797 1905 4860 qaoque

246 4884 815 4956 veritatnuncquuoCainamillam
836 4883 1060 4954 haeresimque
1111 4886 1233 4953 apparel
1262 4880 1422 4936 testificatio
1453 4881 1557 4936 divium
1583 4881 1744 4938 voluntatis
1765 4883 1798 4938 de
1819 4881 1907 4949 imper-

246 4995 305 5034 non
328 4977 380 5034 nisi
405 4982 516 5032 trintum
540 4979 668 5034 occidere
690 4978 784 5050 gestit,
810 4992 941 5032 exercere
966 4977 1058 5048 coeqrit,
1111 4973 1209 5028 tienda
1232 4974 1432 5046 perditissimis
1458 4976 1618 5047 quibusque
1643 4977 1740 5032 venia.
1763 4979 1848 5046 Atque
1872 4971 1906 5022 hb

247 5087 299 5126 uec
323 5070 376 5124 sibi
403 5071 555 5126 novissime
582 5071 683 5142 parcit.
709 5072 861 5138 Craterum,
889 5070 911 5124 si
945 5070 1061 5142 legisset
1110 5083 1178 5122 sane
1198 5067 1290 5123 verbis
1316 5067 1335 5122 ii
1358 5069 1519 5139 praesertim
1546 5067 1730 5138 refellantur,
1753 5068 1800 5141 qui
1820 5064 1905 5120 disice

248 5162 314 5232 quis
332 5163 443 5232 justitia
462 5164 533 5235 justi
555 5179 609 5219 nou
634 5164 767 5219 liberabit
790 5181 857 5219 eam
879 5165 909 5218 in
932 5164 980 5218 die
1003 5180 1061 5236 qua
1110 5160 1243 5216 charitati
1263 5161 1367 5216 limites
1391 5160 1509 5232 iniicere
1533 5163 1700 5232 pertentant
1720 5169 1748 5218 et
1767 5155 1906 5216 criminosis

247 5257 391 5324 erraverit,
408 5263 435 5312 el
453 5257 589 5328 iniqnitas
616 5257 696 5328 impii
711 5275 768 5313 sion
784 5258 898 5314 uocabit
917 5258 943 5312 ci
956 5275 988 5312 cx
1004 5274 1062 5329 qua
1110 5253 1305 5326 poenitentiam
1320 5253 1502 5310 interdicere.
1519 5256 1547 5311 Si
1561 5256 1718 5327 peccatoris
1730 5259 1845 5310 mortem
1860 5263 1906 5302 nou

247 5349 292 5403 dic
311 5363 464 5404 cairversns
477 5351 571 5418 licerit,
584 5351 644 5421 jam
667 5350 734 5406 olim
747 5351 884 5406 incinere
910 5353 1062 5422 paeniteret
1110 5349 1171 5404 vult
1194 5349 1278 5416 licus,
1300 5347 1349 5402 sed
1370 5352 1403 5404 ut
1421 5355 1602 5404 convertatur
1624 5365 1656 5404 ac
1677 5349 1763 5417 vivat,
1785 5347 1843 5419 quis
1866 5341 1907 5396 tri·

245 5441 306 5507 ille,
327 5442 376 5514 qui
398 5457 509 5514 sonrper
531 5444 732 5514 poenitentibus
750 5444 932 5513 adversatur;
956 5445 1007 5518 qui
1031 5445 1061 5500 in
1110 5441 1189 5499 mirra
1202 5441 1297 5514 aliqua
1319 5441 1501 5513 inexpiabilia
1520 5443 1605 5510 dicet,
1618 5447 1667 5497 aut
1685 5441 1852 5514 poenitentiae
1871 5449 1907 5488 ra·

247 5536 330 5590 ruina
360 5535 469 5590 famlias
498 5537 703 5590 aedificatorum
734 5539 870 5592 stantium
908 5545 1059 5608 operatur,
1111 5535 1192 5607 pidos
1205 5535 1240 5589 ab
1255 5551 1299 5603 ea,
1316 5535 1436 5606 ideoque
1450 5536 1485 5590 ab
1507 5537 1639 5604 Ecclesia,
1659 5529 1906 5591 arcebitihdhilsel

249 5645 335 5700 qaam
350 5629 380 5684 in
398 5629 553 5684 structione
563 5631 716 5700 jacentium
733 5630 962 5703 ruinaram3qui
986 5632 1059 5685 mal·
1110 5629 1141 5682 in
1174 5629 1309 5683 eamdem
1336 5645 1451 5684 sensum
1483 5631 1576 5685 locrrm
1607 5630 1683 5684 hiano
1711 5625 1852 5684 Ezechielis
1877 5620 1903 5683 is

246 5729 289 5777 tos
303 5739 335 5777 ex
355 5724 489 5778 fratribus
512 5724 617 5778 nostris
638 5724 812 5779 miserrimos
835 5723 912 5780 falsis
937 5725 993 5780 sais
1010 5725 1059 5780 ad·
1111 5739 1197 5796 quem
1221 5737 1296 5793 saepe
1329 5721 1433 5790 citavi,
1459 5729 1559 5780 auctor
1585 5723 1648 5780 libri
1674 5723 1712 5779 ad
1736 5721 1903 5778 Novatianum

250 5815 458 5873 versationibus
491 5815 666 5888 perterritos,
693 5817 797 5872 iteruin
825 5817 892 5872 lecit
920 5817 1058 5888 ethnicos,
1112 5815 1259 5888 (pagii).
1277 5836 1291 5867 a
1312 5817 1392 5887 Item,
1412 5815 1711 5890 inquiens‚1)ominus
1729 5815 1765 5872 ed
1786 5808 1901 5872 eumdem
