4090 6188
28 5157 29 5178 ,
140 5115 199 5159 nec
208 5099 298 5156 tidem
310 5115 426 5172 prorsus
439 5115 555 5158 omnem
567 5099 732 5158 hominibus
744 5102 896 5175 derogare.

115 239 186 296 aras
703 229 1204 298 oavrsrommsraoranrrcrs.
1469 198 1472 207 ¹
1739 242 1806 298 aare

111 355 212 413 tnrhas
225 354 365 425 dederint,
379 352 487 428 uhiqne
501 357 612 412 constat
625 372 660 413 ex
675 355 804 429 eiusdem
821 357 932 430 epieto·
945 369 976 443 Α
987 359 1089 427 metu;
1106 360 1139 412 ut
1153 356 1233 429 prius
1250 355 1403 414 Dominum
1423 371 1520 414 meum
1540 357 1682 412 consulam
1700 371 1737 412 en
1755 341 1808 412 tibi

112 449 159 505 lis.
187 449 218 506 ld
244 450 333 505 etiam
354 449 382 506 ei
400 449 552 507 aDomiuo
577 451 685 506 coelesti
710 451 819 507 visione
846 454 936 507 antea
984 467 1083 526 paoem
1108 450 1187 519 dari,
1205 453 1234 506 et
1254 454 1282 507 te
1302 452 1339 507 ed
1358 450 1648 508 communicationem
1668 450 1801 508 Ecclesiae

114 542 272 600 revelatum
286 545 340 598 est.
354 563 370 594 «ι
383 543 554 612 Persecutio,
566 543 670 618 inquit,
691 550 733 601 est
746 545 809 601 heac
827 545 895 614 elia,
908 549 937 600 et
986 561 1045 602 sure
1059 543 1174 602 admitti
1185 559 1236 599 sua
1248 544 1406 601 ostensione
1426 549 1454 601 ct
1468 544 1663 601 admonitione
1677 543 1798 617 permit·

115 634 325 704 aliatentetio;
345 639 375 692 et
388 636 514 710 quinque
533 635 580 693 isti
593 636 755 712 presbyteri
772 638 845 694 nihil
859 637 937 694 aliud
986 642 1039 696 tat.
1065 637 1194 711 llemini}
1208 637 1286 694 enim
1311 637 1380 709 quid
1402 637 1464 709 jam
1486 638 1558 694 mihi
1582 638 1618 694 sit
1645 641 1800 708 ostensum,

117 732 188 786 sunt
204 745 292 802 quern
305 729 433 802 quinque
444 730 585 802 primores
599 731 652 800 illi,
666 731 716 804 qui
738 731 833 788 edicto
845 746 939 803 nuper
987 731 1159 804 immquuid
1175 745 1254 788 servo
1268 730 1436 803 obsequenti
1449 736 1478 788 et
1489 731 1603 787 timenti
1612 730 1647 787 de
1662 731 1759 788 diviua
1773 735 1803 788 et

120 821 337 895 magistratibus
372 824 488 881 fuerant
528 823 655 896 copulati
695 824 789 898 (epist.
826 823 883 894 to).
921 845 935 876 s
988 826 1132 883 dominica
1152 825 1320 882 auctoritate
1336 826 1524 896 praeceptum
1543 824 1594 897 qni
1612 825 1804 882 internectere

120 919 164 974 lta
178 916 320 973 intellexit
333 921 479 990 recteque,
494 923 525 975 ut
537 918 661 987 videtur,
674 917 819 975 Pamelius
834 934 841 974 :
859 937 873 970 κ
893 918 937 973 tli-
988 936 1053 993 que
1068 920 1218 976 ostendere
1233 921 1263 974 et
1274 918 1400 974 revelare
1421 916 1556 990 dignatus
1570 922 1613 974 est
1627 923 1656 975 et
1673 919 1734 976 haec
1752 919 1803 976 ad·

123 1009 209 1066 detur
220 1009 292 1066 mihi
307 1010 435 1067 eDudere
450 1010 488 1067 ad
503 1011 644 1068 visionem
658 1011 824 1084 quampiam
841 1010 871 1067 in
884 1026 940 1083 qua
988 1013 1061 1069 didit
1078 1012 1177 1086 (verha
1194 1016 1274 1068 eraut
1294 1011 1395 1082 procul
1417 1010 1503 1066 dubio
1526 1011 1628 1067 Christi
1645 1011 1675 1068 in
1694 1011 1805 1068 visione

122 1102 288 1176 apparuisse
314 1103 449 1160 videntur
472 1121 538 1161 cnm
564 1104 779 1178 magistratibus
811 1104 940 1176 quinque
990 1123 1054 1180 quae
1083 1105 1259 1178 subjungit);
1286 1104 1383 1176 itaque
1409 1104 1459 1177 qui
1485 1103 1597 1162 Christo
1623 1120 1681 1161 non
1713 1105 1805 1162 credit

120 1197 279 1268 primores,
294 1196 342 1268 qui
362 1197 491 1254 edictum
509 1201 609 1256 contra
621 1197 940 1272 episcoposunapuhli·
991 1201 1167 1257 sacerdotem
1188 1198 1313 1268 facienti,
1336 1202 1434 1269 postca
1455 1197 1573 1254 credere
1590 1197 1692 1271 incipit
1711 1214 1806 1254 sacer·

123 1293 235 1346 terent·
251 1311 265 1342 a
990 1295 1089 1352 dotem
1108 1291 1274 1349 vindicanti.
1295 1312 1310 1344 »
1328 1295 1368 1348 lte
1385 1296 1469 1348 eraut
1484 1291 1649 1365 frequentes
1667 1307 1703 1347 ee
1721 1296 1806 1348 catate

992 1387 1097 1444 divinae
1117 1385 1317 1453 revelationes,
1332 1390 1363 1441 ut
1381 1400 1418 1440 ue
1436 1384 1471 1440 de
1489 1383 1673 1456 resipiscente
1689 1384 1808 1456 quidem

123 1528 154 1581 et
173 1525 323 1583 Volusiano
346 1525 573 1599 persecutionem
589 1527 651 1600 jam
671 1533 756 1584 antea
779 1545 813 1584 er
836 1528 943 1585 revela·
992 1481 1118 1554 Pupiam
1141 1478 1270 1552 p⁰ffi⁰⁰¹i
1292 1479 1413 1535 *ΜΝ
1432 1477 1500 1550 qnid
1522 1479 1596 1534 ⁰³⁸²
1615 1481 1751 1547 mmuh
1772 1493 1809 1534 ¹¹0

123 1619 205 1676 tione
223 1619 320 1676 divina
338 1619 508 1690 didicerant,
522 1623 614 1695 deque
636 1637 668 1678 ea
687 1622 825 1695 populum
842 1620 943 1678 litteris
991 1573 1069 1631 ³li¹¹d
1092 1575 1214 1630 ‘mm
1232 1588 1249 1628 ⁸
1270 1571 1325 1628 Bw
1345 1571 1507 1643 jummf’
1528 1575 1559 1628 ut
1578 1572 1669 1628 Deum
1687 1570 1808 1644 Wind‘

121 1715 266 1773 tiamnum
281 1718 455 1774 exstantibus
467 1720 645 1776 mouendum
662 1719 861 1776 existimarunt
884 1719 936 1776 lta-
992 1668 1118 1740 primum
1144 1667 1278 1724 mmm
1302 1681 1363 1724 ⁰⁸⁵⁰
1389 1665 1606 1736 ⁰⁰¹¹⁸¹²l⁰¹¹d⁰m²
1632 1667 1664 1722 ”t
1691 1664 1809 1720 iffid‘m

123 1810 161 1867 gg
184 1810 302 1883 plegem
322 1810 538 1869 Thibarmmm
559 1813 739 1887 Cyprianus:
761 1814 860 1869 «Nam
879 1762 1043 1868 oumBDei
1064 1761 1095 1818 iu
1120 1760 1254 1866 rebellem
1275 1775 1392 1833 plenem
1414 1761 1586 1831 expectaret,
1611 1759 1699 1864 mena
1723 1757 1809 1864 plane

122 1903 241 1961 Domini
259 1904 427 1963 instruentis
446 1905 615 1980 dignatione
635 1906 808 1980 instigemur
825 1903 942 1978 sepius,
996 1855 1110 1928 ‘imm
1131 1854 1351 1926 'mmmmm
1370 1869 1556 1910 mmmmm
1575 1857 1711 1909 ⁰⁰m¹²⁰⁰¹
1726 1851 1811 1908 ΨΜ

123 1997 250 2070 amplius
270 2003 299 2054 et
319 1999 540 2073 admoneamur,
554 2001 589 2058 ad
602 2005 727 2057 vestram
739 2016 855 2074 quoque
878 2015 943 2054 con·
994 1948 1070 2055 ²de
1089 1949 1186 2054 diem
1203 1947 1233 2004 in
1252 1947 1382 2052 maio
1397 1950 1449 2004 m
1468 1946 1624 2051 nerim
1636 1944 1811 2018 mmm

995 2059 1054 2116 qur,
1066 2058 1096 2098 se
1110 2040 1283 2110 inconsulto,
1296 2042 1383 2113 lapsis
1393 2043 1686 2110 communicaverunt,
1701 2057 1716 2090 a
1734 2039 1810 2106 uter,

125 2091 277 2148 scientiam
296 2092 502 2150 admonitionis
516 2097 620 2151 nostre
639 2092 861 2151 sollicitudinem
876 2108 943 2164 per·
993 2135 1088 2208 inquit
1119 2151 1152 2191 ω
1177 2133 1374 2191 admonitione
1411 2148 1470 2206 qua
1493 2132 1629 2190 Dominus
1650 2131 1741 2203 jubet
1781 2135 1813 2188 ut

124 2184 202 2241 ferre
226 2184 374 2243 dehemus.
399 2186 477 2243 Scire
502 2187 582 2244 euim
603 2188 711 2245 dehetis
736 2189 765 2244 et
788 2202 840 2260 pro
865 2188 944 2241 certo
1089 2175 1098 2203 '
1376 2173 1385 2206 ⁹
1742 2171 1751 2202 ²

124 2279 242 2334 aedem
255 2295 288 2334 ,g
303 2283 411 2351 genere,
426 2295 570 2354 prmum
587 2280 665 2338 diem
684 2296 770 2355 super
783 2280 870 2354 caput
884 2294 945 2334 em
997 2228 1116 2285 interim
1129 2227 1340 2301 prohibeantur
1352 2226 1465 2296 offerre,
1479 2229 1533 2284 etc.
1549 2226 1641 2300 (epist.
1656 2223 1712 2297 to.)
1726 2246 1742 2277 s

125 2371 244 2443 PoePiffl
263 2371 357 2444 (flpist.
376 2372 432 2446 eo),
451 2377 506 2430 etc.
521 2373 655 2432 »Deinde
675 2373 771 2447 paucis
791 2371 945 2445 interposi·
1031 2322 1158 2428 §²12-
1180 2323 1219 2378 η’
1244 2325 1357 2426 ⁰⁰P⁸t⁸⁸
1381 2319 1520 2425 gmi‘fffl
1542 2318 1812 2424 ¹¹¹⁰m⁸¹uflm¹¹i⁸²

124 2463 165 2518 fi,
179 2480 187 2518 :
203 2483 217 2514 „
234 2465 290 2520 Nec
310 2467 447 2537 putemus
461 2467 528 2523 talia
543 2484 604 2526 em
622 2483 688 2540 φη
704 2466 833 2534 mium,
849 2463 946 2538 qualia
996 2433 1062 2490 ques
1076 2417 1192 2489 quedem
1207 2414 1355 2488 publicum
1373 2413 1506 2470 Ecclesiae
1523 2416 1630 2470 statum
1647 2414 1813 2478 attinerent,

124 2557 247 2614 fuerunt
258 2557 306 2614 illa
320 2575 384 2631 que
399 2561 584 2618 transierunt.
600 2561 718 2618 Gravior
736 2577 813 2616 nunc
826 2563 854 2616 et
871 2559 947 2614 iero·
996 2525 1056 2566 ⁰⁸⁵⁸
1072 2508 1235 2565 i⁵ti¹¹⁵m⁰di
1245 2505 1402 2563 'mmm
1419 2505 1568 2578 mim
1586 2503 1753 2576 ⁰⁶⁸5⁸¹¹⁸²²¹⁸
1771 2507 1815 2560 ⁶⁸²

127 2649 190 2707 cior
218 2667 317 2724 pugna
344 2653 489 2724 imminet,
514 2676 529 2707 a
559 2659 613 2711 etc.
644 2657 752 2714 Rursus
779 2653 857 2710 idem
881 2667 947 2708 cum

127 2743 238 2817 synodo
258 2746 416 2819 Cyprianus
430 2749 465 2804 ed
480 2749 643 2807 Cornelium
658 2765 665 2804 :
681 2768 696 2800 a
714 2746 769 2806 Sed
785 2745 863 2802 euim
881 2761 947 2802 cum

126 2843 280 2900 rideamus
294 2841 374 2897 diem
388 2858 485 2898 rursus
504 2842 621 2898 alterius
638 2840 829 2898 infestationis
842 2853 947 2912 appro-

127 2937 272 3014 pinquare
294 2935 421 3008 coepisse,
443 2942 472 2993 et
493 2935 600 2992 crebris
618 2941 703 3008 atque
722 2934 842 2990 assiduis
854 2938 951 2990 oeten·

128 3031 261 3088 sionibus
281 3028 502 3100 admoneamur,
515 3034 548 3086 nt
559 3028 596 3085 ad
611 3033 758 3086 certamen
771 3027 847 3102 quod
866 3024 950 3082 nobis

128 3124 223 3182 hostis
235 3121 344 3192 indicit,
359 3121 464 3179 armati
477 3125 507 3178 et
518 3123 610 3196 parati
623 3121 723 3192 simus,
738 3121 850 3194 plebem
863 3120 986 3226 etiams

129 3217 217 3276 nobis
232 3214 268 3274 de
282 3215 376 3272 divina
395 3215 564 3288 dignatione
582 3216 762 3273 commissam
781 3215 952 3271 exhortatio-
978 3195 988 3226 ¹

130 3311 219 3370 uibus
238 3310 343 3366 nostris
364 3325 509 3382 paremus,
533 3314 588 3366 etc.
614 3309 709 3384 (epist.
733 3309 787 3380 ct).
812 3311 953 3364 «Postea

133 3430 149 3464 ι
167 3409 433 3482 obtemperandum
447 3413 491 3466 est
502 3425 626 3481 namque
639 3407 852 3465 ostensionibus
866 3413 954 3480 etque

131 3503 380 3560 admonitionibus
392 3502 487 3574 justis,
503 3507 534 3559 ut
548 3520 565 3559 a
579 3502 739 3574 pastoribus
751 3518 817 3558 ores
831 3501 860 3557 in
875 3501 953 3573 peri-

131 3598 199 3655 culo
215 3613 271 3654 non
285 3596 465 3664 deserantur,
476 3600 532 3653 etc.
545 3616 559 3647 a
573 3598 682 3654 ltarsus
694 3613 700 3650 :
713 3595 848 3652 «Placuit
860 3595 954 3663 nohis,

133 3691 246 3765 Spiritu
266 3695 365 3748 sancto
384 3693 559 3763 suggerente
579 3693 607 3746 et
625 3689 743 3746 Domino
761 3705 813 3761 per
831 3687 956 3746 risiones

133 3786 242 3842 multas
260 3790 289 3842 et
302 3782 465 3841 manilestas
478 3784 653 3841 admonente
674 3783 743 3856 quie
762 3781 852 3839 hostis
872 3781 956 3838 uobis

135 3878 289 3936 imminere
315 3877 536 3950 praenuntiatur,
561 3883 591 3934 et
613 3876 784 3946 ostenditur,
806 3875 957 3948 scolligere

134 3973 215 4030 intre
227 3973 319 4030 castra
334 3971 443 4029 milites
455 3970 572 4041 Christi,
587 3974 641 4028 etc.
656 3991 670 4022 a
685 3972 748 4027 Non
761 3970 883 4027 credent
896 3969 958 4026 heo

136 4067 256 4123 fortasse
282 4065 370 4123 ethei.
394 4065 451 4122 Sed
475 4064 544 4138 quid
564 4064 673 4121 habent
697 4081 753 4138 quo
780 4064 876 4120 miuus
900 4062 957 4120 lide

138 4157 230 4233 digna
251 4175 314 4216 esse
336 4158 491 4216 censeant?
509 4157 639 4216 Visiones
657 4157 705 4214 hic
726 4157 877 4228 habemus,
899 4175 958 4216 non

159 1431 238 1505 §lb
252 1431 454 1489 -Secundam
474 1432 552 1490 illam
572 1433 615 1490 sui
634 1434 772 1507 temporis
789 1432 842 1490 sub
861 1433 941 1490 Gallo

997 2602 1174 2676 aCyprieno
1197 2601 1288 2657 lector
1308 2599 1457 2659 Celerinus
1478 2599 1624 2656 confessor
1640 2599 1735 2672 (epist.
1757 2595 1813 2670 et).

997 2699 1025 2754 ls
1036 2687 1135 2753 contra
1148 2711 1201 2768 pro
1216 2694 1380 2751 humilitate
1399 2709 1452 2749 sua
1471 2708 1537 2750 cum
1556 2691 1715 2749 consentire
1730 2689 1815 2748 dnbi-

997 2794 1071 2848 taret
1090 2789 1229 2858 Ecclesia,
1256 2788 1306 2844 Dei
1328 2786 1419 2860 ipsius
1444 2785 1592 2844 admonitu
1609 2788 1640 2843 et
1656 2784 1816 2842 hortetuin

998 2883 1105 2941 risione
1133 2899 1187 2957 per
1213 2887 1328 2938 noctem
1356 2881 1521 2954 compulsus
1547 2885 1589 2936 est
1621 2895 1658 2936 ue
1686 2883 1816 2952 negaret.

998 2979 1055 3036 Nec
1072 2978 1172 3035 deerat
1191 2992 1250 3049 quo
1268 2975 1304 3032 de
1322 2975 1458 3048 martyrio
1479 2991 1531 3030 suo
1556 2972 1685 3032 monitus
1710 2977 1754 3030 est
1773 2971 1817 3028 vir

1000 3070 1205 3138 sanctissimus,
1237 3068 1383 3126 somnium
1411 3067 1530 3140 quidem
1558 3065 1648 3136 illud,
1675 3065 1724 3123 sed
1748 3081 1817 3138 pro-

1000 3167 1156 3241 pheticum,
1177 3169 1206 3222 ct
1219 3179 1289 3220 sana
1310 3161 1590 3219 manifestissimum.
1611 3161 1672 3226 Quo
1690 3160 1818 3232 primum

1001 3259 1047 3317 die
1062 3259 1093 3315 iu
1106 3257 1196 3314 exsilii
1215 3255 1382 3316 curubitani
1395 3256 1458 3312 loco
1479 3253 1593 3326 mansit,
1614 3269 1692 3310 mors
1709 3253 1772 3326 ejus
1789 3253 1819 3308 et

1003 3352 1117 3428 quidem
1136 3353 1231 3425 ipsum
1250 3349 1379 3422 martyrii
1392 3365 1485 3422 genus
1505 3346 1674 3422 prophetico
1688 3345 1818 3418 symbolo

1003 3447 1206 3520 repraesentata
1220 3448 1296 3500 sunt.
1312 3443 1361 3499 llle
1380 3442 1550 3500 dilationem
1568 3441 1652 3498 unius
1666 3439 1726 3497 diei
1746 3438 1820 3511 petit

1005 3539 1183 3613 accepitque,
1208 3537 1299 3595 donec
1322 3553 1369 3594 ree
1392 3553 1459 3592 suas
1482 3535 1614 3608 legitima
1638 3532 1820 3592 ordinatione

1005 3633 1184 3706 disponeret,
1208 3631 1341 3688 Ecclesiae
1362 3629 1490 3686 fortassis
1511 3628 1585 3686 illes.
1608 3627 1675 3685 Dies
1696 3627 1745 3685 ille
1766 3642 1821 3699 pro

1005 3727 1132 3784 diomate
1160 3725 1285 3782 Danielis
1303 3727 1389 3798 atque
1409 3723 1619 3796 apocalypseos
1638 3720 1819 3795 prophetico,

1005 3835 1113 3877 aunum
1137 3817 1316 3891 designabat.
1336 3816 1549 3889 Responditqne
1568 3819 1686 3871 eventus
1709 3829 1822 3870 accura-

1006 3914 1127 3972 tissime.
1149 3913 1189 3969 llo
1214 3912 1293 3967 cuim
1311 3911 1374 3984 ipso
1397 3909 1442 3966 die
1464 3914 1530 3982 post
1552 3910 1689 3964 exectum
1713 3921 1823 3962 annum

1007 4016 1159 4071 oronatum
1180 4027 1241 4067 esse
1261 4009 1348 4066 tradit
1364 4007 1492 4078 Pontius,
1533 4023 1590 4080 quo
1611 4005 1667 4062 hoc
1690 4005 1733 4061 illi
1754 4006 1822 4060 ante

1006 4123 1115 4163 annum
1134 4105 1229 4162 fuerat
1247 4107 1393 4160 ostensum
1415 4103 1509 4175 (Pont.
1531 4101 1563 4158 in
1578 4102 1644 4159 Vita
1665 4096 1823 4172 cypriani).

1007 4199 1081 4268 Quid
1105 4199 1151 4256 hic
1172 4197 1358 4256 dubitamus?
1383 4197 1422 4253 De
1443 4195 1581 4253 somniet
1599 4197 1665 4252 hta
1680 4193 1823 4267 Cypriane

1008 4295 1069 4367 ipso
1082 4293 1184 4350 habuit
1195 4291 1314 4350 Pontius
1327 4291 1498 4348 domesticus
1517 4292 1603 4363 atque
1619 4287 1697 4344 exilii
1715 4303 1823 4345 comes.

1010 4389 1049 4444 De
1071 4387 1192 4445 Pontici
1209 4388 1249 4443 ht·
1263 4386 1325 4459 jam
1350 4388 1416 4442 ante
1437 4382 1568 4457 martyrii
1592 4381 1671 4438 diem
1691 4380 1824 4438 omnihus

1009 4483 1219 4550 nnotucrat,ut
1239 4479 1363 4553 nequid
1384 4479 1502 4536 Pontius
1523 4475 1702 4534 comminisci
1725 4479 1826 4548 posset

137 4252 246 4310 multas
272 4251 368 4320 modo,
397 4251 447 4308 sad
471 4255 501 4308 et
525 4251 708 4320 manifestam
733 4267 786 4308 nec
813 4252 875 4308 illas
895 4256 960 4324 post

137 4350 277 4403 eventum
299 4345 449 4412 confictas,
471 4345 521 4402 sed
542 4360 609 4401 vcro
631 4351 713 4402 antea
731 4346 957 4418 praenuntiatas,

139 4445 303 4512 eventuque
331 4437 552 4512 comprobatam
579 4454 633 4496 nec
657 4438 686 4494 id
712 4439 833 4496 obscura
856 4441 960 4512 privati

138 4532 301 4607 ⁰⁰i⁰⁸pi⁸m
330 4532 401 4602 Μ’
429 4531 478 4588 ”d
509 4532 611 4606 ¹7⁰⁰&
641 4533 728 4590 mim
761 4519 1033 4632 coll⁸⁰¹1tient01›si
1060 4575 1104 4631 val
1132 4573 1259 4630 maxime
1285 4572 1430 4629 voluisset.
1453 4569 1580 4628 elladio
1607 4569 1696 4638 enim,
1720 4565 1825 4640 iuquit,

138 4631 277 4704 suffragio
303 4630 521 4704 mansurisque,
545 4631 570 4688 si
595 4631 673 4688 falsa
700 4630 836 4704 luissent,
862 4632 893 4689 iu
917 4632 961 4689 rei
1009 4675 1139 4742 temporo
1160 4667 1318 4724 imminens
1338 4665 1433 4740 pugg
1455 4679 1507 4737 pm
1529 4666 1607 4720 egri„
1631 4663 1667 4718 ab
1692 4659 1825 4717 omnihus

139 4725 318 4784 memoriam
337 4725 454 4781 aeternis
472 4723 678 4796 monumentis,
699 4726 870 4800 scriptisque
889 4743 959 4784 con·
1011 4763 1152 4820 sciebatur
1177 4761 1281 4833 (pm,
1309 4761 1369 4831 ὦ.)
1394 4777 1409 4812 ,
1432 4757 1508 4824 Quid
1530 4755 1608 4830 quod
1628 4755 1677 4812 ina
1702 4752 1827 4812 ediderit

140 4819 269 4892 signatas
287 4818 358 4886 sole,
378 4821 410 4874 ut
423 4817 614 4891 Hieronymus
632 4818 682 4885 ait,
703 4819 884 4889 clarioribus;
900 4835 962 4904 non
1010 4857 1128 4916 Pontius
1149 4871 1206 4929 quo
1228 4859 1361 4927 mmm„
1381 4853 1443 4927 jam
1471 4867 1573 4908 recen,
1603 4853 1666 4907 arat
1691 4844 1826 4922 cypriani

139 4913 227 4971 rideo
256 4912 327 4986 quid
353 4915 495 5017 preterea
517 4911 590 4969 velle
614 4919 729 5019 posseut
749 4914 783 5018 ed
808 4931 870 4972 rem
893 4915 963 4972 facti
1010 4951 1170 5022 memori„
1193 4966 1251 5022 quo
1269 4947 1352 5006 mum
1372 4948 1466 5004 adhue
1487 4949 1670 5019 mmmm
1691 4941 1828 5016 cypriani

141 5004 409 5078 mmmmm&
433 5022 458 5062 ⁸¹
485 5011 571 5064 ”¹⁰⁶⁰
592 5023 674 5079 ωηο
693 5007 822 5079 'mm
844 5009 961 5078 '‘mm‘'
1011 5047 1108 5104 hostes
1135 5044 1185 5119 qui
1208 5042 1318 5100 nomini
1345 5041 1408 5114 ejus
1434 5043 1532 5097 emant
1556 5039 1667 5107 infesti,
1694 5037 1827 5111 gentiles,

1011 5140 1094 5213 lapsi,
1123 5137 1230 5207 emuli,
1257 5135 1313 5210 ipsi
1341 5136 1426 5192 stiam
1451 5133 1591 5191 heretici.
1617 5135 1711 5200 llosne
1738 5131 1829 5204 igitur

180 5237 259 5312 μθ.
272 5265 307 5280 ·-
325 5237 403 5296 Adeo
425 5237 581 5295 familiares
601 5239 743 5313 Cypriane
762 5245 846 5297 erant
866 5241 964 5314 hujrrs-
1011 5233 1204 5298 indormiisse,
1219 5230 1345 5303 factique
1365 5228 1526 5298 historiam,
1542 5227 1565 5283 si
1581 5228 1652 5284 false
1669 5228 1752 5296 emet,
1770 5230 1828 5282 tem

30 5325 32 5390 ζ
143 5332 226 5390 modi
253 5332 384 5402 visiones,
406 5335 438 5389 nt
466 5332 623 5406 disciplima
650 5334 738 5391 etiam
768 5334 963 5392 ecclesiastice
1013 5329 1137 5385 refutatu
1154 5325 1279 5395 facilem,
1294 5323 1547 5398 pretermissuros,
1564 5323 1668 5394 potam
1681 5337 1742 5377 esse
1755 5319 1829 5376 veri·

143 5425 281 5487 exercitio
301 5427 366 5484 illas
384 5428 534 5502 acceperit,
556 5427 681 5501 aliasque
705 5427 839 5502 deinceps
859 5445 962 5502 expec-
1013 5421 1128 5480 similet
1142 5421 1181 5476 De
1197 5419 1303 5477 somnii
1322 5419 1421 5492 itaque
1439 5417 1518 5474 fidet
1536 5415 1623 5488 Atqui
1636 5415 1717 5472 illam
1735 5413 1829 5471 meni-

142 5524 229 5579 taret.
258 5521 302 5578 lta
331 5521 379 5578 ille
407 5521 443 5579 de
470 5522 612 5578 florentio
643 5521 783 5593 Pupieno,
811 5521 872 5579 fore
901 5543 916 5574 a
940 5521 965 5579 si
1013 5515 1183 5576 festissimus
1196 5514 1333 5587 omnique
1348 5511 1517 5585 exceptione
1526 5509 1622 5584 major
1636 5506 1831 5581 comprobarit

144 5613 317 5688 plenissime
344 5615 525 5673 satisfecisset
551 5618 584 5672 ut
612 5616 880 5673 communicationis
905 5617 966 5689 eJus
1015 5614 1142 5668 eventus.
1156 5607 1327 5681 Quanquam
1346 5621 1416 5679 ergo
1438 5605 1597 5662 defuissent
1616 5603 1667 5660 illa
1680 5617 1746 5675 qnae
1758 5599 1829 5657 ridi-

143 5713 266 5781 possent
286 5707 394 5765 hahere
414 5709 557 5768 rationem
579 5715 716 5768 manente
737 5715 845 5780 tamen,
860 5710 965 5784 iuquit,
1015 5721 1080 5764 mas
1099 5703 1136 5760 de
1155 5703 1296 5760 visionum
1318 5719 1372 5758 usu
1388 5699 1445 5758 alia
1460 5703 1518 5757 tam
1536 5699 1644 5756 diserta
1656 5692 1829 5763 testimonie,

147 5801 248 5876 (epist.
266 5801 323 5874 oe),
339 5803 413 5877 apud
438 5819 492 5861 nos
510 5803 612 5862 divine
633 5821 762 5864 oennrrce
785 5808 916 5880 respectu
938 5810 968 5863 et
1017 5799 1086 5875 ipseo
1098 5803 1196 5858 tamen
1213 5798 1266 5856 sibi
1279 5793 1554 5872 comprehendisset
1572 5793 1640 5849 solae
1658 5785 1831 5849 suffecissent
