3986 6208
224 185 281 290 'aas
434 243 437 250 ¹
683 230 712 288 s.
731 233 888 292 ιιιιιιιιιι
907 233 1045 292 ornaun
1064 231 1150 289 raas
1167 229 1200 288 ιι.
1215 257 1251 274 -
1268 213 1452 290 oroscoct.
1667 187 1674 192 q
1832 245 1875 300 roo
1955 223 1956 244 ³

230 363 259 413 et
272 357 384 430 prodita
398 356 533 430 beilega,
547 357 681 413 hausisse
697 374 705 414 ι
719 373 772 414 nec
786 358 925 415 tantiesse
939 357 1041 413 lucrari
1054 369 1081 443 Α
1094 357 1158 412 Car.
1183 355 1240 410 llll.
1260 385 1293 398 »-
1314 357 1380 424 Qua
1400 371 1460 426 spes
1481 361 1507 412 et
1527 371 1624 414 merces
1645 367 1749 416 omnent
1765 363 1845 430 iustos
1858 374 1878 422 et

229 451 325 506 brevia
341 449 513 524 672vitoe
526 455 733 520 momenta,nt
750 452 859 508 offenso
875 453 1041 508 Deoincur-
1129 441 1263 528 matidies
1287 442 1348 506 ιιοιι
1378 438 1590 504 ΰθηιῑῑΰιαΐίθηθι
1613 439 1691 509 bajus
1724 445 1837 514 “mettis
1859 451 1880 501 tt

229 549 305 598 reret
329 545 436 598 aeterna
463 544 614 616 supplicia.
641 549 675 602 At
703 545 749 601 ille
777 546 954 602 excruciatus
983 545 1041 614 din,
1127 530 1279 586 pamm

228 639 257 692 et
270 635 299 691 in
313 640 441 692 extremo
453 638 515 708 J'am
530 639 710 710 constitutus,
722 656 787 696 crrrn
798 639 874 696 inter
885 639 1002 696 verbera
1015 645 1043 695 ot
1130 639 1182 692 Per
1207 637 1391 693 Salomonem
1428 637 1550 710 Spiritus
1584 643 1695 694 sanctus
1727 643 1838 698 ostendit
1859 651 1882 702 et

227 734 371 785 tormenta
392 723 564 801 moreretur,
586 731 779 805 ingemiscens
798 734 859 790 ait:
882 754 897 782 ιι
914 734 1043 802 Domine,
1094 731 1259 803 precinite
1272 731 1392 786 dicens:
1412 752 1425 780 ιι
1440 733 1473 788 m
1493 731 1517 786 si
1539 747 1637 788 coram
1657 733 1810 791 hominibus
1831 744 1880 792 tor-

227 823 277 894 qui
310 827 439 880 sanctam
474 825 563 882 hahes
590 826 750 896 scientiam,
784 827 970 884 manifestum
1002 833 1045 884 cst
1095 829 1193 880 menta
1205 825 1280 896 passi
1303 828 1379 894 sunt,
1399 841 1581 896 spes-eorum
1596 826 1799 884 immortalitate
1811 831 1883 901 plena

228 917 304 989 quia,
330 933 395 974 cum
419 934 534 990 possem
558 937 574 974 a
603 923 697 976 morte
722 920 847 987 liberari,
876 921 1044 978 durissimos
1094 921 1145 976 est.
1161 919 1194 975 Et
1215 918 1245 974 io
1266 919 1363 991 paucis
1384 919 1487 988 vexati,
1502 919 1531 974 in
1548 920 1645 975 multis
1657 919 1730 976 bena
1750 923 1881 994 disponen-

229 1010 340 1066 dolores
362 1012 487 1084 corporis
510 1014 598 1070 tolero
624 1014 748 1087 llagellis
769 1014 920 1088 vapulans3
947 1016 1043 1072 animo
1093 1017 1149 1077 tur,
1172 1012 1307 1085 quoniam
1331 1013 1406 1068 Deus
1430 1013 1549 1068 tentavit
1568 1014 1642 1084 illos,
1669 1018 1697 1070 et
1717 1014 1817 1071 incenit
1831 1017 1882 1073 illos

228 1109 325 1161 antem
349 1111 465 1178 propter
493 1108 536 1161 tui
562 1106 652 1179 ipsius
684 1112 796 1163 metum
828 1109 950 1165 libenter
982 1110 1044 1166 haec
1093 1106 1251 1178 dignasse.
1275 1107 1437 1178 Tamquam
1461 1123 1563 1162 aurum
1585 1107 1885 1180 infornace,probarit

230 1199 348 1272 patior»
368 1201 401 1272 (ll
415 1202 517 1269 Macte„
534 1217 571 1270 vr,
586 1202 692 1274 22-30).
712 1203 825 1258 Sincera
844 1219 960 1274 prorsus
972 1203 1044 1258 ssdes
1093 1200 1167 1267 illos,
1183 1202 1212 1256 et
1233 1199 1313 1271 quasi
1328 1200 1491 1256 holocausta
1501 1201 1525 1236 ²⁸
1541 1200 1642 1256 hostia
1665 1202 1772 1273 accepit
1785 1203 1848 1270 illos,
1861 1209 1885 1260 et

231 1294 260 1346 et
282 1293 360 1348 viros
383 1294 496 1365 integra
511 1310 543 1348 ac
563 1295 630 1350 sotis
654 1311 737 1367 pura,
758 1312 814 1350 non
830 1311 928 1368 regern
943 1297 1041 1354 tutio·
1094 1293 1267 1366 intempore
1290 1293 1343 1349 erit
1357 1295 1503 1366 respectus
1525 1294 1650 1352 illorum.
1666 1295 1817 1367 Fulgebnnt
1830 1299 1885 1368 (ιι),

230 1385 316 1442 chum
341 1387 491 1460 cogitasse,
517 1388 566 1444 sed
588 1390 677 1444 Deum
698 1390 879 1460 judicem⁶⁶;
908 1396 936 1446 et
960 1391 1043 1447 scisse
1093 1391 1121 1444 et
1143 1391 1291 1460 tamquam
1319 1388 1447 1443 scintillae
1473 1388 1504 1443 ιιι
1535 1389 1708 1444 arundineto
1734 1389 1885 1446 discurrent.

229 1479 365 1552 prolicere
386 1481 440 1536 sibi
462 1480 638 1538 adsalutem
662 1499 720 1538 non
734 1499 825 1555 posse,
852 1485 876 1541 si
896 1485 1043 1541 hominem
1092 1481 1261 1538 iudicabunt
1288 1480 1420 1536 nationes
1441 1487 1470 1538 et
1491 1482 1714 1538 dominabuntur
1735 1485 1843 1554 populis,
1863 1487 1888 1538 et

228 1573 372 1630 derideret
392 1591 425 1630 ac
445 1574 567 1642 saltaret,
592 1578 706 1649 qnando
728 1579 811 1646 Deus,
833 1577 882 1652 qni
898 1579 1042 1634 conscien-
1093 1575 1227 1646 regnabit
1247 1576 1384 1631 Dominus
1405 1591 1506 1631 corum
1531 1575 1562 1630 in
1587 1580 1756 1648 perpetuom
1777 1599 1790 1628 ιι
1809 1579 1884 1648 (Sap,

227 1665 275 1722 tiae
297 1673 404 1722 nostra
420 1667 511 1742 judex
532 1673 575 1724 est
600 1675 628 1726 et
655 1672 729 1728 solus
750 1672 894 1728 timendus
917 1675 969 1741 ast,
991 1689 1043 1728 neo
1093 1686 1133 1738 ιιι,
1155 1671 1193 1734 ι).
1212 1670 1283 1724 Item
1305 1669 1380 1741 apud
1394 1667 1532 1724 eumdem
1548 1669 1675 1725 vindicta
1688 1672 1782 1726 nostra
1794 1669 1884 1725 descri-

229 1758 355 1816 derideri
374 1763 464 1833 possit
487 1764 604 1819 omnino
627 1781 678 1820 nec
700 1765 770 1822 salli.
793 1765 822 1821 Si
845 1766 933 1838 igitur
953 1736 1181 1832 etnostitur,
1207 1767 1236 1818 et
1260 1763 1496 1836 persequentium
1522 1780 1574 1818 uos
1600 1768 1687 1836 atque
1713 1763 1887 1818 infestantium

229 1853 314 1910 dicati
334 1871 367 1910 ac
389 1855 483 1913 devoti
507 1859 706 1930 haurivimus,
728 1861 750 1914 si
766 1861 887 1932 supratl
898 1861 1041 1932 justornm
1092 1856 1260 1928 poenitencia
1283 1856 1456 1929 predicatur
1477 1873 1483 1912 :
1507 1878 1522 1908 ιι
1544 1858 1622 1914 Tunc
1648 1856 1771 1926 stabunt,
1797 1857 1887 1928 inquit,

228 1949 343 2021 antiqua
367 1955 395 2005 et
415 1956 513 2007 sancta
535 1953 655 2024 vestigia
682 1953 738 2009 iter
760 1953 891 2024 facimus,
918 1970 970 2026 per
993 1971 1040 2010 aa·
1088 1949 1159 2021 justi
1182 1951 1211 2005 in
1234 1965 1339 2023 magna
1354 1950 1514 2006 constantia
1529 1950 1665 2006 adsersus
1689 1950 1887 2022 eosquiseao·

229 2040 294 2097 dem
310 2042 483 2100 documenta
506 2062 666 2118 poenarum,
690 2063 741 2119 per
757 2047 859 2104 eadem
875 2049 1041 2120 passionum
1092 2043 1296 2115 gustiavemnt,
1316 2049 1344 2102 et
1365 2044 1413 2117 qui
1438 2042 1617 2100 abstulerunt
1639 2043 1752 2099 labores
1775 2059 1887 2100 eorum:

228 2137 366 2208 martyria
387 2153 543 2211 pergamus
567 2141 635 2211 (t5);
657 2140 710 2198 hoc
730 2141 896 2212 ampliorem
920 2141 1041 2214 gloriam
1091 2136 1222 2193 ridentes
1250 2136 1445 2193 turbabuntur
1467 2137 1572 2194 timore
1597 2137 1739 2207 horribili,
1762 2143 1789 2193 et
1813 2138 1886 2198 mira·

227 2229 424 2296 computantes
457 2230 593 2301 temporis
627 2230 727 2300 nostri,
756 2230 843 2303 quod,
870 2247 936 2286 cnm
963 2233 1040 2286 rete·
1090 2231 1199 2287 buntur
1225 2230 1255 2286 ιιι
1286 2229 1457 2286 subitatione
1481 2231 1634 2302 insperatae
1660 2231 1758 2286 salutis
1779 2230 1889 2286 dicentes

228 2331 260 2371 ra
272 2315 297 2352 ⁸⁸
310 2318 442 2391 exempta
459 2325 657 2391 numerentur,
672 2320 844 2378 exuberante
859 2321 1040 2392 postmodnm
1091 2325 1167 2380 inter
1192 2341 1232 2391 se,
1261 2325 1459 2396 paonitentiam
1491 2324 1669 2380 habentesll
1702 2325 1766 2396 (ιι),
1793 2328 1820 2378 et
1840 2339 1890 2395 pra

227 2408 311 2480 copia
343 2411 456 2467 virtutis
486 2429 519 2469 ac
552 2411 631 2482 fidei,
665 2415 809 2470 numerari
836 2431 895 2470 ιιοιι
922 2417 1042 2485 possunt
1091 2418 1265 2490 angustia⁷⁸
1287 2418 1402 2490 spiritus
1420 2423 1569 2490 gementes
1592 2440 1597 2471 :
1621 2417 1655 2473 Ηι
1678 2422 1745 2473 sunt
1764 2417 1888 2490 quosali·

227 2509 369 2576 martyres
399 2507 571 2574 Christiani;
600 2510 720 2564 testante
747 2508 916 2581 Apocalypsi
942 2514 971 2564 et
997 2508 1040 2563 di·
1090 2507 1205 2581 qnando
1218 2508 1372 2563 habuimus
1384 2508 1415 2562 in
1431 2507 1555 2562 derisum
1570 2511 1599 2564 et
1612 2509 1640 2564 in
1655 2508 1859 2564 similitudinem
1870 2509 1888 2542 Π

226 2603 307 2652 cente
324 2615 331 2652 ε
350 2619 363 2648 ιι
383 2601 446 2660 Post
461 2601 523 2656 haeo
537 2601 595 2658 vidi
609 2601 723 2658 turbam
747 2603 931 2675 magnamtl,
953 2617 1041 2674 quarn
1091 2601 1268 2674 improperii,
1296 2602 1352 2658 Nos
1373 2601 1509 2658 insensati
1532 2601 1619 2657 vitam
1645 2603 1758 2658 illorum
1779 2603 1888 2657 aestima-

227 2691 410 2749 dinumerare
438 2711 524 2751 nemo
552 2699 672 2768 poterat,
703 2714 739 2752 ex
778 2697 858 2752 omni
890 2701 987 2769 gente,
1013 2702 1042 2752 et
1091 2695 1193 2751 bamus
1216 2695 1357 2752 insaniam
1384 2699 1413 2752 et
1434 2694 1522 2750 tinem
1549 2695 1667 2752 illorum
1694 2697 1753 2752 sine
1782 2697 1887 2752 honore.

227 2800 263 2840 cx
285 2788 364 2841 omni
393 2789 468 2844 trihn
498 2793 526 2844 et
555 2792 660 2862 populo
682 2789 719 2862 {et
744 2791 851 2864 lingua,
883 2795 989 2848 stantes
1012 2794 1041 2848 ιιι
1090 2790 1237 2854 Quomodo
1253 2805 1322 2860 ergo
1339 2789 1495 2861 computati
1506 2790 1530 2825 ⁷⁰
1543 2791 1611 2846 sunt
1624 2790 1703 2845 inter
1719 2789 1790 2846 tilios
1806 2788 1855 2856 oet,
1868 2791 1891 2844 el
1955 2843 1956 2848 ,

228 2885 380 2951 conspectu
405 2883 501 2938 throni
525 2889 553 2940 et
577 2884 649 2957 agni
667 2901 673 2939 :
689 2891 717 2939 et
737 2889 818 2939 erant
841 2886 938 2942 amicti
958 2887 1041 2942 stolas
1090 2884 1166 2940 inter
1187 2887 1299 2939 sanctos
1321 2899 1382 2938 sors
1403 2883 1519 2938 illorum
1541 2883 1601 2940 esti
1625 2885 1702 2957 Ergo
1722 2883 1889 2939 errarimnsa

226 2972 352 3043 albas⁷⁰,
377 2983 405 3031 et
424 2976 528 3048 palmae
550 2978 710 3034 lnenmtin
732 2979 865 3034 manibus
888 2975 1042 3047 eornm,et
1090 2977 1134 3032 sia
1158 2977 1296 3044 veritatis,
1319 2984 1347 3032 et
1365 2977 1486 3048 justitiae
1506 2977 1677 3032 tamennon
1693 2975 1888 3044 luritnobis⁷⁹,
1955 3013 1956 3016 ι

225 3082 331 3140 magno
350 3069 472 3126 clamore
492 3071 623 3129 dicebant
642 3091 648 3127 :
669 3073 749 3130 Salus
770 3074 861 3128 ltco⁷¹
885 3079 980 3129 nostro
999 3091 1041 3130 se·
1092 3076 1121 3127 et
1146 3072 1187 3128 sol
1224 3087 1282 3126 noo
1309 3077 1351 3126 est
1384 3077 1463 3125 ortus
1497 3070 1589 3126 nobis.
1618 3071 1726 3126 Lassati
1752 3087 1843 3125 snmus
1865 3070 1889 3123 ιιι

225 3160 303 3216 denti
318 3179 404 3234 snper
417 3165 567 3237 thronum,
583 3169 612 3222 et
635 3168 727 3238 Agna.
752 3168 786 3222 Et
806 3167 954 3239 respondit
965 3185 1040 3224 unus
1091 3165 1249 3238 iniqnitatis
1264 3164 1309 3218 via
1324 3169 1353 3219 et
1374 3163 1551 3235 perditionis,
1566 3166 1594 3220 et
1614 3164 1821 3220 ambulavimus
1833 3163 1888 3218 soli·
1955 3185 1956 3200 ι

225 3270 259 3310 ex
283 3255 444 3313 senioribus
466 3258 561 3315 dicens
586 3258 793 3334 mihizss73
818 3262 853 3316 lli
874 3261 920 3334 qui
942 3261 1039 3317 amicti
1089 3259 1201 3314 todines
1216 3258 1355 3327 difficiles,
1370 3257 1447 3313 viam
1459 3263 1557 3313 autam
1569 3258 1684 3314 Domini
1698 3257 1888 3330 ignoravimus.
1955 3279 1956 3284 1

225 3353 290 3406 sunt
305 3351 389 3407 stolas
410 3351 497 3421 albas,
520 3353 658 3425 quisunt,
683 3361 711 3410 et
734 3356 810 3410 unde
831 3355 1040 3412 venerunttEt
1088 3351 1161 3418 Quid
1176 3352 1259 3406 nobis
1280 3352 1389 3423 proluit
1407 3351 1563 3422 snperbia?
1578 3353 1629 3406 ant
1644 3353 1715 3424 quid
1743 3350 1889 3406 divitiarum

225 3441 283 3499 dixi
298 3443 342 3499 ei:
359 3446 478 3502 Domine
501 3447 552 3516 mi,
567 3449 597 3502 tu
620 3448 684 3504 sois.
707 3449 739 3504 Et
762 3448 803 3503 ait
817 3449 887 3504 milri
905 3466 911 3504 :
926 3449 1041 3505 llisunt
1085 3445 1235 3515 jactatio⁸⁰
1257 3445 1378 3501 contulit
1406 3444 1509 3500 nohis?
1536 3445 1714 3501 transierunt
1738 3443 1828 3500 omnia
1851 3443 1890 3496 illa
1955 3515 1956 3530 ἵ

173 3537 179 3548 “
224 3536 273 3609 qui
296 3542 436 3598 venerunt
459 3555 494 3596 ex
517 3557 625 3614 magna
648 3541 845 3609 tribulatione,
867 3542 1039 3598 etiavernnt
1087 3543 1224 3610 unquam
1250 3538 1350 3594 umbra
1375 3541 1464 3611 (Sap,
1498 3555 1538 3606 ιιι,
1566 3539 1603 3610 ι),
1637 3541 1711 3596 ltem
1734 3539 1764 3594 in
1794 3537 1889 3592 Psalmo

223 3632 311 3688 stolas
335 3649 410 3702 snas,
426 3639 453 3690 et
475 3635 610 3692 candidas
631 3651 678 3690 eas
698 3636 827 3692 lecerunt
846 3637 874 3692 ιιι
897 3637 1038 3709 sanguina
1089 3648 1139 3690 cxv
1156 3633 1190 3702 (o.
1205 3633 1232 3704 3)
1252 3633 1376 3704 pretium
1393 3636 1422 3689 et
1443 3649 1552 3688 marces
1568 3633 1708 3706 passionis
1723 3631 1888 3688 ostenditur:

223 3726 296 3796 hgoi
313 3749 318 3780 :
333 3730 451 3799 propter
474 3728 529 3784 hoc
551 3735 617 3784 sunt
639 3729 669 3784 in
692 3737 842 3802 conspectu
856 3730 951 3786 throni
976 3731 1037 3800 Dei,
1089 3727 1245 3784 «Pretiosa
1266 3730 1317 3797 est,
1342 3725 1446 3798 inquit,
1470 3727 1499 3781 ιιι
1516 3733 1671 3800 conspecto
1696 3727 1805 3782 Domini
1824 3739 1888 3778 mors
1955 3707 1956 3746 ³

223 3823 250 3874 et
264 3820 481 3878 serviunteidie
494 3829 620 3878 acnoots
632 3824 661 3878 io
672 3824 886 3898 temploejusu
900 3847 914 3875 a
930 3825 1037 3896 (Aper,
1087 3825 1250 3878 maclarum
1272 3819 1334 3891 eJus
1344 3821 1378 3875 ⁸¹.
1394 3841 1408 3871 a
1433 3823 1507 3876 ltam
1520 3820 1551 3876 in
1577 3821 1690 3876 Psalmo
1714 3837 1781 3877 cxxv
1800 3819 1833 3890 (v.
1856 3820 1888 3885 8),
1955 3823 1956 3842 ¹

223 3927 272 3982 ιιι,
300 3915 338 3985 9).
361 3914 444 3980 Quod
474 3916 497 3972 si
526 3917 623 3973 tantus
646 3917 807 3975 ostenditur
845 3922 875 3974 et
901 3918 1039 3990 probator
1087 3915 1202 3970 tristitia
1212 3913 1430 3970 conflictationis
1442 3919 1470 3970 et
1484 3913 1584 3970 laetitia
1597 3915 1797 3970 retributionis
1808 3912 1887 3984 expri-

223 4005 452 4065 Christianorum
478 4015 636 4085 martyrum
658 4012 791 4085 populus,
816 4029 902 4068 nemo
923 4012 1038 4069 difficile
1087 4008 1188 4065 mitur:
1200 4030 1214 4060 ιι
1226 4009 1278 4075 Qui
1290 4008 1444 4079 seminant,
1455 4007 1749 4082 inquit,inlaorymis‚
1762 4007 1790 4064 iu
1797 4005 1888 4079 gaudio

222 4101 265 4156 rel
287 4101 410 4158 arduom
425 4107 508 4175 putat
526 4121 587 4161 esse
601 4110 757 4178 martyrem
770 4104 842 4173 fieri,
856 4107 972 4178 quando
997 4107 1036 4162 vi·
1088 4105 1186 4180 674
1201 4105 1322 4164 metant.
1337 4105 1523 4164 ambulantes
1538 4105 1727 4162 ambulabant
1741 4112 1768 4162 et
1785 4105 1888 4168 flebant,

130 4264 133 4270 1
223 4193 289 4250 dest
314 4201 472 4270 martyrum
504 4200 642 4272 populum
669 4215 727 4255 non
758 4215 846 4272 posse
879 4199 1035 4256 numerari.
1088 4201 1233 4256 mittentes
1247 4201 1359 4256 semina
1373 4200 1611 4256 sua2ranientes
1633 4203 1733 4256 autem
1747 4196 1889 4256 venientia

1001 4215 1058 4368 N]
1087 4295 1261 4350 exultatione
1275 4298 1422 4367 portantes
1434 4295 1457 4330 ⁸¹
1472 4294 1584 4366 gremia
1593 4311 1646 4350 sua
1657 4295 1681 4331 ⁸³
1693 4294 1760 4368 (48).
1772 4315 1785 4344 ι
1800 4293 1831 4347 Et
1846 4291 1889 4345 ile·
1955 4329 1956 4340 ι

923 4460 1026 4524 Variae
1046 4457 1217 4525 lectiones.

252 4603 274 4640 *ι
286 4605 377 4656 Deum
388 4604 512 4667 judicem
524 4605 658 4658 metuisse
677 4606 744 4656 Voss.
757 4608 779 4657 t.
829 4605 851 4642 ⁸⁷
866 4607 955 4671 Supra
973 4607 1034 4670 ipsa
1055 4609 1100 4658 Ar.
1120 4606 1184 4658 Bod.
1205 4607 1227 4658 t.
1243 4606 1268 4666 ι,
1287 4605 1312 4663 3.
1331 4607 1354 4658 4.
1404 4605 1426 4642 ⁶⁸
1440 4604 1502 4669 Quo
1517 4617 1582 4656 cum
1600 4606 1694 4654 vetera
1715 4603 1784 4653 tom
1800 4597 1855 4651 llud.
1868 4599 1887 4644 t.

222 4675 276 4726 Nc.
302 4676 326 4725 t.
390 4673 412 4710 ⁰⁸
423 4675 547 4728 Turbam
575 4675 694 4726 multam
720 4677 782 4726 hod.
812 4678 834 4740 t,
861 4678 886 4740 Ξ,
908 4679 933 4740 3,
958 4679 983 4728 4.
1017 4679 1073 4728 t'er.
1107 4675 1224 4729 ⁷⁰Stolis
1244 4675 1316 4728 albis
1338 4677 1407 4726 Voss.
1429 4678 1451 4727 t.
1478 4675 1554 4727 Stola
1581 4673 1645 4725 alba
1678 4673 1734 4723 Ver.
1796 4669 1815 4703 ⁷¹
1829 4669 1889 4720 Laus

223 4747 283 4798 Deo
308 4745 370 4798 aod.
396 4748 420 4799 4.
471 4746 636 4799 ’'Serviunt
658 4748 687 4798 in
714 4745 817 4810 templo
843 4748 914 4798 tum.
939 4745 1017 4797 libor.
1038 4747 1092 4797 NG.
1117 4748 1140 4797 l.
1165 4745 1230 4798 ιιοιι.
1253 4749 1277 4808 t,
1300 4747 1326 4806 ι,
1350 4746 1375 4809 3,
1398 4747 1421 4796 4.
1444 4746 1504 4796 lteri,
1526 4744 1583 4794 Ver.
1632 4741 1759 4794 ⁷³hdonet
1775 4739 1889 4792 srnm.
1955 4761 1956 4766 ι

223 4817 303 4869 Ebor.
325 4817 379 4868 Nc.
402 4817 534 4869 Praecinit
551 4817 617 4868 bod.
641 4819 664 4879 t,
691 4818 715 4867 4.
740 4817 818 4868 Onon.
854 4815 1088 4869 7ἰιοιιιιιιιιιιιιιιι
1107 4816 1230 4868 hostiam
1252 4818 1313 4870 Bod.
1335 4821 1359 4880 l,
1383 4817 1407 4868 4.
1427 4817 1517 4867 licaeo.
1543 4815 1598 4865 Ver.
1633 4813 1715 4864 ⁷⁵Sic.
1735 4815 1802 4863 tam.
1823 4807 1888 4884 Ebor-

230 4892 298 4940 Voss.
325 4891 347 4940 t.
371 4889 434 4940 ιιοιι.
461 4890 486 4952 Ξ,
511 4891 537 4942 4.
585 4889 675 4942 ⁷⁶Per
695 4891 853 4954 angustiam
874 4889 938 4940 Bod.
964 4893 986 4949 t,
1008 4889 1031 4938 ι.
1054 4889 1143 4938 Beneo.
1170 4889 1225 4938 Ver.
1252 4887 1287 4938 ad
1311 4887 1386 4949 Quia.
1409 4885 1452 4938 tib.
1474 4886 1499 4949 3,
1521 4899 1542 4935 c.
1567 4885 1606 4937 to.
1658 4883 1723 4934 “ln
1743 4883 1799 4933 risu
1820 4883 1843 4928 et
1862 4886 1886 4924 tn
1955 4905 1956 4914 ι

223 4959 408 5010 similitudine
430 4961 503 5010 tam.
522 4959 584 5010 Bo'd.
605 4960 628 5022 t,
650 4960 675 5020 Ξ,
695 4963 717 5009 4.
746 4960 800 5010 Ver.
848 4959 1027 5023 ⁷⁸Quomodo
1048 4959 1201 5024 computati
1225 4959 1273 5010 Διι.
1296 4960 1370 5020 Qasr.
1395 4959 1412 5007 l.
1440 4961 1463 5019 a,
1483 4971 1504 5006 c.
1523 4957 1560 5006 so.
1608 4955 1631 4990 ²⁹
1647 4957 1731 5008 Luxit
1750 4966 1827 5016 super
1847 4959 1889 5024 nos
1955 4971 1956 4986 ι

223 5028 278 5080 Nc.
298 5031 319 5079 t.
355 5029 698 5081 'tlactantiatanadtor⁸
731 5031 751 5066 θ’
763 5031 836 5083 Mors
847 5033 986 5096 justorum
1005 5032 1067 5082 Βοιι.
1087 5033 1109 5095 t,
1129 5033 1153 5082 3.
1176 5032 1264 5082 Beaeo.
1286 5029 1341 5078 l'er.
1374 5026 1395 5061 ⁸¹
1406 5026 1548 5078 Tollentes
1565 5027 1628 5077 ιιοιι.
1648 5026 1673 5086 ι,
1688 5025 1713 5086 3,
1730 5024 1753 5073 4.
1785 5019 1888 5070 ⁸³llant-

223 5099 305 5163 pulos
317 5113 382 5152 suos
397 5100 458 5152 ιιοιι,
473 5103 495 5152 l.
513 5101 570 5152 tin.

874 5220 985 5304 Steph.
1009 5220 1132 5285 Baluzii
1154 5225 1251 5285 notae.

254 5375 302 5439 (tbi
334 5378 385 5427 Per
411 5378 502 5429 eudem
531 5380 685 5443 passionum
717 5381 851 5445 martyrio
885 5373 1078 5446 perpennal)
1122 5381 1168 5446 (47)
1193 5381 1380 5432 Paenitentiam
1409 5376 1538 5428 tubantes.
1561 5376 1602 5426 lta
1629 5377 1734 5424 veteres
1758 5367 1888 5448 ειιιῑιοιιιξ,
1955 5401 1956 5430 2

225 5447 321 5499 Codex
337 5448 481 5512 Thuanus,
497 5465 512 5500 ιι
526 5451 561 5503 ad
575 5452 699 5516 martyrii
715 5453 832 5517 gloriam
851 5463 1007 5517 pergamus.
1024 5470 1039 5499 »
1091 5451 1301 5518 quatuordecim
1327 5449 1391 5502 libri
1418 5447 1517 5510 nostri,
1543 5451 1570 5499 ot
1595 5445 1720 5512 quinque
1745 5439 1886 5503 anglicam.
1955 5447 1956 5520 3

226 5519 539 5584 Gratianopolitanus,o
562 5521 597 5573 ad
617 5524 741 5587 martyrii
761 5523 918 5588 passionem
943 5537 1041 5589 perga·
1091 5525 1163 5577 Vide
1194 5525 1274 5574 notas
1303 5521 1339 5574 ud
1378 5525 1530 5573 extremam
1564 5521 1669 5584 partem
1708 5509 1825 5578 epistola
1859 5502 1887 5554 ιι
1955 5521 1956 5606 )

225 5605 298 5642 mne·
311 5611 326 5640 ι
1091 5596 1312 5648 Demetrtanum.

257 5664 305 5728 (46)
338 5663 494 5727 Fulpebunl.
523 5665 584 5718 Hoc
618 5669 791 5730 segmentum
824 5667 982 5718 addidimus
1007 5680 1043 5720 ex
1126 5667 1176 5730 (t8)
1204 5665 1308 5717 Gremio
1335 5677 1396 5715 suo.
1425 5661 1480 5714 Sex
1508 5661 1572 5712 libri
1608 5664 1728 5719 celeres,
1753 5645 1888 5714 manipulos

226 5739 345 5801 quatmr
373 5736 451 5788 tibris
487 5737 635 5790 veteribus.
665 5739 725 5789 Non
757 5741 848 5790 exstat
881 5743 976 5792 tamen
1014 5739 1044 5790 iu
1093 5751 1161 5793 suos.

228 5807 418 5877 Seguieriano.
432 5809 504 5863 Vide
518 5814 599 5864 notas
612 5809 646 5860 ad
659 5809 814 5876 Epistulam
824 5811 864 5862 8¹.
