4012 6192
252 307 304 380 tas
536 285 1318 376 incursas.curnuurosuuussrruuo.11.
1340 301 1633 370 *suraosuuru
1852 309 1896 374 at

253 444 427 520 subjiciatur,
460 441 509 518 qul
544 444 693 518 nogotium
730 440 892 498 tractaverit
926 439 1062 496 alienum.
1073 435 1216 522 Alittaris
1236 434 1390 505 auditoria,
1407 437 1456 492 aut
1476 435 1669 509 negotiatores
1686 435 1895 494 commerciisiu·

251 540 366 612 Oportet
379 555 445 594 eum
459 538 564 595 damno
584 535 737 610 perstringi
750 535 794 590 vel
816 533 964 606 dispendio
979 532 1065 588 sarci·
1116 531 1226 586 stanter
1251 530 1431 600 incumbunt,
1456 533 1505 586 aut
1526 529 1648 586 artifices
1669 529 1698 586 in
1722 530 1832 586 artificia
1849 529 1898 604 ipio

250 634 361 698 natum,
378 631 455 704 apud
468 647 555 706 quem
569 629 621 684 sub
636 629 729 684 intuta
749 627 881 684 custodia
893 627 990 684 tratris
1006 642 1064 681 sar·
1117 623 1249 696 propensi
1262 627 1329 680 suut
1344 641 1351 679 :
1366 630 1471 696 quanto
1486 625 1577 694 magis
1592 623 1641 678 ubi
1658 639 1713 678 nou
1727 625 1830 680 carnale
1840 642 1898 696 opus
1970 651 1971 654 ¹

253 725 324 784 cium
337 725 499 799 perierunt;
516 724 581 797 qnia
595 721 734 796 quidquid
751 721 780 777 in
801 721 885 776 domo
905 725 1002 776 nostra
1014 719 1066 776 sub
1116 717 1275 785 hominum,
1295 717 1344 773 scd
1364 717 1491 792 spiritale
1511 715 1620 789 geritur
1640 717 1898 788 augelorumlliibil

251 818 347 874 minus
371 818 475 874 idonce
492 818 580 874 tutata
594 815 740 889 perditum
760 813 854 882 luerit,
874 816 924 868 aut
940 813 1066 868 latrones
1115 811 1173 866 illic
1187 811 1422 884 impugnationes
1434 814 1567 884 possunt,
1582 810 1631 866 ubi
1649 814 1679 866 ot
1703 811 1753 882 ipsi
1774 811 1899 866 demones
1970 813 1971 844 ³

255 912 432 984 effregerint,
447 917 576 967 nostrum
591 915 642 979 est,
666 912 696 965 et
710 924 727 964 a
741 907 827 964 'nobis
841 906 971 978 exigetur
984 905 1065 978 quid·
1115 905 1220 960 cedunt
1226 924 1235 975 ;
1251 909 1280 960 et
1293 907 1369 960 nulla
1382 920 1466 960 sexus
1478 905 1598 977 alicujus
1611 905 1781 977 permittitur
1792 907 1900 960 couside-
1970 951 1971 954 ,

253 1006 322 1080 quid
336 1023 387 1078 per
398 1005 530 1062 inertiam
542 1010 671 1060 nostram
685 1003 761 1059 male
774 1000 961 1057 commissum
977 1005 1067 1054 custo·
1116 997 1329 1066 raridistcntia,
1345 997 1393 1053 ubi
1415 1002 1560 1068 necatus,
1578 1015 1631 1054 uec
1650 997 1900 1069 dignitas,scdsols
1970 991 1971 994 ’

255 1099 341 1156 ditur.
361 1101 438 1157 Tunc
453 1115 521 1155 vero
535 1097 705 1154 abinvicem
724 1094 807 1151 libori
826 1111 935 1166 sumus,
954 1094 977 1150 si
995 1094 1066 1150 nihil
1115 1091 1260 1164 [equalitas
1278 1095 1401 1163 regnat:
1423 1097 1508 1164 atque
1530 1097 1561 1148 ut
1578 1091 1690 1163 plenius
1706 1092 1805 1159 dicam,
1819 1109 1900 1148 omnes

254 1193 333 1266 apud
345 1209 399 1249 nos
412 1193 447 1248 de
459 1209 490 1248 re
505 1192 623 1247 alterius
635 1193 804 1246 reservetur.
1115 1185 1174 1242 illic
1192 1187 1263 1242 tales
1277 1201 1376 1240 sensus
1389 1185 1555 1258 accipiunt3
1573 1189 1605 1240 ut
1625 1189 1653 1240 at
1668 1186 1730 1257 ipsa
1741 1186 1901 1257 conjugalitas
1970 1233 1971 1240 ,

289 1286 418 1342 Forsitan
432 1285 534 1358 aliquis
548 1285 624 1340 dicat
640 1301 647 1339 ι
662 1285 736 1355 Ergo
750 1299 803 1338 nec
821 1283 857 1338 ad
868 1282 986 1339 domum
1000 1299 1065 1338 ora·
1115 1277 1276 1350 ignoretur,
1298 1279 1347 1334 ubi
1361 1279 1491 1335 Christus
1509 1278 1645 1351 loquitur,
1660 1280 1783 1344 auditur,
1798 1278 1899 1335 attendi·
1970 1271 1971 1346 f

242 1379 338 1435 'tionis
359 1378 495 1435 debemus
517 1377 627 1448 pariter
648 1375 868 1443 conventrano
890 1374 992 1448 aliquis
1012 1375 1065 1430 ali·
1115 1375 1173 1439 tur,
1188 1377 1214 1426 et
1229 1387 1282 1443 por
1302 1373 1399 1427 omnia
1415 1376 1444 1426 et
1465 1372 1493 1427 in
1517 1373 1651 1428 omnibus
1666 1373 1741 1428 solus
1759 1376 1800 1427 est
1816 1377 1901 1436 tutum,
1970 1371 1971 1390 ¹

252 1488 339 1546 quem
364 1471 543 1528 scandalizet.
568 1471 715 1526 literaticra
738 1468 920 1541 professionis
948 1473 991 1524 est
1013 1469 1067 1523 ista
1115 1470 1238 1521 testante
1255 1467 1388 1537 apostolo
1414 1471 1443 1522 et
1464 1465 1598 1522 dicente:
1622 1487 1637 1517 a
1658 1465 1710 1521 Ubi
1730 1482 1783 1520 nou
1804 1470 1850 1532 ast,
1866 1465 1901 1520 in·

253 1565 440 1621 contradictio
455 1564 641 1632 calumniosa,
657 1579 722 1635 quae
745 1561 878 1618 debonis
897 1561 1064 1634 praescribit,
1116 1557 1188 1630 quit,
1203 1557 1314 1613 iudaeus
1328 1564 1357 1613 et
1371 1559 1492 1627 Graccus,
1507 1559 1686 1614 circumcisio
1702 1561 1730 1614 et
1744 1557 1902 1630 preputium,
1970 1551 1971 1558 '

251 1664 285 1713 ut
307 1660 417 1714 asserat
438 1657 532 1724 mala;
554 1663 583 1712 at
607 1657 642 1712 de
662 1656 813 1712 sanctitate
834 1655 1013 1728 prejudicat,
1035 1658 1067 1710 ut
1115 1649 1255 1707 usmarus
1272 1658 1300 1707 et
1321 1652 1435 1724 Scytha,
1449 1653 1593 1708 masculus
1612 1657 1641 1707 st
1660 1652 1774 1720 femina,
1788 1657 1904 1708 serruset
1970 1659 1971 1690 ³

252 1750 469 1806 immunditiam
489 1749 632 1807 subtiliter
654 1750 817 1806 introducat
825 1766 833 1820 ;
857 1748 893 1804 dc
915 1747 994 1804 licito
1019 1765 1064 1803 ca-
1114 1743 1197 1813 liber,
1220 1745 1268 1800 sed
1289 1747 1386 1802 omnia
1408 1751 1436 1801 et
1457 1745 1486 1801 in
1509 1744 1642 1800 omnibus
1662 1745 1786 1802 Christus
1803 1746 1903 1810 (cotos,
1970 1789 1971 1794 ,

252 1843 378 1899 lumnias
391 1843 469 1911 lacit,
484 1847 516 1899 ut
530 1842 659 1899 obtinere
679 1843 810 1898 illicitum
832 1841 930 1914 possit.
947 1805 1155 1914 ProptsrBur,
1172 1839 1225 1908 li).
1246 1859 1260 1888 u
1280 1839 1360 1894 llunc
1381 1839 1465 1911 plane
1487 1844 1659 1894 conventum
1682 1839 1774 1910 gloria
1793 1841 1832 1894 est
1849 1839 1903 1892 cele

252 1936 327 2008 quod
340 1937 486 2009 apostolus
505 1937 605 1991 Paulus
629 1936 732 1991 haeresi
756 1936 823 1990 huic
848 1940 916 1992 onte
935 1934 1065 2006 prascri-
1115 1931 1200 1986 hrsre
1214 1947 1279 1987 cum
1292 1931 1416 2001 feminis,
1432 1931 1463 1987 in
1485 1948 1542 2004 quo
1564 1932 1641 1987 nulla
1660 1935 1704 1987 est
1718 1931 1906 2003 discretioque·

242 2029 304 2097 bit,
331 2028 429 2084 dicens
457 2049 465 2085 a
492 2052 505 2080 a
533 2031 734 2086 Verumtamen
763 2045 857 2101 neque
878 2028 981 2084 mulier
1005 2027 1066 2083 sina
1114 2023 1210 2092 litatis,
1230 2023 1277 2079 urbi
1292 2027 1406 2080 tantum
1420 2025 1487 2081 licet
1507 2041 1606 2080 omues
1627 2043 1743 2098 aequare
1758 2025 1905 2096 sinealiqra

251 2122 322 2190 uiro,
337 2138 430 2194 nequa
450 2120 494 2178 sir
507 2121 571 2178 sine
590 2122 714 2179 muliero
729 2121 759 2177 iu
776 2121 894 2178 ltomino
910 2123 928 2193 tl
943 2121 1014 2184 Cor„
1028 2137 1065 2189 ιι,
1115 2115 1278 2173 differentia
1295 2134 1302 2173 ι
1325 2123 1357 2174 ut
1376 2135 1429 2173 nec
1453 2137 1483 2174 ro
1504 2120 1565 2191 ipso
1588 2119 1761 2192 baptismate
1778 2119 1905 2191 cujusdam

250 2213 307 2286 u).
334 2237 348 2266 a
371 2213 461 2283 Absit,
488 2215 573 2283 obsit,
598 2219 632 2271 ut
656 2216 763 2288 ubique
793 2213 908 2271 femiuae
936 2213 1065 2286 praescri-
1115 2209 1403 2280 uuditsscrubescat,
1426 2211 1472 2267 ubi
1491 2211 1558 2269 ada
1579 2217 1609 2268 et
1627 2215 1694 2268 liras
1716 2217 1858 2270 renovatur
1874 2213 1905 2267 iu-

250 2307 366 2378 bentur,
382 2314 432 2363 arat
445 2307 550 2381 ubique
563 2309 712 2381 permissio
723 2307 874 2364 tribuatur.
886 2308 995 2364 liabent
1004 2308 1066 2362 loco
1115 2301 1207 2360 tantia
1220 2323 1227 2360 r
1242 2319 1295 2360 neo
1311 2305 1435 2377 exponit,
1450 2306 1499 2362 ssd
1512 2303 1606 2378 potius
1619 2308 1725 2380 accipit
1737 2308 1862 2363 turricam.

251 2416 302 2456 sua
320 2401 393 2456 circa
408 2401 556 2470 maritum,
571 2401 644 2458 circa
661 2401 745 2472 illios,
762 2402 838 2456 circa
857 2401 971 2469 iratres,
992 2401 1067 2456 circs
1151 2397 1230 2462 Quod
1243 2397 1264 2454 si
1278 2398 1378 2455 stillio
1391 2399 1414 2454 si
1432 2399 1535 2471 aliquis
1549 2400 1660 2456 diabolo
1673 2401 1764 2475 pejor,
1778 2400 1823 2474 qui
1836 2400 1904 2456 lemi-
1970 2387 1971 2448 j

251 2499 398 2568 parentes,
418 2493 493 2551 circa
515 2511 628 2565 servos3
645 2501 674 2550 et
691 2495 721 2550 in
743 2495 830 2551 domo
851 2492 986 2551 orationis
1006 2497 1066 2549 tan-
1117 2507 1222 2546 narum
1239 2489 1400 2564 aspectibus
1417 2493 1546 2563 feriatur,
1561 2493 1904 2566 denullotamencongra·
1970 2503 1971 2524 ¹

242 2587 403 2643 'tummodo
431 2588 517 2659 juxta
549 2591 664 2643 cunctos
697 2587 823 2644 clericos.
854 2589 884 2644 ln
920 2588 1066 2644 mansione
1116 2583 1192 2657 gatto
1212 2591 1304 2641 restra
1324 2586 1465 2659 culpatur,
1488 2603 1552 2659 quaa
1575 2591 1697 2660 propter
1718 2588 1906 2656 coelestianos
1970 2573 1971 2582 ¹

255 2683 352 2736 autem
367 2698 434 2748 uua,
450 2681 511 2736 sinc
533 2681 703 2752 cognatione
722 2685 921 2754 competenter
934 2698 992 2737 non
1013 2682 1065 2737 ha·
1115 2680 1234 2749 propter
1258 2683 1373 2734 terrena
1398 2678 1552 2750 colligitur.
1581 2682 1786 2737 Verumtamen
1810 2681 1830 2736 si
1856 2680 1906 2751 quis
1970 2697 1971 2700 ¹

254 2773 324 2828 bent
338 2773 438 2829 socios.
450 2776 514 2830 llaec
527 2774 666 2830 estlibera
678 2791 742 2847 quor
755 2777 822 2830 stat.
837 2773 917 2830 Stare
928 2791 994 2830 sero
1007 2791 1066 2830 non
1116 2770 1175 2827 illic
1194 2771 1347 2827 luxuriosis
1364 2772 1512 2828 obtutibus
1529 2773 1624 2841 luerit,
1644 2775 1726 2831 nullo
1749 2773 1831 2830 modo
1850 2774 1905 2828 alte·

255 2872 351 2938 potest
363 2866 503 2939 quidquid
524 2867 702 2923 inclinaverit
719 2867 818 2938 libera,
837 2866 950 2924 dicente
970 2868 1065 2939 scrip·
1115 2879 1181 2920 rum
1194 2864 1283 2935 laedit,
1298 2865 1346 2938 qui
1363 2881 1422 2921 non
1438 2865 1473 2921 ad
1486 2867 1647 2936 homiuem,
1662 2868 1715 2924 scd
1736 2869 1771 2923 ad
1784 2869 1906 2924 Christum
1970 2861 1971 2874 ¹

251 2960 316 3014 tura
331 2975 338 3015 ε
355 2980 369 3009 a
383 2959 446 3014 Non
464 2959 618 3015 declinabis
631 2959 662 3014 iu
677 2959 815 3027 dextram,
830 2961 968 3033 nequein
985 2960 1066 3016 sinis·
1115 2973 1168 3029 pro
1196 2959 1287 3015 salute
1312 2959 1455 3031 processit.
1482 2960 1646 3026 Quinetiam
1671 2961 1708 3016 de
1736 2961 1793 3016 suis
1812 2965 1905 3016 contra
1970 2959 1971 3018 i

251 3053 337 3110 tram.
352 3074 366 3104 a
383 3053 486 3125 (Dect,
500 3069 530 3120 u,
552 3053 608 3124 27).
629 3055 663 3108 Et
681 3053 819 3108 Dominus
838 3053 869 3108 in
889 3054 1063 3126 Evangelio:
1115 3050 1287 3107 dictionibus
1301 3053 1522 3109 contradictores
1539 3053 1701 3119 excludam,
1718 3057 1751 3110 ut
1769 3071 1823 3110 non
1842 3055 1905 3118 meis,
1970 3117 1971 3132 χ

251 3145 333 3211 Quod
345 3146 653 3218 ampliusest,amalo
668 3149 734 3202 ast»
750 3148 907 3216 (Mattt.,v,
918 3148 974 3219 37).
986 3145 1164 3242 Discecsed
1189 3145 1247 3200 suis
1272 3145 1514 3217 propositionibus
1542 3147 1657 3203 cedant.
1690 3147 1721 3205 Si
1752 3148 1826 3203 inter
1850 3147 1906 3202 latu
1970 3151 1971 3168 ¹

249 3255 327 3295 utrnc
340 3239 539 3310 temperantiae
553 3240 682 3308 modum,
697 3239 747 3312 qui
762 3255 813 3312 per
825 3240 970 3295 licentiam
984 3257 1062 3312 quae·
1116 3241 1210 3293 sancta
1225 3243 1317 3310 potest
1329 3239 1488 3295 communis
1506 3241 1658 3298 conventio
1673 3242 1856 3308 scandalizari,
1867 3239 1906 3294 ubi
1970 3279 1971 3292 .

250 3333 290 3388 ris
304 3347 462 3387 excessum.
477 3338 547 3388 Ama
561 3332 683 3388 laminas
697 3333 773 3388 intcr
785 3334 1021 3402 sacrasolemnia,
1036 3340 1066 3390 et
1114 3333 1240 3387 tentator
1257 3333 1317 3404 ipse
1338 3333 1467 3389 diabolus
1482 3335 1617 3402 tremuit;
1633 3337 1699 3408 quis
1720 3337 1778 3392 illic
1796 3335 1905 3391 stabilem

251 3423 318 3480 odio
332 3423 408 3480 baba
426 3425 456 3480 in
469 3426 674 3480 communione
693 3425 818 3496 privata3
834 3426 858 3480 si
872 3426 912 3480 ris
933 3425 1064 3482 Salomo-
1114 3441 1144 3480 sc
1157 3441 1218 3482 esse
1238 3425 1389 3499 promittit.
1404 3426 1455 3484 ubi
1476 3433 1604 3484 tentator
1622 3429 1765 3486 audenter
1782 3427 1906 3485 occrsrritt
1970 3443 1971 3452 ¹

250 3517 295 3573 uis
317 3521 417 3574 tenera
439 3517 598 3574 doctrinam
617 3535 624 3574 ι
642 3539 656 3568 u
674 3519 808 3591 Tempus,
823 3517 925 3590 inquit,
939 3519 1064 3590 amandi,
1114 3521 1179 3576 etsi
1198 3520 1255 3576 illic
1276 3519 1484 3592 periclitamur,
1505 3521 1554 3576 ubi
1571 3522 1619 3578 liei
1639 3529 1784 3595 praecepta
1798 3539 1844 3578 nos
1856 3536 1907 3575 mu·
1970 3513 1971 3588 ξ

252 3623 281 3666 et
294 3613 408 3683 tempus
421 3611 535 3667 odiendi
549 3611 656 3680 (licata,
672 3629 712 3680 ru,
728 3611 766 3683 8).
780 3633 794 3663 a
1114 3618 1246 3685 gregant,
1260 3613 1329 3685 quid
1339 3613 1450 3686 agimus
1463 3615 1512 3670 ubi
1522 3615 1571 3670 liei
1581 3615 1661 3686 jussa
1672 3633 1726 3672 nos
1735 3614 1907 3688 separanttet

283 3706 362 3760 Tunc
391 3719 461 3776 ergo
493 3705 621 3762 carenda
654 3709 720 3760 sunt
752 3705 867 3763 leminae
899 3705 1063 3779 participia,
1113 3705 1905 3780 siturbamurillic,ubilleivoluntatemunimur;quanto

250 3796 367 3872 quaudo
383 3797 493 3869 geritur
509 3796 668 3853 carnalium
687 3813 819 3854 curarum
842 3799 978 3854 continua
990 3815 1063 3856 una·
1112 3798 1263 3870 magisubi
1277 3799 1435 3856 nonsolum
1446 3799 1604 3870 diabolum,
1615 3801 1663 3857 ssd
1676 3803 1762 3858 otiam
1773 3799 1905 3858 Dominum
1970 3787 1971 3790 ¹

247 3889 364 3946 nimiter
391 3890 559 3962 frequentis
589 3907 596 3946 :
626 3891 764 3965 quoniam
793 3891 869 3947 inter
893 3908 976 3947 curas
1002 3909 1064 3948 suas
1113 3890 1524 3951 babemusadrersumiCum
1542 3895 1733 3951 sacrosanctis
1752 3891 1905 3964 animjussis

249 4000 315 4040 caro
343 3999 457 4056 semper
482 3984 669 4041 incitamento
697 3984 838 4057 cupidinis
860 3988 1010 4057 provocat3
1036 3991 1066 4042 at
1113 3984 1302 4042 nobisdirina
1314 3985 1454 4059 protectio
1468 3987 1656 4058 ministratur,
1673 3990 1747 4045 sicut
1765 3987 1844 4044 isaias
1853 3986 1903 4040 ait:

249 4075 307 4131 illic
321 4075 398 4149 parit
421 4077 549 4133 fomenta
566 4078 713 4151 peccandi,
728 4079 779 4134 ubi
798 4082 972 4150 pertractans
985 4095 1063 4134 com·
1114 4099 1129 4130 a
1148 4081 1263 4151 Legem,
1271 4080 1374 4152 inquit,
1383 4079 1413 4137 iu
1426 4079 1602 4152 adjutorium
1616 4080 1711 4151 dadit;
1726 4077 1905 4154 siuejussioui·

250 4169 1065 4244 modasuatemporalissitaecogitctionibussenseritpau·
1112 4169 1166 4226 bus
1180 4185 1247 4226 vero
1266 4168 1370 4225 divinis
1389 4169 1503 4226 nullum
1522 4176 1616 4241 potest
1635 4187 1698 4226 esse
1720 4169 1902 4243 praesidium.»

249 4261 341 4318 lulum
352 4261 474 4317 relaxari
487 4278 494 4330 ;
509 4262 582 4318 sicut
591 4263 729 4320 Salomon
739 4264 849 4342 asserit,
860 4264 957 4321 dicens
968 4282 975 4322 :
988 4287 1002 4317 a
1012 4266 1065 4322 oa·
1148 4263 1229 4320 dlirrd
1241 4266 1284 4318 est
1298 4264 1374 4336 quod
1388 4263 1462 4320 [teus
1474 4262 1601 4336 imperat
1614 4264 1721 4333 lacere,
1737 4271 1767 4319 et
1784 4261 1852 4318 aliud
1864 4275 1902 4312 ro·

248 4354 348 4427 primii
357 4359 472 4409 terrena
484 4355 619 4426 cogitatio
632 4372 746 4412 sensum
756 4358 1062 4430 multacogitantam.u
1112 4355 1214 4412 lonmti
1233 4357 1294 4429 ejus
1309 4355 1446 4414 obsistere
1462 4374 1469 4414 τ
1484 4359 1565 4430 cujus
1583 4358 1623 4413 ita
1637 4363 1706 4414 sunt
1721 4357 1850 4414 mandata
1861 4369 1904 4409 scr·
1970 4337 1971 4408 l

249 4449 280 4502 ln
301 4451 442 4503 consentu
465 4463 534 4504 raro
553 4465 699 4505 sacrorum
722 4451 790 4523 (29),
806 4449 855 4506 ubi
877 4451 993 4524 spiritus
1012 4452 1062 4508 do·
1114 4449 1213 4520 venda,
1226 4453 1256 4505 ut
1268 4450 1375 4523 aliquid
1387 4451 1507 4523 jusserit
1520 4451 1596 4523 quod
1618 4452 1779 4507 secuudum
1793 4449 1904 4506 homines

251 4541 391 4608 minatur,
402 4541 504 4596 ancilla
518 4541 702 4616 semetipsam
714 4559 889 4616 cognosceus
900 4544 995 4616 perdit
1005 4525 1102 4602 sual)
1113 4545 1252 4615 injustum
1265 4559 1326 4599 esse
1340 4543 1481 4613 rideatur,
1494 4544 1603 4616 justum
1617 4544 1751 4600 credatur
1765 4547 1793 4599 et
1810 4543 1869 4607 liat;
1882 4541 1904 4592 et

249 4633 405 4707 uoluptatis
419 4651 520 4705 usum3
540 4635 636 4708 perdit
657 4642 684 4693 et
701 4636 799 4694 luxum
822 4636 892 4693 dum
909 4641 1064 4695 tractantur
1112 4637 1134 4693 si
1145 4637 1254 4709 justum
1265 4638 1395 4709 jusserit,
1413 4636 1524 4709 justum
1546 4642 1695 4710 reputetur
1714 4644 1742 4694 et
1762 4638 1831 4692 flat:
1851 4645 1901 4689 cum

248 4727 469 4796 coelestis,dum
490 4728 787 4786 celebrantursaucta
798 4729 893 4804 847
910 4732 1061 4803 mysteria3
1112 4745 1173 4786 srue
1188 4729 1408 4804 848justitia
1421 4747 1476 4786 non
1490 4735 1584 4802 potest
1598 4747 1659 4786 essa
1675 4729 1818 4804 (ibiquod
1835 4741 1901 4784 meu·
1970 4713 1971 4772 ἶ

246 4825 308 4876 tota
330 4821 494 4877 humanitas
516 4827 682 4895 occupatur,
700 4823 752 4879 ubi
776 4839 834 4878 noo
856 4823 994 4892 humana,
1013 4825 1063 4880 sed
1113 4822 1172 4891 dat,
1187 4824 1236 4895 qui
1251 4827 1350 4896 potens
1371 4830 1415 4879 est
1435 4823 1606 4895 injustitiam
1624 4825 1805 4898 justificando
1820 4833 1901 4875 uocare

246 4915 343 4971 divina
365 4921 430 4970 sunt
449 4914 547 4970 omnia
570 4932 577 4971 ι
598 4915 646 4970 ubi
668 4917 813 4973 veneratio
833 4917 876 4973 vel
902 4920 1009 4973 tremor
1035 4921 1064 4975 et
1108 4915 1260 4989 justitiam,
1277 4922 1305 4973 et
1316 4915 1460 4988 justitiam
1481 4915 1902 4988 reprobandoinjustitiampro

245 5013 341 5063 terror
354 5007 513 5064 incutitur:
533 5008 642 5065 animis
660 5010 800 5068 universis
813 5011 926 5082 sepulta
941 5016 982 5066 est
995 5028 1062 5083 per·
1111 5007 1182 5066 bore
1200 5011 1403 5080 transuersam,
1421 5009 1501 5082 cujus
1520 5011 1652 5066 uoluntas
1673 5015 1716 5066 est
1736 5010 1792 5065 sola
1807 5013 1833 5064 et
1850 5019 1901 5060 vers

247 5101 322 5156 iacta
347 5101 506 5158 substantia
531 5102 664 5158 carnalis.
689 5106 769 5160 Inter
795 5103 857 5176 ipsa
880 5104 941 5160 lora
967 5107 1060 5161 curnis
1105 5103 1228 5177 justitia.
1243 5102 1271 5160 Si
1292 5105 1370 5160 enim
1388 5108 1481 5160 totum
1497 5103 1574 5175 quod
1589 5103 1727 5175 gerimus,
1738 5103 1774 5170 ad
1787 5101 1835 5158 hoc
1852 5101 1902 5154 tau·

246 5194 434 5251 mercimonia
458 5195 542 5252 multi
562 5197 736 5269 uoluptatem
756 5199 880 5269 corporis
897 5199 1059 5273 negligunt,
1108 5200 1258 5257 tummodo
1272 5197 1410 5271 gerimus,
1428 5203 1458 5252 ut
1474 5197 1592 5253 Domino
1607 5193 1901 5270 placeamus;proiecto

247 5285 354 5342 scilicet
373 5289 490 5360 quando
512 5305 529 5345 a
550 5289 710 5361 legionibus
734 5293 867 5347 exercitia
886 5293 1061 5348 meditantur
1109 5293 1164 5350 hoc
1179 5293 1270 5348 solum
1285 5291 1467 5362 eritjustum
1483 5289 1623 5363 quidquid
1638 5289 1807 5358 volucritat
1820 5287 1899 5358 jusst-

247 5395 404 5452 armorum,
419 5387 468 5438 aut
487 5386 585 5455 crepat
607 5382 705 5438 litibus
728 5385 835 5454 lorrrm,
854 5389 904 5440 aut
923 5392 1061 5442 resonant
1110 5389 1157 5456 rit,
1174 5393 1203 5442 et
1224 5384 1385 5460 probaverit
1402 5386 1474 5440 Dans
1488 5384 1533 5439 cui
1552 5386 1667 5456 plaeere
1686 5383 1828 5456 gestimus.
1843 5379 1900 5434 Nam

921 5505 1003 5571 Edit.
1022 5510 1127 5576 Oxou.
1143 5512 1243 5572 notae.

276 5624 325 5692 rso)
337 5627 368 5678 la
386 5631 514 5679 mactatu
531 5641 592 5678 ceso
608 5641 757 5690 sacrorum,
774 5633 825 5683 etc.
841 5631 962 5686 Pulcher
979 5633 1060 5688 loeas
1109 5647 1182 5702 gera.
1200 5633 1310 5684 Pausa.

244 5711 295 5764 pro
311 5699 399 5750 saeris
410 5697 564 5761 ticclastae3
580 5699 683 5766 quippe
693 5699 740 5751 ubl
756 5699 823 5753 dicit
836 5705 946 5755 tractari
959 5705 1059 5757 crates·
1140 5705 1190 5768 (30)
1213 5707 1275 5758 Gom
1296 5703 1355 5752 stae
1373 5701 1477 5768 postitio
1499 5712 1551 5752 aaa
1573 5705 1656 5766 potest
1675 5712 1735 5750 esse.
1749 5693 1850 5747 Pbrasis
1865 5691 1898 5739 est

244 5771 292 5829 tia,
310 5769 444 5822 celebrari
456 5775 553 5822 sancta
566 5771 705 5836 mysteria,
721 5786 791 5837 opus
805 5775 928 5839 spiritale
943 5777 1060 5840 augelo-
1108 5778 1240 5829 auctoris.
1254 5775 1343 5826 vetus
1357 5786 1418 5825 exc.
1437 5775 1464 5824 ct
1481 5771 1650 5826 Remboldus
1664 5772 1755 5838 legum
1768 5767 1820 5818 rica
1831 5765 1898 5814 cirso-

247 5852 311 5894 rum
323 5841 391 5911 geri,
404 5855 436 5899 ea
453 5843 505 5898 Det
522 5847 663 5912 praccepta
679 5857 731 5898 nos
745 5857 913 5912 congregare
932 5851 960 5899 ot
979 5847 1059 5900 colti-
1109 5847 1162 5900 rto.
1179 5845 1234 5899 ssd
1247 5857 1304 5898 non
1317 5845 1417 5914 placet.
1433 5845 1543 5898 Pausa.
