4076 6190
247 173 281 232 rr
336 149 337 154 '
883 195 1259 260 o.rauoenr11nmenr
1637 249 1642 256 .
1895 208 1934 269 se

239 301 311 357 libro
327 302 360 358 cte
374 302 501 362 Oratione
516 305 663 365 contendit
682 326 741 368 non
760 316 857 372 omnia
875 327 989 391 peccata
1008 340 1069 378 esse
1082 324 1266 398 dimittenda,
1281 333 1330 384 aut
1350 330 1408 384 sola
1429 328 1559 387 oratioue
1574 336 1604 388 et
1623 333 1760 390 sacnficio
1777 336 1934 408 expianda,

239 393 291 448 sed
315 393 446 465 quaedam
466 395 594 466 retineri,
616 397 644 452 id
665 403 707 455 est
728 405 904 474 poenitentiae
926 410 1026 482 subjici
1048 413 1167 484 debere3
1189 433 1221 472 ac
1243 432 1293 472 eos
1313 418 1418 474 refellit
1438 420 1486 492 qui
1506 437 1536 476 se
1559 421 1735 480 idololatrias
1755 425 1932 494 condonare,

240 483 381 538 adulteria
396 482 541 557 47-48
557 487 586 541 et
604 487 810 549 fornicationes
825 511 907 566 posse
927 499 1070 558 dimittere
1089 504 1301 577 gloriabantur;
1316 508 1396 580 quasi
1412 525 1463 580 per
1477 509 1605 582 ipsorum
1620 529 1734 585 precem
1754 531 1806 586 pro
1825 515 1860 568 iis
1880 514 1935 586 qui

239 570 300 628 hec
314 575 524 643 perpetramnt,
540 581 687 647 peccatum
704 581 740 636 ad
754 587 880 642 mortem
895 587 1064 646 dimittatur.

240 706 476 765 lX.-ornu¹1n
490 727 587 768 narica
601 731 670 772 ANTE
687 734 710 774 S.
727 735 882 780 CYPRIANUH
898 740 1066 786 cnavlssnns
1082 746 1234 790 cntmnlntts
1250 751 1356 792 NEGATA
1376 753 1471 794 ruanis
1489 753 1632 796 connubio
1653 755 1714 794 POST
1729 755 1932 796 emalricum.

273 822 339 892 Sed,
362 826 393 878 ut
412 824 523 883 facilius
545 829 580 885 de
603 832 738 904 Cypriani
760 838 879 911 ejusque
899 843 1076 916 collegarum
1098 850 1220 907 decretis
1235 855 1391 926 J'udicetur,
1408 857 1492 929 paulo
1513 857 1598 912 altien
1620 857 1773 929 repetenda
1794 857 1931 912 Ecclesiae

237 911 377 970 Africanae
396 913 604 988 disciplinam
623 922 745 981 breviter
765 931 988 990 examinandum
1006 941 1103 994 utrum
1125 946 1191 996 ante
1212 947 1328 1000 atatam
1350 945 1486 1019 Cypriani
1505 947 1679 1019 gravissimis
1698 945 1878 1016 criminibus,
1898 950 1934 1000 ut

237 1001 409 1058 idololatria
424 1009 453 1060 ct
467 1006 633 1080 homicidio,
647 1028 780 1072 concessa
793 1035 883 1076 necne
896 1039 950 1093 pax
966 1029 1029 1095 post
1042 1028 1238 1098 penitentiam
1254 1033 1350 1090 fuerit.

273 1091 326 1158 Qui
343 1094 548 1165 paenitentiam,
565 1115 653 1170 quam
666 1105 728 1160 sani
745 1111 988 1182 contempserant,
1006 1112 1037 1169 in
1052 1121 1181 1174 extremo
1195 1121 1321 1190 periculo
1339 1123 1486 1195 petebant,
1502 1125 1532 1193 ii,
1547 1124 1647 1180 saltem
1662 1123 1808 1194 intirim,
1824 1124 1929 1196 primis

237 1181 347 1237 seculis
360 1183 572 1255 rejiciebantur,
589 1192 621 1243 ut
633 1194 713 1263 patet
723 1210 758 1249 ex
775 1197 863 1268 Epist.
880 1214 915 1256 ιιι
929 1201 1061 1272 Cypriani
1075 1204 1113 1276 tp.
1129 1209 1172 1274 73)
1188 1224 1195 1262 :
1214 1229 1228 1258 c
1246 1211 1280 1264 Et
1292 1211 1407 1280 idcirco,
1422 1213 1526 1283 inquit,
1542 1212 1631 1269 frater
1643 1213 1821 1282 charissime,
1834 1214 1932 1284 poeni·

236 1271 355 1327 tentiam
366 1289 425 1327 nou
436 1279 565 1346 agentes,
577 1295 630 1334 nec
641 1280 771 1340 dolorem
782 1285 951 1344 delictorum
962 1306 1079 1347 snorum
1091 1297 1244 1353 totocorde
1256 1304 1284 1354 et
1293 1301 1446 1356 manifesta
1456 1301 1668 1357 lamentationis
1681 1317 1738 1357 sure
1749 1301 1927 1373 professione

235 1363 383 1429 testantes,
395 1362 592 1434 prohibendos
601 1371 717 1426 omnino
729 1375 890 1432 censuimus
899 1394 915 1431 a
925 1395 974 1450 spe
985 1383 1253 1441 communicationis
1264 1391 1291 1442 et
1302 1389 1389 1459 pacis,
1400 1389 1423 1444 si
1437 1389 1466 1443 in
1477 1389 1643 1445 infirmitate
1653 1393 1739 1462 atque
1752 1389 1781 1444 in
1795 1390 1926 1461 periculo

236 1449 375 1520 coeperint
386 1450 544 1525 deprecari,
556 1455 623 1526 qnia
637 1475 740 1530 rogare
754 1462 818 1519 illos
832 1481 890 1522 non
905 1465 1001 1523 delicti
1014 1471 1194 1545 paenitentia,
1207 1475 1256 1530 sed
1269 1478 1367 1534 mortis
1381 1479 1511 1550 urgentis
1523 1477 1681 1534 admonitio
1695 1479 1855 1550 compellit,
1867 1496 1925 1534 nec

237 1538 341 1609 dignus
353 1543 397 1595 cst
409 1539 437 1594 iu
454 1547 544 1598 morte
556 1561 656 1616 capere
670 1549 801 1606 solatium
817 1555 866 1624 qni
881 1571 911 1609 se
925 1567 982 1612 non
995 1559 1129 1630 cogitarit
1142 1578 1203 1618 essa
1216 1565 1400 1622 moriturum.
1413 1589 1427 1616 a
1438 1566 1521 1632 Quod
1532 1570 1629 1622 autem
1642 1569 1750 1638 spectat
1762 1568 1799 1623 ad
1812 1569 1924 1639 eosqui

235 1631 349 1682 mature
362 1629 561 1700 paenitentiam
571 1634 719 1706 petebant,
730 1641 841 1695 nemini
857 1641 974 1700 dubium
985 1650 1029 1701 cst
1040 1648 1109 1719 quin
1122 1667 1222 1721 pacem
1235 1652 1373 1710 adulteris
1382 1656 1412 1710 in
1423 1655 1516 1710 Africa
1528 1655 1658 1711 nonnulli
1671 1659 1735 1710 ante
1745 1656 1924 1729 cyprianum

235 1721 359 1792 episcopi
375 1723 540 1794 negandam
560 1726 744 1786 decreverint.
765 1734 795 1788 ld
810 1735 913 1792 diserte
930 1741 1050 1794 testatur
1064 1739 1124 1811 ipse
1141 1729 1299 1814 Cyprianus
1314 1745 1344 1801 in
1363 1747 1413 1817 Ep.
1431 1762 1468 1801 ιιι
1485 1745 1526 1817 (p.
1543 1747 1585 1816 72)
1604 1763 1609 1800 :
1628 1766 1642 1794 e
1657 1746 1691 1800 Et
1708 1745 1824 1817 quidem
1844 1745 1925 1817 almd

232 1814 426 1866 antecessores
441 1819 565 1882 nostros,
584 1815 687 1886 inquit,
703 1819 823 1890 quidam
845 1823 880 1878 de
897 1826 1034 1899 episcopis
1050 1828 1113 1884 istic
1133 1830 1163 1885 in
1178 1833 1324 1902 provincia
1343 1837 1439 1890 nostra
1459 1832 1585 1890 dandam
1604 1849 1705 1905 pacem
1725 1835 1843 1891 moechis
1862 1851 1924 1890 non

232 1904 416 1971 putaverunt,
428 1908 456 1958 et
466 1903 496 1958 in
507 1907 600 1960 toturn
610 1909 784 1978 peanitentiae
796 1914 890 1972 locum
901 1923 998 1974 contra
1013 1920 1153 1979 adulteria
1164 1924 1337 1980 clauserunt.
1351 1945 1364 1974 a
1377 1925 1493 1979 Tectum
1503 1924 1616 1980 ridetur
1626 1923 1679 1979 boc
1690 1923 1837 1981 decretum
1846 1923 1925 1978 intra

230 1989 300 2044 illud
310 1989 434 2061 spatium
445 1992 522 2063 qnod
531 1996 728 2054 aTertnlliano
739 2001 775 2056 ad
786 2005 958 2075 cyprianum
970 2009 1090 2067 effluxit.
1102 2013 1173 2068 Nam
1184 2014 1373 2070 Tertullianus
1383 2013 1412 2068 in
1425 2013 1498 2068 libro
1509 2015 1542 2070 de
1552 2014 1691 2068 Pudicitia
1700 2013 1776 2084 pacis
1785 2012 1923 2068 adulteris

231 2082 294 2150 post
308 2079 506 2150 poenitentiam
523 2082 627 2139 dandae
643 2090 890 2163 consuetudinem,
907 2104 939 2151 ut
954 2113 1139 2156 communem
1156 2103 1289 2159 Ecclesia
1303 2102 1451 2158 catholicae
1465 2118 1579 2158 morem
1598 2103 1732 2174 exagitat,
1748 2117 1835 2173 seque
1850 2101 1922 2156 olim

230 2165 335 2222 fatetur
350 2167 389 2222 ita
400 2169 521 2225 sensisse
531 2171 599 2226 dum
614 2173 643 2228 iu
654 2177 778 2234 Ecclesia
790 2190 968 2240 versaretur:
982 2189 1068 2244 «Erit
1080 2187 1169 2262 igitur
1181 2195 1210 2246 et
1221 2192 1269 2248 hic
1281 2193 1414 2248 adversus
1425 2193 1574 2264 Psychicos
1587 2192 1693 2258 titulus,
1705 2191 1800 2262 inquit
1812 2206 1874 2262 cap.
1889 2193 1921 2250 2.

232 2256 366 2312 adversus
379 2275 450 2314 mere
463 2277 577 2334 qnoque
591 2267 740 2323 sententiae
753 2277 828 2327 retro
842 2289 930 2344 penes
942 2276 1006 2332 illos
1021 2280 1197 2349 societatem,
1210 2298 1268 2355 quo
1282 2283 1375 2354 magis
1388 2282 1443 2336 hoc
1457 2281 1528 2336 mihi
1542 2281 1572 2336 in
1585 2287 1682 2336 notam
1695 2280 1815 2338 levitatis
1826 2281 1922 2351 objec-

231 2348 303 2402 tent.
318 2369 332 2398 ι)
349 2349 430 2411 Quod
444 2354 541 2406 autem
558 2353 665 2423 opinati
680 2362 747 2413 sunt
759 2361 865 2417 eruditi
878 2364 930 2419 riri
949 2382 1047 2424 severo
1062 2369 1111 2426 illo
1129 2371 1242 2428 decreto
1262 2371 1336 2444 quod
1353 2376 1558 2426 commemorat
1570 2369 1738 2442 Cyprianus,
1755 2368 1922 2424 idololatras

232 2439 262 2490 ot
276 2435 447 2506 homicidas,
464 2455 586 2510 quorum
600 2444 691 2501 scelus
704 2447 845 2507 adulterio
859 2455 971 2524 gravius
984 2460 1036 2526 est,
1051 2460 1272 2531 comprehensos
1285 2460 1382 2526 fuisse,
1397 2475 1455 2515 non
1469 2459 1547 2514 valde
1563 2458 1716 2530 probabilis
1730 2457 1844 2512 ridetur
1854 2458 1921 2512 haec

232 2525 404 2596 conjectura.
420 2528 491 2584 fieri
507 2531 583 2586 enim
599 2535 690 2603 potuit
702 2539 735 2590 ut
746 2537 866 2595 nimiam
878 2543 1009 2600 adulterii
1025 2547 1170 2604 licentiam
1186 2549 1329 2605 nonorillis
1347 2550 1377 2603 in
1395 2548 1463 2604 locis
1484 2548 1609 2621 episcopi
1627 2547 1805 2619 gravioribus
1825 2547 1920 2618 poenis

231 2614 432 2671 refrenandam
440 2617 612 2690 judicarent,
627 2639 680 2678 nec
693 2630 787 2682 tamen
804 2629 838 2684 de
853 2631 1013 2690 idololatria
1027 2640 1053 2692 et
1067 2637 1221 2694 homicidio
1237 2638 1316 2692 idem
1331 2639 1500 2704 statuerent,
1512 2653 1577 2691 cum
1590 2637 1748 2708 pracsertim
1760 2635 1920 2692 cavendum

231 2708 305 2760 esset
321 2721 357 2760 ne
376 2706 608 2764 ldontanistarum
628 2711 757 2770 instituta
776 2717 805 2771 in
820 2720 973 2777 Ecclesiam
990 2724 1089 2780 induci
1102 2726 1272 2784 viderentur.
1297 2728 1358 2792 Quo
1374 2729 1469 2781 autem
1487 2725 1552 2781 odio
1568 2725 1705 2797 flagrabat
1719 2725 1795 2797 apud
1815 2741 1920 2780 omues

221 2791 317 2865 hujus
336 2795 451 2850 heresis
467 2799 611 2867 severitas,
628 2803 728 2872 conjici
746 2811 842 2877 posset
859 2811 1007 2882 episcopos
1026 2813 1080 2870 boc
1097 2817 1200 2871 saltem
1219 2815 1312 2871 solatii
1332 2814 1469 2869 adulteris
1489 2814 1691 2886 poeniteutibus
1710 2813 1920 2885 reliquissent

231 2899 331 2954 pacem
342 2883 372 2938 in
384 2884 503 2940 articulo
513 2889 615 2942 mortis
630 2890 802 2963 acciperent.
813 2897 867 2952 Sed
880 2900 942 2955 baec
955 2902 1091 2973 Cypriani
1101 2905 1200 2972 rerba,
1213 2925 1226 2958 e
1239 2910 1266 2961 et
1277 2905 1307 2958 in
1323 2907 1413 2960 totum
1426 2902 1601 2974 paenitentiae
1615 2902 1709 2958 locum
1723 2906 1823 2959 contra
1839 2903 1919 2958 adul-

231 2971 302 3026 teria
322 2972 495 3042 clauserunt,
513 2997 527 3025 n
542 2981 574 3030 ut
593 2979 802 3052 poenitentiam,
821 2985 862 3040 ita
880 2990 966 3044 etiam
988 3008 1069 3063 spem
1089 2993 1167 3065 pacis
1187 2995 1304 3050 omnino
1324 2994 1490 3065 preciosam
1505 2993 1592 3048 luisse
1611 2993 1749 3048 indicant.
1764 2993 1820 3047 Cur
1836 2991 1918 3047 enim

230 3060 399 3132 poenitentia
413 3061 447 3116 iis
462 3063 594 3136 imposita
609 3083 666 3122 non
680 3069 779 3126 fuisset
794 3074 897 3144 quibus
911 3082 976 3150 post
990 3097 1100 3136 annum
1114 3087 1164 3138 aut
1175 3085 1250 3140 forte
1264 3084 1351 3138 etiam
1367 3082 1450 3138 citius
1463 3082 1558 3138 danda
1571 3098 1625 3153 pax
1641 3088 1713 3149 crat,
1730 3081 1753 3136 si
1772 3081 1802 3136 in
1816 3081 1918 3136 mortis

230 3149 388 3220 pericnlum
398 3149 564 3207 incidissent
576 3170 582 3206 ι
595 3155 713 3228 quique,
724 3158 747 3213 si
758 3176 773 3215 e
784 3163 884 3220 morbo
897 3169 1059 3237 evasissent,
1076 3187 1175 3242 pacem
1192 3173 1278 3228 semel
1292 3174 1434 3242 acceptam
1450 3171 1586 3226 retenturi
1598 3175 1689 3233 crunt,
1704 3174 1733 3224 et
1743 3171 1842 3226 eodem
1850 3170 1918 3241 jure

230 3238 319 3292 futuri
333 3254 365 3292 ac
378 3238 425 3292 alii
442 3239 561 3296 fideles?
571 3242 642 3297 Nam
658 3245 707 3315 qui
717 3247 760 3302 his
772 3252 947 3321 temporibus
961 3272 1062 3328 pacem
1073 3263 1193 3331 urgente
1207 3262 1333 3332 periculo
1343 3264 1519 3332 acceperant,
1531 3259 1587 3315 hoc
1599 3258 1769 3314 beneficium
1784 3259 1917 3314 restituta

230 3325 261 3379 in
271 3325 416 3397 integrum
428 3326 591 3384 valetudine
602 3333 764 3404 servabant,
776 3353 829 3392 uec
842 3343 1018 3410 poenitentiae
1029 3363 1142 3402 cursum
1158 3350 1272 3420 explere
1284 3349 1466 3422 cogebantur,
1478 3351 1511 3402 ut
1523 3351 1600 3421 patet
1611 3363 1645 3402 ex
1659 3347 1795 3419 Cypriani
1804 3348 1856 3418 Ep.
1867 3363 1915 3403 ιιι.

266 3415 323 3470 Sed
336 3415 371 3469 de
385 3415 530 3470 adulteriis
544 3416 663 3490 aliisque
678 3423 854 3493 gravissimis
869 3433 993 3501 peccatis
1007 3443 1073 3492 note
1088 3437 1221 3493 haeresim
1235 3437 1481 3505 Montanistarum,
1497 3453 1529 3492 ac
1548 3437 1582 3492 de
1597 3435 1755 3492 idololatria
1773 3443 1803 3492 et
1818 3437 1915 3492 homi-

231 3504 305 3560 cidio
321 3510 387 3576 post
400 3504 477 3577 ipsos
494 3506 686 3577 llootanistas,
702 3513 802 3570 multae
817 3533 987 3593 magnaeque
1003 3532 1155 3584 occurrunt
1170 3526 1361 3596 difficultates,
1378 3541 1441 3597 quae
1453 3525 1537 3580 variis
1552 3524 1700 3580 sententiis
1715 3525 1811 3580 locum
1824 3525 1915 3582 dede-

231 3599 309 3651 runt.
331 3595 510 3650 Existimavit
527 3597 658 3652 Petarius
678 3599 708 3655 in
732 3610 790 3659 not.
813 3608 851 3662 cd
868 3611 1005 3681 Epipbcn.
1030 3614 1069 3685 (p.
1090 3615 1153 3688 231)
1173 3616 1272 3687 primis
1294 3616 1402 3672 saeculis
1422 3615 1657 3687 gravissimomm
1676 3614 1830 3671 criminum
1849 3631 1916 3670 reos

231 3683 433 3740 communione
448 3683 609 3756 prohibitos
627 3687 723 3760 fuisse,
742 3708 946 3770 necunquam,
962 3701 1020 3757 sive
1035 3703 1204 3773 incolumes,
1218 3706 1274 3761 sire
1292 3703 1488 3772 moribundos,
1507 3704 1638 3759 Ecclesiae
1653 3704 1812 3772 restitutos,
1826 3709 1914 3774 atque

231 3771 305 3828 hanc
318 3772 525 3828 severissimam
539 3773 721 3848 disciplinam
735 3782 787 3836 snb
801 3786 995 3855 apostolorum
1009 3795 1137 3864 tempora
1152 3797 1180 3848 et
1198 3794 1232 3848 ad
1246 3793 1410 3850 Tertulliani
1425 3793 1484 3848 fere
1499 3792 1633 3848 saeculum
1648 3791 1815 3858 obtinuisse,
1829 3791 1878 3850 sed
1896 3809 1915 3848 a

231 3859 384 3932 zephirino
399 3859 545 3932 pontifice,
564 3863 640 3934 quod
658 3865 695 3919 ad
715 3870 868 3926 moechiam
888 3879 1004 3948 spectat,
1024 3881 1174 3951 paululum
1197 3883 1368 3952 relaxatam,
1384 3880 1518 3954 Cypriani
1535 3879 1712 3952 temporibus
1729 3881 1854 3952 majores
1874 3882 1915 3938 ad

230 3948 378 4004 leuitatem
397 3965 563 4022 progressos
580 3951 722 4010 habuisse.
744 3959 867 4017 florinus
888 3964 937 4019 lib.
956 3983 993 4035 rx,
1014 3968 1047 4022 de
1062 3972 1171 4033 Poenit„
1187 3987 1249 4042 cap.
1270 3974 1315 4040 20,
1331 3975 1359 4026 et
1380 3970 1484 4026 Natalis
1502 3969 1673 4038 Alexander,
1695 3971 1802 4026 dissert.
1822 3988 1860 4024 vn
1881 3974 1914 4027 in

229 4041 299 4094 Eiet.
316 4054 346 4094 ιιι
363 4053 436 4102 rae,
457 4038 486 4093 in
501 4041 587 4095 aliam
602 4059 719 4114 prorsus
734 4051 905 4107 sententiam
922 4054 1006 4123 isere,
1026 4061 1055 4113 ct
1073 4059 1173 4128 primis
1192 4059 1247 4115 illis
1261 4058 1368 4114 saeculis
1383 4075 1484 4132 pacem
1503 4059 1590 4131 lapsis
1610 4064 1724 4131 peracta
1745 4059 1914 4130 paenitentia

231 4143 392 4184 concessam
411 4126 499 4183 fuisse
521 4133 706 4202 contendunt,
723 4152 775 4192 nec
797 4140 986 4200 morientibus
1004 4145 1034 4201 in
1054 4147 1174 4203 decursu
1194 4147 1367 4220 peanitentiae
1387 4154 1530 4220 negatam.
1548 4147 1629 4213 Quod
1644 4149 1736 4221 magis
1756 4149 1859 4204 mirere
1880 4150 1913 4205 in

229 4217 283 4272 hac
305 4216 510 4273 sententiarum
531 4220 678 4290 varietate,
700 4224 844 4298 insignem
864 4231 1029 4288 Tertulliani
1049 4234 1153 4306 locum,
1170 4238 1219 4308 qui
1238 4239 1326 4292 totius
1349 4238 1548 4294 controversiae
1570 4237 1656 4293 cardo
1677 4243 1729 4306 est,
1746 4238 1858 4310 utrique
1878 4238 1913 4294 in

229 4305 360 4360 eamdem
380 4305 550 4361 sententiam
569 4308 719 4382 accipiunt.
736 4316 813 4372 Inter
832 4324 965 4392 utrosque
985 4323 1118 4380 conuenit
1133 4325 1348 4397 Tertullianum,
1367 4343 1433 4382 cum
1448 4326 1488 4382 ait
1508 4327 1557 4382 lib.
1578 4327 1610 4382 de
1624 4327 1775 4396 Pudicitia,
1791 4330 1882 4398 capti
1903 4350 1909 4382 :

230 4413 245 4446 e
260 4393 441 4449 idololatram
456 4395 572 4467 quidem
587 4403 615 4453 et
628 4398 802 4460 homicidam
817 4409 905 4464 semel
921 4408 1049 4480 damnas,
1063 4414 1208 4469 moechum
1220 4431 1287 4472 vero
1303 4417 1338 4472 de
1353 4415 1448 4471 medio
1458 4416 1581 4486 excipis?
1591 4437 1604 4467 a
1621 4418 1649 4470 et
1661 4431 1723 4488 cap.
1742 4419 1775 4472 lt
1789 4435 1796 4472 ι
1814 4438 1829 4467 ι(
1839 4417 1911 4474 ilinc

229 4482 359 4554 estquod
373 4499 465 4555 neque
479 4483 762 4563 inuiolatumque
776 4497 973 4570 sanguinipax
990 4500 1026 4554 ab
1041 4501 1172 4558 Ecclesiis
1186 4503 1330 4576 redditur;
1347 4524 1361 4558 n
1376 4505 1481 4562 dherte
1499 4505 1602 4560 docere
1622 4521 1724 4576 pacem
1740 4506 1911 4562 idololatria

229 4577 257 4628 et
271 4570 426 4627 homicidio
440 4571 516 4643 apud
529 4573 687 4632 Catholicos
700 4581 809 4652 negari.
822 4583 876 4640 Sed
889 4587 1095 4644 Tertullianum
1110 4590 1239 4648 Petarius
1250 4594 1280 4650 in
1293 4610 1324 4649 re
1338 4594 1465 4650 omnium
1480 4595 1570 4650 oculis
1583 4594 1711 4666 exposita
1722 4595 1838 4650 mentiri
1850 4611 1911 4651 non

227 4659 400 4731 suspicatum
422 4659 539 4717 nefarie
559 4662 641 4719 idum
662 4667 813 4726 calumniae
834 4677 862 4727 ot
883 4674 974 4748 putidi
995 4677 1137 4734 mendacii
1157 4681 1280 4738 Morinos
1301 4687 1330 4739 et
1349 4684 1511 4740 Alexander
1531 4701 1662 4740 accusare
1682 4700 1740 4740 non
1764 4685 1909 4755 dubitant,

136 4797 140 4804 .
227 4748 339 4804 Neutris
353 4749 472 4805 omnino
488 4750 615 4807 assentiri
629 4770 754 4828 possum,
770 4775 822 4816 nac
838 4763 950 4820 Petario
965 4765 1084 4822 nimiam
1102 4769 1280 4826 severitatem
1301 4773 1401 4844 primis
1421 4773 1530 4828 secudu
1547 4773 1708 4844 attingenti,
1727 4790 1781 4830 nec
1798 4775 1909 4832 horino

227 4841 256 4892 et
283 4837 441 4894 Alexandm
464 4839 607 4897 mendacii
634 4848 734 4903 notam
757 4848 930 4907 Tertulliano
956 4852 1145 4912 inarantibus.
1171 4860 1360 4924 Quamobrem
1383 4861 1581 4918 demonstrare
1605 4862 1759 4934 aggrediar
1782 4863 1837 4920 uie
1861 4864 1911 4920 ille

226 4925 391 4995 gravissima
413 4933 530 4997 peccata
552 4929 752 5004 idololatriam,
776 4936 962 4996 homicidium
983 4945 1012 4998 et
1033 4944 1206 5004 adulterium
1227 4965 1245 5005 a
1266 4950 1435 5022 penitentia
1456 4955 1485 5006 et
1505 4967 1576 5023 pace
1598 4952 1710 5008 exclusa
1733 4952 1763 5007 in
1786 4953 1910 5026 antiqua

225 5011 349 5068 Ecclesia
364 5029 422 5069 non
434 5014 531 5086 fuisse,
545 5033 598 5074 nec
612 5022 817 5080 Tertullianum
830 5028 914 5083 aliam
928 5030 1077 5089 Catholicis
1090 5033 1252 5094 doctrinam
1267 5039 1419 5096 ascribere.

259 5100 388 5156 Primum
404 5103 522 5159 rationis
536 5112 728 5180 momentum,
742 5112 868 5188 illudque
887 5134 945 5174 non
964 5120 1037 5191 leve,
1053 5126 1215 5198 suppeditat
1232 5128 1294 5200 ipsc
1307 5127 1506 5199 Tertullianus,
1521 5130 1600 5202 cujm
1613 5131 1674 5188 heac
1689 5131 1774 5188 verba
1787 5130 1816 5187 in
1831 5129 1906 5190 libro

224 5187 257 5244 de
275 5190 438 5245 Pornitcntin
457 5191 602 5264 leguntur,
622 5211 683 5268 cap.
703 5199 720 5253 4
741 5216 748 5255 ι
770 5204 938 5262 «Omnibus
960 5223 1028 5282 argo
1050 5211 1169 5286 delictis,
1184 5215 1287 5288 inquit,
1304 5234 1354 5272 seu
1375 5233 1458 5274 carne
1477 5234 1527 5274 seu
1551 5219 1662 5292 spiritu,
1688 5237 1736 5276 sen
1758 5222 1834 5279 facto
1856 5239 1907 5280 scu

223 5278 369 5334 voluntate
383 5280 549 5351 commissis,
564 5283 612 5354 qui
632 5301 745 5356 poenam
765 5292 969 5363 perjudicium
988 5299 1148 5373 destinavit,
1163 5305 1240 5362 idem
1255 5310 1283 5363 et
1295 5308 1409 5364 reniam
1423 5323 1476 5381 per
1494 5309 1693 5382 penitentiam
1708 5311 1874 5386 spopondit.
1889 5335 1905 5366 ι)

222 5366 396 5422 Nominntim
408 5367 572 5426 idololatras
584 5371 638 5428 boc
652 5374 788 5434 beneficio
802 5397 860 5438 non
873 5386 986 5442 excludi
1000 5389 1126 5448 declarat
1139 5410 1200 5466 cap.
1213 5399 1229 5450 7
1244 5412 1251 5451 ε
1265 5399 1388 5469 ultaque
1404 5397 1512 5470 (hostis)
1526 5399 1664 5471 observat,
1679 5399 1782 5474 inquit,
1796 5419 1909 5478 oppug-

223 5459 282 5524 nat,
297 5455 417 5526 obsidet,
434 5457 458 5512 si
480 5474 536 5530 qua
556 5462 643 5531 possit
664 5467 712 5518 aut
737 5469 833 5527 oculos
855 5477 1081 5550 concupiscentia
1100 5483 1205 5538 carnali
1226 5485 1322 5554 ferire,
1339 5490 1389 5542 aut
1406 5489 1539 5545 animum
1561 5489 1701 5548 illecebris
1723 5493 1905 5549 secularibus

221 5543 346 5614 irretire,
357 5545 506 5602 autfioem
515 5551 636 5605 terrene
646 5557 795 5622 potcstatis
806 5559 959 5620 formidine
971 5571 1110 5638 evertere,
1122 5576 1172 5628 aut
1180 5588 1198 5628 a
1206 5573 1249 5630 ria
1260 5577 1339 5631 certa
1349 5577 1488 5647 perversis
1498 5579 1697 5636 traditionibus
1711 5579 1883 5654 detorquere
1895 5597 1903 5638 ι

220 5649 279 5688 uon
293 5633 445 5703 mandalis,
461 5650 519 5691 non
532 5639 737 5698 tentationibus
755 5645 862 5706 deficit.
877 5653 941 5708 ilaec
956 5655 1045 5726 igitur
1056 5673 1169 5717 venena
1183 5661 1245 5734 ejus
1259 5663 1411 5736 providens
1426 5667 1509 5739 Deus,
1525 5669 1618 5726 clausa
1635 5668 1703 5728 licet
1719 5666 1904 5743 ignoscentia

219 5717 364 5798 49-50
374 5722 465 5800 janua
478 5728 506 5782 et
520 5723 697 5786 intinctionis
708 5747 772 5792 sera
787 5735 939 5816 obehucta,
954 5743 1064 5822 aliquid
1078 5748 1173 5808 adbuc
1185 5752 1315 5828 permisit
1327 5761 1436 5832 patere.
1451 5757 1599 5816 Collocavit
1611 5758 1642 5816 in
1655 5759 1797 5818 vestibulo
1814 5759 1903 5834 poeni·
