4012 6192
107 261 150 324 515
169 291 173 296 ·
653 261 873 322 trranotcns.
895 293 928 306 -
948 261 1204 326 transcurrant.
1724 269 1775 327 550

105 391 187 448 beries
200 405 264 446 cnm
277 389 421 463 elegantia
441 388 578 448 sermonis
600 407 686 466 quarn
709 393 851 464 Cypriane
876 391 904 446 in
917 404 1043 478 Aquam
1057 399 1175 466 prepter
1187 395 1302 451 55515155
1313 395 1490 469 frequentius
1501 395 1684 470 uretrllegcs.
1701 396 1767 455 Edi·

105 485 251 560 primordiis
283 486 473 542 conversionis
500 485 595 544 studio
628 486 713 543 inisse
737 486 906 559 perspicitur
957 487 1774 564 tumqiridamhoccarmenjjaminitadcalccmopernm

104 598 132 636 ex
149 581 268 652 Epistola
282 581 319 636 ad
334 584 470 638 Donatum
493 581 624 654 (3151555
643 585 741 638 auctor
754 581 793 636 ait
814 579 906 638 Cirris·
956 580 1135 650 Tertulliani,
1150 582 1200 638 sed
1219 583 1303 638 nimis
1321 585 1457 640 audacem
1481 601 1510 640 se
1530 585 1773 653 exhibuit'editor,
1831 595 1833 600 '

104 683 154 730 turn
182 675 286 730 Pascha
329 675 483 732 celebrasse
519 675 622 748 quinta
652 676 732 746 rice,
763 677 791 730 et
826 677 906 731 sexta
956 673 1017 746 qui,
1035 673 1357 748 violatasaCypriauo,
1372 678 1499 750 quisquis
1513 679 1560 735 ille
1573 679 1671 747 luerit,
1686 678 1774 735 metri

103 769 191 824 obiisse
211 785 288 825 enno
310 786 355 825 xvi
379 769 494 837 Tiberii,
519 785 584 824 cum
608 787 661 841 555
688 785 777 824 unum
797 785 905 824 annum
955 769 1042 840 leges,
1057 769 1774 844 humilemqnestylnnrimpatienterterens,apus-

20 851 21 872 ¹
105 867 201 918 tantum
227 862 413 935 Evangelinm
441 865 649 920 ennuntiassel.
677 865 808 936 Systeme
834 863 904 919 illud
960 863 1055 918 551555
1068 863 1374 936 istudelegantiorihus
1388 865 1643 922 versihnsreddere
1658 871 1773 922 conatus

102 964 171 1012 retus
184 963 235 1020 cst,
252 958 328 1014 5555
343 957 481 1029 55555555
494 956 638 1014 concludit
650 973 710 1014 esse
724 974 795 1029 opus
807 963 904 1013 ancto—
958 963 1010 1012 555.
1026 957 1167 1012 Dedcrunt
1179 957 1269 1028 igitur
1285 973 1402 1030 operam
1416 959 1540 1014 51551555
1555 963 1583 1014 51
1595 959 1721 1028 555555,
1738 965 1771 1014 51

104 1051 134 1105 ris
147 1052 266 1124 antiqui.
956 1067 992 1106 ex
1012 1049 1127 1106 laudato
1142 1068 1198 1107 ms.
1220 1052 1272 1108 hoc
1286 1069 1415 1120 carmen,
1431 1053 1516 1125 rpunle
1530 1052 1566 1108 ah
1579 1059 1694 1108 auctore
1710 1068 1772 1123 pro-

20 1203 21 1224 ,
133 1147 205 1204 llllll.
226 1147 307 1202 Falso
327 1147 452 1220 denique
476 1149 503 1205 S.
525 1146 668 1220 Cypriane
689 1144 906 1216 Carthaginensi
958 1144 1019 1211 diit,
1032 1146 1287 1202 snaercstituerent
1301 1145 1470 1219 integritati.

20 1269 21 1278 ¹
105 1240 251 1313 adscriptus
272 1241 327 1298 nris
348 1240 422 1298 liber
441 1242 474 1298 de
490 1243 633 1304 Trinitate,
648 1239 697 1312 qui
718 1239 905 1295 [1555555555
1235 1241 1429 1297 sericatus
1446 1243 1495 1297 lll.

104 1331 187 1406 817
202 1335 478 1408 pseudoepiscopum
486 1337 659 1400 Romanum,
671 1334 706 1388 de
717 1349 773 1406 555
784 1331 907 1389 sectione
1012 1335 1050 1388 De
1063 1334 1227 1403 quibusdam
1238 1335 1266 1390 S.
1282 1334 1414 1406 05551555
1428 1338 1552 1406 operibus
1564 1335 1722 1407 deperditis.

105 1445 119 1483 n
136 1429 226 1483 multis
237 1429 361 1500 egimus,
376 1435 522 1486 auctorem
537 1428 632 1484 habet.
996 1428 1015 1481 1.
1040 1427 1060 1480 E
1083 1427 1221 1482 tredecim
1245 1427 1299 1483 illis
1318 1427 1455 1499 epistolis,
1470 1445 1540 1501 quas
1555 1445 1570 1484 a
1585 1429 1613 1484 S.
1630 1429 1772 1501 Cypriane

133 1523 214 1576 tvttt.
238 1525 345 1578 Praeter
366 1523 502 1596 opuscula
521 1523 582 1594 jam
605 1519 755 1589 recensita,
780 1520 907 1576 Balnzius
958 1521 1200 1592 selutpastoralis
1215 1537 1273 1575 suae
1289 1522 1441 1593 vigilantiae
1462 1527 1546 1577 testes
1565 1523 1598 1578 55
1615 1523 1774 1578 Romanum

103 1615 220 1687 proxime
248 1622 312 1688 post
332 1617 359 1673 S.
382 1617 516 1688 Cypriani
544 1615 682 1689 Epistolas
704 1613 825 1686 subjecit
849 1617 908 1669 1555
959 1614 1069 1670 clerum
1096 1615 1283 1684 transmissas,
1307 1632 1340 1670 ex
1367 1616 1494 1687 ejusdem
1524 1614 1642 1688 epistola
1664 1616 1775 1670 decima

102 1711 161 1764 alias
173 1711 250 1765 velut
266 1711 377 1778 dubias,
390 1727 511 1782 quarum
536 1709 655 1781 primam
677 1724 711 1763 ex
738 1707 850 1762 duobus
865 1723 908 1763 co-
959 1706 1057 1781 818
1071 1710 1171 1780 quarta
1190 1709 1294 1765 scimus
1315 1708 1381 1781 (35),
1405 1715 1514 1780 septem
1535 1724 1694 1780 superesse,
1710 1709 1775 1764 rell·

104 1803 202 1858 dicitius
216 1805 334 1858 vetuistis
355 1821 433 1873 5555,
446 1820 502 1858 555
524 1803 705 1859 bibliothece
726 1779 1032 1874 illustrissimquuas
1058 1801 1213 1857 desiderari
1240 1803 1282 1858 Cl.
1308 1803 1437 1858 55555555
1460 1802 1534 1857 5555
1557 1801 1774 1858 contemnendis

102 1898 205 1952 loannis
228 1897 351 1966 Bobieri‚
373 1897 463 1954 altero
485 1897 666 1954 bibliothece
690 1895 857 1953 monasterii
878 1895 907 1951 S.
959 1895 1169 1951 demonstrarit
1180 1896 1360 1967 argumentis
1375 1897 1439 1968 (335.
1455 1895 1552 1950 Ambe
1570 1911 1684 1968 quoqne
1698 1895 1772 1950 litte·

103 1991 213 2064 ltemigii
242 1991 397 2060 bernensis,
429 1992 583 2047 secundam
605 2007 639 2047 ex
662 1990 759 2047 codice
785 1989 908 2044 Finxensi
959 2006 1092 2062 ree‚quas
1110 1988 1137 2044 S.
1153 1989 1313 2062 Cyprianus
1336 1989 1372 2045 de
1396 1989 1562 2045 Felicissimi
1584 1987 1773 2055 ordinatione,

103 2085 272 2141 bibliothecae
286 2085 468 2153 Colhertinoe,
478 2101 511 2140 55
525 2085 640 2140 tertiam
662 2083 785 2156 denique
808 2099 841 2139 es
856 2083 908 2138 hac
959 2083 1142 2155 ejusdemque
1170 2100 1202 2139 ac
1226 2083 1460 2157 presbyterorum
1486 2083 1540 2155 ipsi
1566 2082 1775 2138 adherentium

104 2177 164 2232 item
177 2179 274 2233 codice
288 2177 419 2233 etaltera
432 2178 564 2234 ilamensi
578 2180 605 2233 S.
620 2177 741 2248 Remigii
758 2177 909 2248 55555555-
959 2177 1091 2233 5555555
1106 2177 1214 2233 clerium
1228 2194 1261 2233 ac
1274 2178 1410 2250 populum
1430 2193 1514 2232 sunm
1527 2177 1639 2249 pridem
1655 2175 1774 2248 scripse·

103 2275 139 2326 tas
152 2289 209 2328 esse
225 2272 360 2328 affirmat.
375 2273 468 2328 Prima
480 2272 604 2327 Cornelii
627 2285 708 2343 pupas
730 2271 848 2326 nomine
873 2271 909 2325 ud
959 2275 1013 2339 rat,
1037 2273 1066 2325 et
1085 2286 1204 2342 quarum
1226 2273 1356 2343 exempla
1377 2271 1457 2344 prius
1480 2287 1531 2344 per
1553 2270 1718 2326 Caldoninm
1743 2285 1775 2324 55

104 2365 262 2436 Cyprianum
284 2369 497 2438 555155551555
520 2364 625 2434 555555,
643 2365 693 2420 555
716 2363 789 2420 acris
813 2381 908 2436 repre·
960 2365 1146 2419 Fortunatam
1160 2365 1197 2419 ed
1212 2365 1378 2420 Cornelium
1393 2363 1775 2438 miserat,quemadmodnm

103 2460 190 2516 hensio
211 2462 318 2516 erroris
342 2459 378 2516 de
397 2459 538 2516 hereticis
559 2457 780 2530 rebaptizandis.
794 2458 907 2525 verum,
959 2457 1080 2530 ipsemet
1110 2457 1268 2530 Cyprianus
1300 2459 1329 2514 in
1355 2457 1543 2530 5551515152,
1570 2457 1639 2512 alias
1667 2459 1710 2520 ta,
1740 2455 1776 2513 ad

103 2555 203 2610 5155555
212 2556 277 2626 jam
296 2555 431 2624 diximus,
445 2571 504 2610 non
525 2553 668 2610 credimus
686 2552 908 2608 controversiam
959 2551 1092 2608 eumdem
1112 2552 1277 2608 Cornelium
1296 2551 1434 2624 loquitur,
1451 2551 1669 2608 interciderunt.
1690 2550 1776 2606 Periit

103 2647 170 2702 illam
191 2651 219 2705 S.
242 2637 408 2704 Cornelium
430 2647 506 2703 inter
530 2663 562 2702 ac
583 2647 758 2719 cyprianum
781 2661 908 2717 unquam
959 2645 1045 2699 etiam
1070 2643 1191 2718 Epistola
1217 2644 1371 2713 circularis,
1396 2661 1482 2717 quam
1503 2647 1530 2700 S.
1556 2643 1713 2716 Cyprianus
1740 2643 1775 2698 55

103 2747 199 2797 motam
221 2742 323 2812 inissa,
338 2759 431 2814 neque
450 2740 556 2796 Ruitini
579 2740 779 2796 auctoritatem
802 2739 856 2794 hac
880 2738 909 2792 in
960 2755 1060 2794 omnes
1075 2739 1236 2811 provincias
1251 2737 1470 2811 Carthaginensi
1479 2738 1629 2810 metropoli
1639 2735 1777 2808 suifraga-

103 2839 173 2905 parte
190 2836 384 2892 admittimus.
404 2835 573 2907 ipocrypha
593 2837 636 2890 est
658 2848 727 2904 crgo
757 2832 818 2888 hoec
844 2833 910 2887 Cor·
959 2849 1028 2888 neas
1049 2833 1178 2902 dederat,
1193 2835 1335 2904 quatenus
1351 2832 1386 2887 de
1401 2832 1531 2902 legitimo
1553 2830 1683 2902 ejusdem
1703 2833 1772 2886 Cor-

103 2930 161 2984 nelii
188 2930 325 3002 Epistola.
347 2930 452 2997 Altera,
482 2929 562 2999 cnjus
586 2927 733 2999 inscriptio
759 2926 821 2981 555
845 2929 907 2981 est:
960 2927 1028 2982 nelii
1044 2926 1210 2998 episcopatu
1225 2926 1302 2997 apud
1325 2941 1426 2980 omnes
1444 2927 1777 2992 5555155555555555555·

104 3024 247 3093 typrirraus
268 3024 345 3094 plebi
369 3021 530 3091 Cartlirrpini
551 3023 708 3077 consistenti
733 3026 860 3075 eremum
879 3021 909 3073 in
959 3036 1015 3091 qne
1043 3020 1150 3091 singuli
1181 3019 1317 3092 episcopi,
1349 3025 1381 3074 ut
1414 3019 1604 3078 Novatianum
1634 3016 1774 3085 detestati,

103 3119 204 3171 ltomiae
228 3118 365 3181 solntcmr
391 3133 447 3171 non
474 3115 561 3171 modo
589 3133 605 3170 5
628 3115 657 3170 S.
681 3113 813 3186 Cypriani
837 3113 909 3184 stylo
961 3114 1094 3170 Cornelio
1109 3114 1301 3170 adhaererent.
1317 3116 1358 3170 lta
1381 3112 1515 3168 discimus
1537 3130 1570 3168 ex
1592 3111 1775 3184 5555551555,

103 3211 214 3264 nimium
244 3210 353 3278 differt,
381 3210 428 3265 scd
449 3210 537 3264 etiam
561 3207 688 3278 ejusdcm
710 3213 824 3264 aetatem
850 3222 910 3262 non
960 3207 1032 3263 alias
1054 3208 1099 3274 58,
1114 3209 1152 3262 55
1167 3208 1327 3265 Cornelium.
1346 3209 1378 3264 ln
1399 3207 1518 3279 epistola
1536 3210 1579 3274 55,
1592 3205 1661 3260 alias
1681 3208 1724 3271 59,
1739 3203 1777 3258 55

103 3305 176 3375 sapit,
200 3320 266 3360 5555
296 3303 433 3359 55555555
458 3319 546 3358 sacrae
570 3303 723 3374 Scripturae
750 3300 910 3367 traditores,
960 3301 1124 3356 Cornelium
1155 3301 1190 3356 de
1217 3301 1326 3356 duabus
1357 3299 1460 3357 litteris
1490 3299 1669 3354 mentionem
1699 3297 1776 3364 lacit,

103 3397 220 3466 primurn
247 3397 301 3452 snb
327 3395 502 3451 Diocletiano
522 3399 615 3461 55155,
635 3395 738 3466 scripta
759 3393 804 3449 sit.
818 3393 912 3449 555155
962 3410 1083 3466 quarum
1104 3396 1198 3467 prima
1215 3393 1349 3451 Cornelio
1368 3393 1498 3466 proxime
1520 3394 1639 3448 miserat
1659 3389 1777 3446 nomina

102 3491 135 3544 sic
155 3491 325 3546 exorditur:
348 3492 502 3560 5555155555
529 3489 667 3544 benedicto
690 3493 714 3543 et
740 3488 913 3543 dilectissimo
962 3489 1091 3542 omniurn
1105 3488 1313 3545 catholicorum
1336 3488 1546 3560 episcoporum,
1561 3487 1609 3560 qui
1627 3489 1776 3559 Carthagi-

100 3587 200 3654 prrrenti
214 3585 336 3640 Turobio
356 3586 387 3638 ia
409 3586 523 3639 Domino
545 3588 674 3637 eternum
698 3583 834 3648 solutam,-
858 3584 913 3636 est·
963 3582 1045 3637 nensi
1067 3582 1219 3653 metropoli
1241 3580 1387 3651 55555555,
1402 3597 1435 3637 55
1458 3581 1588 3650 55551155,
1612 3584 1653 3652 55,
1670 3582 1694 3637 55
1714 3584 1777 3656 quis

102 3677 349 3748 qrreconsolatoria
371 3677 406 3732 55
429 3677 563 3732 eumdem
578 3677 612 3730 de
638 3675 715 3730 obitu
732 3674 798 3730 litiae
817 3675 913 3730 dolen·
962 3680 1066 3747 prester
1078 3675 1140 3731 illos
1162 3675 1197 3731 55
1218 3675 1313 3747 ipsum
1336 3674 1483 3742 scriberet,
1496 3674 1580 3730 sciret
1595 3675 1671 3730 hune
1685 3693 1775 3732 unum

103 3777 161 3826 trm.
176 3773 282 3828 Eadem
298 3773 360 3826 baec
373 3771 491 3844 epistola
509 3770 560 3825 sub
575 3769 689 3824 nomine
704 3769 732 3824 S.
749 3767 912 3839 Hieronymi
963 3769 999 3824 de
1021 3769 1193 3837 5555555555,
1213 3771 1257 3824 551
1281 3768 1449 3836 libellaticis,
1473 3771 1522 3824 ant
1539 3768 1680 3825 hereticis
1704 3787 1775 3826 esse.

103 3866 134 3918 nd
149 3869 292 3936 Tprrrsium
306 3865 374 3920 olim
394 3865 491 3933 venit3
507 3864 556 3918 555
575 3863 610 3918 55
626 3863 744 3918 eruditis
763 3861 816 3934 ipsi
832 3862 911 3934 peni·
962 3864 1057 3919 Altera
1077 3869 1171 3918 autem
1192 3863 1268 3918 inter
1290 3866 1392 3918 caetera
1417 3861 1501 3916 etiam
1526 3862 1670 3917 Fortunati
1695 3880 1778 3934 pseu-

102 3961 142 4012 ius
164 3959 340 4031 abjudicata,
364 3959 440 4014 inter
463 3957 643 4030 supposititia
670 3957 799 4028 ejusdem
826 3971 913 4028 opera
963 3958 1192 4029 doepiscopatum
1221 3955 1315 4012 eidam
1345 3955 1496 4011 nuntiavit.
1522 3955 1619 4010 dmbae
1649 3957 1776 4028 epistolas

101 4069 169 4108 nunc
182 4055 275 4109 relata
291 4059 341 4108 est.
356 4053 412 4108 Nec
426 4051 516 4124 magis
534 4051 614 4106 illam
635 4050 671 4105 55
694 4052 721 4106 S.
737 4049 912 4122 Cyprianum
963 4050 1177 4107 interciderunt.

103 4153 222 4203 nostrum
239 4151 369 4221 spectare
384 4145 487 4219 prohat
503 4145 567 4218 styli
588 4145 747 4200 inconcinni
767 4143 913 4198 humilitas
999 4146 1039 4200 Ex
1054 4143 1171 4217 epistola
1185 4146 1228 4213 58,
1242 4143 1310 4198 51555
1331 4143 1376 4210 51,
1394 4142 1428 4198 55
1453 4142 1568 4198 Lucium
1592 4143 1776 4200 manifestum

101 4247 125 4294 ct
136 4242 267 4298 dictionis
280 4240 449 4296 obscuritas.
962 4239 1003 4307 155,
1019 4242 1149 4294 sanetum
1169 4237 1344 4309 Cyprianum
1368 4253 1425 4292 una
1451 4250 1516 4294 cum
1540 4238 1649 4294 caeteris
1673 4239 1776 4295 5155555

130 4337 191 4391 lllll.
225 4333 382 4394 Clarissimi
413 4333 559 4390 Dunmviri
595 4332 763 4389 Edmundus
785 4333 911 4387 55551555
962 4332 1100 4405 episcopis
1123 4347 1307 4388 communem
1329 4332 1364 4387 55
1391 4331 1527 4388 eumdem
1548 4332 1666 4389 Lucium
1689 4335 1722 4390 ll.
1745 4335 1774 4388 P.

100 4430 250 4486 atili-sinus
267 4428 422 4484 Durandus
443 4428 473 4482 in
486 4427 671 4500 amplissima
686 4425 853 4482 collectione
866 4441 912 4480 ve·
962 4425 1109 4498 epistolam
1134 4424 1255 4493 dedisse,
1276 4441 1327 4496 per
1349 4442 1436 4497 qnam
1458 4428 1487 4481 at
1509 4426 1692 4498 pontificatus
1717 4427 1776 4498 api-

99 4527 185 4578 terum
199 4523 383 4595 Scriptorum
396 4525 425 4576 et
441 4522 693 4577 Mourimentornm
709 4517 1034 4589 historicoraneem,
1058 4524 1086 4574 et
1110 4519 1292 4574 confessionis
1313 4519 1434 4590 gloriam
1458 4519 1512 4591 ipsi
1536 4520 1696 4590 gratulatus
1722 4521 1775 4574 est.

99 4621 158 4684 eta,
172 4621 251 4673 torno
277 4617 319 4686 IX,
336 4617 362 4672 S.
386 4614 518 4688 Cypriani
538 4615 660 4670 Carmen
682 4613 718 4668 55
735 4612 855 4669 Felicem
876 4613 909 4668 dc
961 4615 1023 4668 llaec
1038 4613 1098 4685 ipsa
1117 4613 1202 4668 etiam
1225 4613 1410 4668 desideratur.
1424 4613 1549 4668 Tandem
1572 4613 1658 4667 etiarn
1672 4613 1777 4668 litterae

99 4713 297 4769 insurrectione
310 4715 485 4772 mulacrum,
500 4725 545 4764 cx.
567 4725 620 4763 ms.
634 4707 731 4763 codice
749 4706 911 4762 Corheiensi
961 4707 989 4763 S.
1011 4706 1144 4779 Cypriani
1166 4723 1217 4778 per
1241 4706 1392 4761 diaconum
1417 4705 1607 4776 Rogatianum
1632 4705 1778 4761 55155555-

99 4807 457 4873 5555555555005555555
473 4807 587 4858 erutum
604 4802 697 4873 prime
713 4801 908 4873 locoponunt.
960 4799 1069 4855 lienum
1096 4801 1201 4867 misses,
1229 4799 1331 4870 quihus
1355 4816 1423 4854 eum
1446 4800 1481 4855 de
1508 4799 1684 4854 dissensione
1710 4817 1775 4856 curn

100 4897 161 4961 Quis
183 4898 342 4970 Cyprianus
364 4897 450 4967 hujus
470 4895 603 4951 carminis
623 4899 721 4950 auctor
741 4893 838 4962 luerit,
859 4894 911 4948 etsi
961 4899 1109 4969 Stephano
1138 4897 1289 4952 certiorem
1316 4897 1436 4952 iaciebat
1462 4895 1717 4968 (quemadmodum
1741 4913 1776 4952 ex

98 5007 145 5060 pro
160 4991 397 5048 55515555555555
411 4989 568 5045 noluerant
579 4989 620 5044 Ct.
638 4987 762 5044 editores
774 4988 803 5043 in
820 4988 912 5043 obser·
962 4991 1079 5065 epistola
1093 4990 1245 5046 l'irmiliani
1256 4991 1292 5045 55
1307 4991 1480 5062 Cyprianum
1494 4993 1527 5046 75
1540 4989 1670 5062 5555555),
1685 4989 1774 5046 55155-

99 5085 206 5140 ratione
228 5084 345 5158 praevia,
369 5085 476 5156 negant
501 5085 596 5138 155555
622 5081 691 5139 51155
714 5081 910 5137 ascribendum
961 5085 1101 5141 ciderunt.

99 5194 154 5233 esse
170 5178 359 5234 celeberrimo
376 5177 415 5233 illi
426 5176 647 5249 Carthaginensi
657 5177 789 5248 episcopo
801 5176 829 5229 ct
839 5189 911 5230 mar·
997 5179 1030 5234 11.
1061 5179 1177 5234 Pontius
1205 5179 1344 5234 Diaconos
1378 5179 1625 5234 enumerationem
1657 5179 1776 5252 scripto·

99 5273 157 5342 tyri,
183 5275 243 5327 tam
272 5275 390 5343 propter
418 5270 578 5326 orationem
612 5269 697 5325 nimis
727 5269 910 5335 salebrosum,
962 5287 1027 5327 rum
1060 5274 1087 5328 S.
1115 5272 1251 5345 Cypriani
1283 5273 1360 5329 hisce
1393 5272 1535 5328 concludit
1567 5273 1660 5328 verbis
1692 5273 1776 5345 (3551

127 5398 174 5461 (51)
196 5397 231 5448 Ut
255 5395 398 5446 barbaries
422 5399 521 5460 555551,
545 5396 631 5460 prima
656 5394 786 5460 periodus
810 5394 913 5445 555555-
962 5406 1084 5454 mentam
1099 5413 1178 5451 suam
1196 5401 1372 5464 explicasset,

98 5465 182 5517 bonde
203 5471 267 5518 est:
294 5483 308 5515 e
331 5467 419 5517 515115
443 5466 556 5530 quidem
578 5479 633 5516 non
656 5465 766 5517 modico
789 5468 913 5529 tempore
994 5473 1042 5535 (35)
1067 5471 1208 5537 Cypriam,
1233 5485 1276 5536 55.
1309 5470 1423 5534 lt,aliis
1449 5471 1479 5520 15
1502 5471 1592 5534 5115,
1614 5469 1649 5523 55
1672 5471 1777 5522 clerum

100 5541 168 5588 anxii
183 5551 293 5596 sunaus,
306 5543 334 5589 et
347 5541 505 5598 aestuantes,
517 5551 571 5586 non
586 5539 644 5602 jam
655 5535 847 5598 saecularibus,
863 5535 913 5587 sed
964 5546 1128 5597 Romanum,

101 5611 165 5658 etin
190 5609 297 5660 sanctis
319 5613 347 5658 51
372 5609 474 5658 divinis
495 5607 641 5671 seripturis
665 5611 820 5672 querentes
837 5609 913 5658 inve·
996 5616 1173 5679 5335515555,
1190 5614 1217 5664 in
1237 5614 1287 5662 Vis,
1312 5613 1440 5676 Cypriae,
1454 5627 1472 5674 1,
1489 5613 1506 5677 g
1523 5614 1547 5675 9,
1569 5627 1630 5679 pag.
1651 5612 1690 5672 55,
1712 5609 1776 5661 edit.

101 5681 164 5744 nire,
178 5681 314 5746 quidnam
330 5681 365 5731 sit
388 5682 509 5744 primum
530 5679 594 5741 diei,
612 5693 667 5730 non
682 5680 787 5730 mensis
808 5681 837 5729 in
858 5692 913 5744 quo
964 5687 1088 5746 venem,
1103 5687 1173 5736 1758,

102 5765 192 5802 mense
213 5755 385 5816 praeceptum
409 5755 451 5802 est
472 5750 575 5801 ludaeis
598 5751 627 5800 55
648 5751 766 5816 AEgypto
790 5751 820 5801 ts
840 5751 914 5800 lunae
995 5759 1043 5822 534)
1059 5759 1183 5822 pontius,
1196 5757 1226 5810 in
1244 5757 1302 5808 Vtra
1317 5757 1343 5808 s,
1362 5755 1500 5820 Cypriani,
1516 5754 1613 5820 pege.

103 5821 242 5874 comedere
257 5821 400 5874 Pascha.»
421 5823 581 5886 Numquam
597 5821 753 5886 Cyprianus
776 5834 808 5872 55
830 5821 914 5872 modo
