4076 6190
189 269 221 322 07
844 253 877 314 D.
894 250 1075 316 babucum
1094 251 1223 314 MARANl
1579 205 1584 219 =
1834 259 1867 317 68

192 389 370 447 simillimum
387 387 417 441 in
428 383 531 442 eodem
550 383 691 452 delapsis
712 381 786 438 libro
802 381 929 436 mulieris
942 382 1177 453 cujusdemque,
1194 397 1259 436 otim
1280 401 1294 432 α
1308 397 1401 437 arcam
1422 397 1514 451 suam,
1530 382 1560 437 in
1577 399 1633 455 qua
1655 382 1768 440 Domini
1784 400 1867 440 sanc·

188 485 249 535 tum
265 479 326 545 luit,
343 476 474 532 manibus
487 472 613 545 indignis
624 477 763 528 tentasset
775 471 897 544 aperire,
911 471 979 542 igne
991 469 1057 526 inde
1072 474 1206 540 surgente
1223 469 1358 526 deterrita
1371 476 1413 525 est
1426 487 1462 526 ne
1478 471 1598 528 auderet
1610 473 1765 542 attingere.
1781 495 1794 524 a

346 621 399 675 XV.
420 650 454 660 -··
474 635 497 674 S.
518 633 639 674 curulum
659 631 803 674 SENTENTIA
821 631 854 671 DE
873 629 1030 682 secutarem,
1050 630 1085 669 DE
1106 630 1273 672 uuaottouto
1294 631 1324 670 ET
1340 631 1519 672 ruvoctrtotts
1539 631 1711 673 sinerentur.

225 727 431 784 Eucharistiam
453 741 555 782 verum
569 741 629 780 esse
643 741 674 779 ac
695 724 811 796 proprie
826 722 934 778 dictum
956 721 1125 776 sacrilicium
1138 722 1301 778 testimonio
1314 739 1365 779 suo
1388 723 1540 778 confirmat
1558 724 1724 795 Cyprianus.
1742 743 1756 775 a
1774 723 1868 777 Domi·

189 818 261 874 nicae
284 815 384 873 hostiae
406 816 559 871 raritatem
573 837 587 864 »
603 813 799 869 schismaticos
812 833 826 862 c
843 828 894 882 per
915 811 983 866 lelsa
995 811 1128 866 sacrificia
1143 811 1292 882 profanare
1309 833 1323 862 »
1342 809 1382 866 ait
1399 813 1428 866 in
1449 811 1522 866 libro
1536 812 1571 867 de
1587 815 1660 868 Ussit.
1676 813 1774 870 Euclea.
1791 813 1869 882 (pag.

188 906 264 976 200).
279 907 350 961 Vera
373 904 419 960 illa
433 903 526 960 hostia
545 919 630 974 quam
644 903 799 973 Cyprianus
819 900 916 956 oflerri
931 901 1078 957 contendit
1091 901 1119 955 in
1133 901 1190 956 sola
1203 900 1336 967 Ecclesia,
1350 901 1410 973 ipse
1431 901 1558 956 Christus
1575 905 1617 956 cst
1636 901 1666 955 in
1685 900 1767 956 altari
1784 900 1870 955 modo

189 995 339 1050 incruento
353 992 528 1048 immolatus.
544 1013 558 1042 a
570 993 648 1048 lesus
668 991 797 1048 Christus
811 991 946 1046 Dominus
959 993 988 1044 et
1000 992 1073 1045 Deua
1086 991 1192 1057 noster,
1206 990 1300 1060 inquit
1317 991 1367 1062 Ep.
1381 1007 1446 1046 artu
1458 989 1496 1061 (p.
1513 989 1585 1060 109),
1600 989 1661 1062 ipsc
1684 994 1728 1044 est
1740 1005 1871 1044 summus

190 1083 323 1139 sacerdos
350 1082 401 1138 Dei
429 1081 529 1148 Patris,
550 1086 580 1136 ct
603 1080 774 1137 sacrilicium
798 1080 921 1152 seipsum
948 1079 1058 1150 primus
1079 1078 1191 1147 obtulit,
1215 1083 1244 1134 et
1270 1079 1325 1134 hoc
1352 1077 1414 1134 lieri
1443 1078 1472 1133 in
1495 1079 1538 1134 sni
1565 1077 1872 1134 commemorationem

190 1173 369 1244 praecepit.»
390 1173 461 1228 Cum
484 1187 554 1241 ergo
576 1170 678 1225 eadem
700 1169 815 1226 victima
836 1185 899 1241 quaa
922 1167 952 1222 iu
975 1183 1059 1224 cruce
1084 1167 1176 1223 oblata
1197 1171 1249 1235 est,
1265 1166 1401 1222 offeratur
1421 1167 1451 1220 iu
1472 1168 1565 1235 altari,
1581 1183 1640 1223 non
1663 1166 1809 1221 immerito
1832 1165 1874 1220 ait

189 1261 373 1333 Cyprianus:
391 1281 405 1309 c
426 1257 522 1314 Paisio
538 1265 581 1314 est
602 1259 717 1314 Domini
738 1257 909 1314 sacrificium
928 1256 1005 1328 quod
1028 1256 1175 1311 offerimus
1199 1277 1223 1310 a.
1241 1257 1330 1326 Negat
1351 1255 1381 1310 in
1396 1255 1501 1312 eadem
1524 1256 1642 1326 epistola
1665 1275 1678 1308 a
1703 1255 1872 1310 sacrificium

191 1350 372 1406 Dominicum
392 1348 523 1420 legitima
539 1346 762 1402 sanctificatione
776 1346 926 1413 celebrari,
941 1345 995 1400 nisi
1011 1345 1114 1400 oblatio
1130 1348 1159 1399 et
1179 1342 1349 1400 sacrificium
1364 1349 1492 1399 nostrum
1508 1343 1688 1416 responderit
1708 1344 1840 1415 passioni.
1859 1363 1873 1394 a

191 1439 324 1497 Sacrificii
347 1438 492 1494 aChristo
507 1437 630 1492 instituti
654 1437 803 1491 veritatem
823 1435 892 1492 inde
906 1433 993 1489 etiam
1015 1433 1199 1501 demonstrat,
1216 1434 1292 1504 quod
1316 1432 1494 1488 asaccrdote
1512 1432 1716 1488 Melchisedech
1737 1432 1874 1503 preliga-

191 1532 286 1582 ratum
300 1527 397 1582 suerit.
417 1547 430 1575 a
446 1527 516 1580 ltem
539 1525 569 1579 in
583 1525 729 1581 sacerdote
748 1522 964 1590 Melchisedech,
978 1523 1074 1593 inquit
1087 1522 1126 1594 (p.
1142 1521 1215 1592 toa),
1230 1522 1362 1578 sacrificii
1385 1521 1522 1578 Dominici
1544 1526 1753 1577 sacramentum
1776 1519 1873 1593 praeli·

193 1621 329 1688 guratum
354 1616 493 1682 videmus,
511 1615 668 1671 secundnm
693 1614 768 1686 quod
787 1613 931 1684 Scriptura
954 1611 1047 1667 divina
1067 1615 1187 1666 testatur
1209 1616 1237 1666 et
1251 1611 1338 1666 dicit:
1358 1615 1394 1667 Et
1415 1611 1614 1673 Melchisedech.
1627 1627 1677 1666 rea
1696 1612 1796 1673 Solen,
1809 1625 1872 1680 pro·

193 1707 257 1761 tulit
270 1719 369 1776 ponem
382 1711 408 1760 et
426 1706 531 1758 vinam.
548 1703 612 1758 Fuit
623 1707 720 1758 antem
738 1703 869 1758 sacerdos
884 1700 931 1755 Dei
944 1701 1060 1770 summi,
1079 1706 1107 1755 et
1125 1699 1276 1755 benedixit
1286 1699 1441 1755 Abraham.
1458 1699 1538 1764 Quod
1558 1702 1655 1754 autem
1670 1698 1876 1755 Melchisedech

192 1798 292 1865 typum
317 1791 419 1847 Christi
441 1795 568 1862 portaret
581 1790 709 1846 declarat
731 1789 760 1845 in
775 1790 896 1846 Psalmis
909 1790 1031 1862 Spiritus
1053 1793 1166 1845 sanctus
1181 1806 1215 1844 ex
1231 1805 1354 1860 persona
1377 1788 1467 1844 Patris
1489 1788 1526 1843 ad
1549 1789 1650 1843 Filium
1667 1788 1764 1844 dicens
1781 1810 1786 1842 :
1802 1788 1875 1844 Ante

194 1884 336 1950 luciferam
359 1884 441 1951 penui
455 1887 490 1936 te.
509 1882 548 1934 lb
569 1894 596 1934 es
617 1880 742 1934 sacerdos
762 1881 794 1934 in
808 1885 940 1935 aternum
955 1881 1103 1936 seeundum
1121 1880 1241 1934 ordinem
1265 1879 1464 1935 Melchisedech.
1483 1877 1537 1943 Qui
1559 1878 1630 1932 ordo
1652 1876 1752 1948 utique
1766 1876 1812 1931 hic
1834 1883 1875 1931 est

194 1971 229 2026 de
252 1967 389 2025 sacrificio
405 1966 454 2022 illo
477 1965 594 2022 veniens
610 1969 640 2021 st
655 1965 722 2021 inde
737 1965 913 2022 descendens
936 1967 1013 2040 quod
1033 1967 1237 2023 Melchisedech
1250 1966 1380 2022 sacerdos
1393 1965 1443 2021 Dei
1466 1965 1570 2021 summi
1590 1965 1656 2035 fuit,
1670 1965 1747 2038 quod
1772 1981 1875 2036 panem

194 2063 224 2114 et
242 2057 340 2112 vinum
357 2055 469 2122 obtulit,
483 2055 557 2126 quod
582 2054 727 2109 Abraham
743 2055 899 2111 benedixit.
916 2057 988 2111 Nam
1004 2056 1067 2128 quis
1081 2055 1174 2127 magis
1186 2054 1318 2110 sacerdos
1333 2053 1383 2110 Dei
1401 2054 1509 2109 summi
1524 2069 1610 2125 quam
1633 2054 1768 2108 Dominus
1780 2059 1876 2108 noster

193 2148 275 2202 lesus
299 2145 438 2211 Christus,
456 2143 505 2214 qui
521 2142 688 2197 sacrificium
708 2145 765 2199 Deo
786 2143 860 2198 Patri
883 2143 1047 2212 obtulit3et
1070 2144 1173 2200 obtulit
1193 2144 1246 2199 hoc
1259 2142 1338 2198 idem
1360 2143 1437 2215 quod
1458 2140 1662 2197 Melchisedech
1682 2141 1832 2210 obtulerat,
1847 2141 1874 2196 id

196 2238 239 2289 est
251 2249 357 2306 panem
370 2236 399 2287 et
413 2231 522 2298 vinnm,
535 2247 617 2286 suum
633 2231 741 2288 scilicet
751 2247 854 2303 corpus
867 2237 896 2288 et
909 2233 1102 2304 sanguinem?
1118 2253 1131 2285 s

229 2321 402 2380 Sacrificium
424 2321 623 2394 provisorum
646 2325 674 2376 ct
687 2325 866 2376 mortuorum
888 2321 1012 2394 pcccatis
1033 2321 1162 2377 offertur.
1177 2320 1248 2376 Hinc
1271 2320 1401 2392 queritur
1412 2319 1570 2392 Cyprianus
1583 2319 1613 2374 in
1634 2318 1706 2376 libro
1728 2319 1761 2373 de
1782 2319 1876 2388 lapsis

195 2415 232 2484 (p.
251 2412 322 2483 tat),
338 2410 415 2483 quod
430 2410 576 2481 lapsorum
600 2409 745 2465 nonnullis
759 2411 926 2465 communio
941 2410 1007 2466 data
1028 2411 1065 2464 sit
1079 2431 1093 2460 a
1110 2413 1176 2465 ante
1189 2415 1342 2482 purgatam
1363 2409 1566 2464 conscientiam
1587 2407 1726 2464 sacrificio
1740 2412 1769 2462 et
1788 2421 1874 2461 manu

192 2499 354 2568 sacerdotis,
367 2503 433 2554 ante
448 2496 586 2553 offensam
608 2498 747 2569 placatam
769 2498 951 2569 indignantis
966 2500 1079 2555 Domini
1104 2502 1134 2554 et
1154 2499 1300 2554 minantis.
1316 2521 1330 2549 a
1345 2498 1510 2570 Cyprianus,
1525 2497 1555 2552 in
1570 2497 1691 2568 Epistola
1713 2513 1747 2552 ax
1761 2497 1798 2552 od
1819 2499 1875 2566 cpi·

191 2603 283 2660 scopos
303 2588 447 2654 Numidas,
464 2589 585 2642 testatur
600 2602 630 2640 se
643 2585 822 2657 singulorum
835 2587 884 2658 qui
898 2588 933 2643 ad
948 2587 1176 2660 redemptionem
1198 2587 1375 2658 captivorum
1399 2589 1531 2658 prompte
1546 2603 1579 2642 ac
1594 2585 1748 2642 liberaliter
1767 2584 1875 2656 operati

193 2683 270 2745 sunt,
286 2676 406 2731 nomina
421 2675 589 2741 subdidisse,
603 2680 635 2730 ut
651 2689 699 2730 eos
712 2674 836 2746 episcopi
848 2675 878 2729 in
893 2678 989 2732 mente
1004 2676 1138 2742 habeant,
1149 2677 1180 2730 in
1194 2675 1370 2730 orationibus
1385 2675 1452 2744 suis,
1466 2693 1480 2727 a
1495 2679 1525 2730 et
1541 2675 1581 2730 eis
1593 2675 1683 2730 vicem
1695 2674 1766 2730 boni
1780 2674 1875 2745 operis

191 2766 222 2822 in
245 2764 391 2821 sacrillciis
403 2767 432 2820 et
453 2763 586 2835 precibus
600 2767 817 2834 repraesentent.
830 2784 845 2814 a
868 2764 949 2829 Quod
962 2768 1071 2836 spectat
1086 2764 1123 2819 ad
1138 2769 1276 2831 mortuos,
1292 2765 1443 2836 egregium
1467 2765 1665 2820 testimonium
1681 2763 1831 2830 habemus,
1844 2764 1874 2818 in

193 2857 244 2927 Ep.
262 2871 333 2923 axvi,
347 2855 384 2909 ud
405 2854 505 2908 clerum
518 2856 543 2908 et
555 2851 658 2922 plebem
671 2851 772 2908 Farris
792 2855 986 2908 musistentem.
1002 2855 1204 2908 antecessores
1224 2854 1356 2925 Cypriani
1371 2851 1533 2909 statuerant
1552 2869 1589 2908 ne
1605 2855 1668 2924 quis
1689 2853 1776 2908 trater
1788 2869 1873 2908 exce·

195 2943 267 2998 dens
289 2943 324 2998 ad
340 2943 460 2998 tutelam
474 2940 518 2995 rol
541 2955 638 2995 curam
652 2939 788 2996 clericum
804 2940 983 3008 nominaret;
1000 2957 1034 2996 ac
1055 2941 1076 2996 si
1091 2941 1220 3013 quiahoc
1241 2942 1364 3010 fecisset,
1380 2959 1439 2997 non
1453 2941 1605 2997 offerretur
1618 2957 1668 3014 pro
1681 2956 1714 2996 eo
1736 2957 1773 2996 ne
1786 2941 1873 2996 sacri-

191 3031 287 3087 ficium
309 3045 362 3102 pro
378 3027 548 3086 dormitione
564 3029 625 3099 ejus
644 3028 845 3086 celebraretur.
862 3031 960 3101 Neque
984 3029 1061 3086 enim
1076 3032 1152 3102 apud
1169 3032 1258 3087 altare
1279 3031 1329 3086 Dei
1344 3036 1470 3088 meretur
1488 3030 1629 3085 nominari
1649 3031 1678 3084 in
1692 3030 1872 3085 sacerdotum

192 3136 287 3194 prece,
302 3119 350 3190 qui
371 3118 406 3173 ab
429 3118 512 3174 altari
525 3119 686 3174 sacerdotes
700 3123 730 3174 et
742 3118 887 3174 ministros
908 3119 998 3176 voluit
1019 3135 1147 3176 evocare.
1163 3121 1367 3187 Quamobrem,
1382 3135 1447 3174 cnm
1468 3121 1562 3174 Victor·
1575 3119 1689 3190 quidam
1711 3119 1873 3174 Geminium

194 3207 359 3264 Faustinum
382 3207 581 3278 presbyterum
593 3222 678 3261 ausus
693 3213 766 3262 essct
779 3211 904 3264 tutorem
927 3209 1111 3277 constituere,
1127 3217 1203 3267 vetat
1216 3211 1375 3283 Cyprianus
1396 3225 1432 3264 ne
1448 3230 1462 3260 a
1486 3224 1538 3280 pro
1552 3208 1729 3263 dormitione
1741 3209 1802 3279 ejus
1822 3209 1876 3263 fiat

194 3297 308 3365 oblatio,
323 3299 371 3350 aut
391 3294 553 3366 deprecatio
569 3293 663 3365 aliqua
680 3295 797 3352 nomine
813 3296 873 3367 ejus
885 3298 915 3352 in
939 3298 1063 3354 Ecclesia
1075 3298 1282 3371 frequentetur.
1298 3319 1313 3349 a
1331 3299 1444 3353 Frustra
1459 3296 1606 3352 contendit
1627 3298 1726 3352 auctor
1739 3295 1874 3352 editionis

194 3383 364 3440 oxoniensis
383 3401 397 3435 c
423 3383 482 3438 bac
495 3383 524 3438 in
546 3382 623 3449 fidei,
639 3383 701 3454 spei
718 3390 747 3440 et
760 3383 906 3441 charitatis
928 3391 1074 3457 tesseram,
1088 3403 1148 3443 non
1170 3389 1311 3444 antemio
1329 3387 1492 3443 animarum
1513 3385 1679 3455 subsidium,
1694 3392 1745 3442 aut
1764 3401 1873 3458 purga·

194 3472 261 3528 torii
282 3471 357 3544 ignis
371 3471 520 3526 ardoribus
541 3471 724 3526 metuentium
749 3473 930 3545 refrigerium
946 3477 1070 3546 praestita
1092 3477 1191 3546 fuisse,
1205 3477 1273 3548 quia
1295 3477 1357 3530 brec
1379 3475 1414 3530 ad
1438 3481 1577 3546 martyres
1598 3473 1739 3544 imprimis
1762 3477 1873 3544 specta-

193 3561 274 3616 bant.
297 3581 311 3612 »
342 3560 416 3615 Nihil
440 3560 500 3631 agit
525 3561 577 3614 boc
604 3563 764 3631 martyrum
791 3565 955 3636 exemplum
980 3583 987 3620 ε
1010 3582 1069 3622 non
1097 3565 1270 3622 offerebatur
1290 3564 1461 3620 sacrificium
1484 3579 1535 3634 pro
1558 3564 1680 3635 peccatis
1701 3566 1872 3635 martyrum,

195 3649 301 3723 quippe
314 3664 379 3704 cum
393 3647 525 3703 omnibns
548 3648 728 3718 exploratum
745 3656 819 3706 esset
833 3668 879 3707 eos
901 3654 930 3708 in
946 3653 1015 3709 coelo
1030 3655 1117 3708 Deum
1134 3655 1241 3710 videre.
1255 3652 1450 3718 Quamobrem
1466 3668 1524 3706 non
1538 3651 1641 3706 eodem
1653 3651 1715 3706 loco
1739 3652 1872 3706 nomina-

195 3737 303 3794 bantur
315 3753 348 3792 ac
361 3737 408 3791 alii
422 3737 450 3791 in
465 3735 595 3792 Ecclesia
608 3753 678 3808 pace
692 3739 798 3794 mortui
810 3757 816 3795 :
830 3743 860 3795 et
869 3741 946 3813 quod
959 3743 1001 3797 ait
1011 3729 1167 3814 Cyprianus
1180 3743 1209 3798 in
1223 3744 1274 3814 Ep.
1285 3758 1377 3809 xrxrr,
1389 3741 1527 3798 sacrificia
1541 3757 1593 3811 pro
1604 3739 1659 3794 illis
1673 3739 1769 3795 ollerri
1781 3739 1872 3808 solita,

194 3825 222 3882 id
244 3827 306 3898 ipse
322 3825 481 3897 Cyprianus
504 3825 624 3896 explicat
637 3826 667 3880 in
692 3828 742 3898 Ep.
757 3844 861 3896 xrrvu,
877 3829 926 3884 ubi
949 3831 989 3885 ait
1011 3829 1168 3886 oblationes
1190 3835 1219 3886 et
1240 3831 1376 3887 sacrificia
1397 3827 1720 3885 «commemorationes
1743 3843 1843 3882 eorum
1857 3849 1871 3879 >r

192 3915 340 3972 celebrari.
354 3914 416 3971 Alia
437 3913 577 3970 fuitratio
601 3915 788 3972 morientium
810 3919 841 3973 in
863 3918 994 3974 Ecclesia
1017 3933 1097 3991 pace.
1115 3921 1167 3974 Pro
1191 3937 1291 3976 eorum
1307 3918 1431 3991 pcccatis
1451 3917 1619 3973 sacrificium
1641 3917 1825 3986 offerebatur,
1842 3919 1874 3972 ut

192 4004 289 4060 ridere
305 4008 347 4061 est
365 4003 395 4060 in
417 4002 536 4075 liturgia
557 4020 622 4074 quae
642 4008 733 4062 exstat
755 4007 805 4063 lib.
819 4025 866 4062 vm
881 4008 1025 4065 Constitui.
1039 4011 1150 4080 Apost„
1166 4025 1228 4080 cap.
1242 4011 1287 4076 ιι,
1301 4007 1350 4064 ubi
1373 4007 1435 4062 bac
1458 4007 1616 4078 leguntur:
1633 4027 1647 4056 a
1668 4007 1720 4060 Pro
1740 4005 1874 4061 fratribus

193 4093 297 4149 nostris
320 4093 414 4172 quiin
437 4091 547 4148 Christo
569 4093 773 4164 requieverunt
796 4111 920 4166 oremus,
936 4102 967 4153 nt
991 4099 1142 4154 homiuum
1156 4115 1256 4154 amans
1279 4098 1362 4164 Deus,
1378 4096 1427 4168 qui
1446 4096 1572 4151 animam
1593 4095 1720 4152 defuncti
1739 4096 1873 4168 suscepit,

195 4186 222 4241 ei
244 4185 373 4242 remittat
394 4202 478 4242 omne
499 4191 648 4258 peccatum
669 4189 860 4246 voluntarium
874 4207 906 4246 ac
928 4207 987 4246 non
1001 4191 1207 4255 voluntarium,
1224 4191 1252 4244 st
1274 4185 1416 4258 propitius
1434 4185 1619 4256 clemensque
1643 4185 1733 4240 iactus
1754 4183 1875 4241 collocet

194 4289 260 4330 euru
275 4274 304 4328 in
318 4274 437 4346 regione
450 4275 574 4345 piorum,
590 4279 644 4332 etc.
662 4297 676 4326 a

230 4363 284 4418 Nec
308 4362 414 4418 mirum
442 4379 510 4418 sane
534 4369 575 4419 est
602 4365 625 4419 si
650 4369 760 4420 veteres
784 4367 935 4424 Christiani
956 4367 1089 4425 fidelibus
1112 4367 1252 4426 defunctis
1279 4363 1445 4420 sacrificium
1473 4364 1658 4434 profuturnm
1682 4360 1837 4435 sperabant
1863 4379 1872 4431 ;

193 4451 300 4525 quippe
313 4467 377 4506 cnm
391 4467 562 4524 persuasum
575 4454 706 4510 omnibus
718 4458 806 4528 atque
820 4458 997 4530 exploratum
1018 4462 1092 4515 esset
1101 4460 1246 4531 Justcrum
1261 4455 1372 4512 animas
1385 4470 1449 4526 qua
1464 4469 1479 4509 e
1492 4467 1611 4525 corpore
1623 4454 1771 4509 solvuntur
1791 4457 1871 4509 aute-

194 4557 281 4616 quam
305 4543 420 4612 paccata
440 4541 538 4596 omnia
560 4543 745 4614 expiaverint,
761 4546 851 4616 pranis
874 4547 948 4602 allici
973 4547 1003 4602 in
1022 4548 1112 4603 altera
1135 4548 1192 4602 vita
1214 4560 1373 4616 eorumque
1393 4542 1599 4599 beatitudinem
1622 4542 1738 4598 differri.
1754 4543 1823 4598 llinc
1838 4543 1873 4598 iis

192 4629 341 4686 metuebat
353 4629 444 4686 clerus
457 4631 600 4686 Romanus
616 4631 667 4704 qui
686 4637 752 4688 ante
767 4640 893 4692 exactam
907 4637 1104 4708 paenitentiam
1122 4637 1329 4704 moriebantur,
1344 4655 1358 4685 «
1373 4636 1429 4690 Deo
1449 4635 1565 4703 sciente,
1583 4633 1675 4706 inquit
1696 4633 1783 4704 Epist.
1796 4649 1871 4703 xxxi,

194 4719 263 4792 quid
277 4720 312 4775 de
334 4718 440 4774 talibus
460 4719 555 4788 iaciat,
572 4725 601 4775 et
614 4720 739 4792 qualitor
755 4723 858 4793 judicii
869 4726 912 4781 sui
926 4728 1050 4798 pondera
1064 4729 1220 4784 examinet.
1236 4747 1250 4777 a
1268 4723 1412 4796 Ejusmodi
1432 4722 1564 4778 homines
1587 4727 1734 4795 comparat
1754 4723 1871 4794 Cypria-

193 4823 248 4862 nus
270 4823 338 4862 cum
359 4807 395 4863 iis
408 4807 457 4879 qui
477 4807 532 4863 rita
554 4823 605 4881 pro
620 4809 732 4866 Christo
754 4812 872 4883 profusa
894 4818 945 4870 aut
965 4817 1066 4873 saltem
1088 4822 1183 4872 sancte
1206 4818 1303 4870 exacta
1324 4812 1497 4868 moriuntur.
1516 4832 1530 4860 u
1553 4811 1636 4866 alind
1657 4813 1709 4880 est,
1725 4809 1821 4883 inquit
1842 4811 1872 4866 in

193 4895 282 4966 Epist.
295 4910 331 4950 mr
351 4896 390 4967 (p.
404 4894 461 4965 ιι),
482 4895 519 4951 sd
541 4896 654 4953 veniam
672 4901 757 4969 stare,
771 4900 848 4957 alind
870 4901 906 4957 ad
924 4903 1044 4974 gloriam
1065 4905 1234 4976 pervenire;
1254 4900 1332 4957 alind
1357 4900 1477 4956 missum
1499 4899 1529 4954 in
1550 4913 1690 4954 carcerem
1712 4915 1771 4954 non
1793 4899 1872 4954 exire

193 4984 261 5041 inde
274 4984 365 5040 donec
387 4985 478 5040 solvat
490 4985 678 5042 novissimum
699 4987 898 5063 quadrantem,
910 4992 986 5048 alind
1000 4992 1097 5048 statim
1120 4991 1188 5048 fldei
1207 4997 1236 5048 et
1256 4990 1368 5046 virtutis
1386 4989 1514 5061 accipere
1529 4987 1712 5054 mercedem3
1726 4987 1804 5042 alind
1820 5003 1872 5059 pro

194 5073 318 5146 peccatis
339 5072 425 5143 longo
438 5071 539 5130 dolore
553 5073 710 5131 cruciatum
723 5079 876 5136 emundari
899 5083 929 5136 ει
942 5082 1060 5154 pnrgari
1072 5083 1121 5138 diu
1135 5081 1212 5152 igne,
1229 5079 1306 5136 alind
1319 5084 1436 5152 peccata
1449 5079 1546 5134 omnia
1566 5077 1695 5148 passione
1708 5088 1846 5149 purgasse
1864 5093 1871 5132 ι

196 5160 275 5216 alind
297 5159 421 5233 denique
440 5157 567 5232 pendere
579 5161 609 5216 in
622 5161 698 5218 diem
709 5163 811 5234 judicii
828 5169 863 5224 ad
877 5169 1049 5226 sententiam
1062 5169 1183 5240 Domini,
1198 5169 1276 5224 aliud
1296 5168 1392 5224 statim
1407 5167 1556 5223 aDomino
1574 5166 1717 5222 coronari.
1732 5187 1747 5216 a
1762 5165 1874 5221 inutilis

196 5262 313 5321 prorsus
326 5248 441 5320 Rigaltii
456 5245 601 5321 69-70
615 5253 644 5305 ει
657 5251 772 5308 editoris
786 5254 953 5313 oxoniensis
962 5257 1044 5313 labor
1056 5259 1086 5314 in
1101 5258 1157 5313 hoc
1169 5256 1330 5313 testimonio
1342 5254 1494 5312 eludendo.
1506 5256 1586 5310 llunc
1599 5269 1743 5310 carcerem
1755 5259 1783 5310 et
1791 5254 1875 5326 longi

195 5335 302 5392 doloris
323 5335 481 5392 cruciatum
496 5341 525 5392 et
542 5337 639 5407 ignem
661 5339 709 5394 diu
722 5349 892 5413 purgantem
914 5344 1086 5417 detorquent
1106 5345 1143 5401 ad
1158 5343 1351 5416 poenitentiam
1373 5343 1460 5415 lapsis
1474 5342 1584 5415 imponi
1605 5342 1715 5398 solitam
1735 5357 1752 5398 a
1776 5355 1873 5398 sacer-

83 5495 84 5498 *
195 5423 320 5481 dotibus.
333 5423 389 5480 Sed
405 5428 434 5479 ιι
454 5423 527 5480 lllud
543 5425 641 5481 saltem
661 5426 744 5483 fateri
756 5429 863 5488 debent
882 5449 914 5490 er
927 5435 1060 5506 Cypriani
1079 5435 1175 5490 verbis
1196 5433 1340 5506 consequi,
1353 5433 1525 5504 temporales
1544 5447 1641 5505 poenas
1653 5432 1687 5488 iis
1708 5433 1873 5503 persolven-

194 5510 246 5569 das
258 5527 406 5583 superesse
418 5511 522 5584 quibus
536 5509 664 5569 remissie
677 5521 744 5571 sunt
757 5520 883 5576 aterna.
897 5525 927 5577 2⁰
940 5522 972 5578 Si
982 5523 1156 5594 paenitentia
1175 5522 1287 5578 labores
1300 5521 1459 5594 Cyprianus
1474 5520 1617 5590 describit,
1632 5521 1723 5577 multo
1737 5521 1766 5577 id
1781 5523 1875 5594 magis

193 5597 230 5658 iis
257 5600 393 5672 congruit
415 5599 464 5672 qui
490 5603 557 5656 ante
581 5607 712 5660 exactum
734 5606 909 5677 poenitentias
931 5626 1045 5666 cursum
1071 5611 1245 5668 moriuntur.
1269 5611 1357 5666 Nemo
1383 5609 1463 5668 enim
1483 5611 1559 5666 hanc
1580 5611 1746 5682 opinionem
1757 5611 1875 5684 altinget

195 5689 349 5761 Cypriane,
364 5689 506 5760 ejusmodi
527 5690 661 5748 homines
681 5709 742 5748 non
761 5695 798 5750 ad
819 5696 930 5753 reniam
947 5703 1031 5767 stare,
1045 5699 1096 5754 sed
1116 5701 1152 5755 ad
1176 5699 1287 5756 veniam
1310 5700 1475 5772 pervenire3
1492 5717 1548 5756 non
1566 5700 1640 5756 mitti
1662 5701 1692 5756 iu
1715 5717 1873 5770 carcerem,

192 5775 285 5837 donec
297 5779 407 5836 salsam
427 5779 615 5838 novissimum
632 5780 828 5858 quadrantem,
842 5786 993 5844 sedetiam
1012 5785 1080 5846 fidei
1101 5794 1131 5847 et
1148 5789 1260 5848 virtutis
1273 5789 1400 5863 accipere
1414 5789 1594 5860 mercedem
1609 5807 1666 5846 non
1683 5791 1874 5866 propeccatis
