4076 6190
103 283 130 338 t'o'
854 282 1045 340 charano.
1745 279 1779 334 16

101 403 228 458 medicina
247 403 393 476 proficere,
418 403 461 460 sic
483 404 568 460 etiam
591 405 653 478 ipse
678 405 817 471 medicus,
834 407 993 477 intercepta
1015 403 1194 476 poenitentia,
1214 402 1346 473 indulget
1362 401 1505 476 periculis,
1526 402 1549 456 si
1570 403 1771 459 tantummodo

103 493 183 564 operit
203 493 312 560 vulnus,
333 509 387 548 nec
408 493 477 548 sinit
491 493 651 550 necessaria
666 495 806 567 temporis
827 495 954 551 remedia
974 493 1116 550 obducere
1136 489 1315 547 cicatricem?
1332 493 1390 547 lloc
1409 507 1468 548 non
1485 495 1528 546 est
1542 505 1653 557 curare,
1672 490 1733 561 sed,
1750 507 1777 562 si

102 579 182 635 dicere
206 597 303 636 rerum
326 581 469 650 volumus,
490 583 630 638 occidero.
653 604 667 634 »
682 584 771 638 Tanta
793 583 849 638 fuit
869 585 923 638 hac
945 584 973 638 iu
996 600 1026 640 re
1048 581 1180 654 Cypriani
1202 579 1368 646 constantia,
1391 581 1422 634 ut
1444 579 1514 634 nihil
1537 593 1603 634 eum
1625 577 1772 636 inflectere

102 669 214 740 potuerit
226 686 233 722 :
247 685 303 724 nun
320 676 482 741 martyrum
495 670 581 726 libelli
600 670 705 743 quibus
717 675 815 727 tamen
836 689 892 726 uon
911 687 1013 742 parum
1032 667 1185 736 tribuebat,
1202 684 1258 724 non
1273 667 1427 722 imminens
1441 683 1458 721 a
1470 667 1587 722 nefariis
1600 668 1775 740 presbyteris

101 757 256 828 periculum,
270 773 328 813 non
338 759 466 814 excitatas
479 759 514 813 ab
526 759 595 831 ipsis
609 759 770 828 seditiones,
780 775 846 816 cum
858 761 887 815 in
901 759 1047 816 nonnullis
1060 757 1211 832 provincia
1222 754 1362 830 45-46
1375 757 1605 828 Carthaginensis
1616 757 1774 813 civitatibus

101 845 213 916 impetus
231 847 260 901 in
280 847 447 919 praepositos
466 863 519 920 per
539 847 753 904 multitudinem
775 849 863 905 factus
884 852 965 918 esset,
990 865 1023 904 ac
1043 847 1217 920 carthagine
1238 846 1357 918 quidam
1377 844 1533 901 turbulenti
1553 861 1604 918 per
1626 847 1774 918 epistolam

102 936 282 990 confessorum
295 935 374 992 velut
386 935 556 1008 quibusdam
573 936 682 994 facibus
695 938 815 1008 accensi,
827 939 891 1010 plns
901 938 1087 994 exardescere
1100 942 1131 994 et
1145 951 1243 1009 pacem
1257 935 1310 990 sibi
1323 935 1420 990 datam
1429 937 1599 1007 extorquere
1613 935 1773 1006 coepissent.

102 1023 127 1078 la
146 1040 179 1078 eo
200 1025 322 1096 perstitit
345 1025 375 1081 S.
397 1027 501 1097 llartyr
522 1027 596 1097 quod
619 1031 685 1082 anto
707 1027 879 1096 decreverat,
900 1032 931 1083 ut
952 1044 997 1082 res
1020 1027 1055 1083 ad
1080 1027 1233 1084 concilium
1254 1023 1366 1096 integra
1390 1027 1567 1093 servaretnr3
1588 1027 1617 1078 et
1639 1039 1734 1079 arcere
1758 1040 1775 1079 a

103 1113 293 1170 communione
307 1129 358 1168 sua
371 1131 428 1170 non
443 1115 590 1185 dubitavit,
606 1116 706 1188 siquis
720 1121 786 1172 ante
799 1117 870 1174 illud
884 1124 997 1190 tempus
1010 1133 1075 1172 cum
1089 1117 1173 1189 lapsis
1189 1131 1275 1171 ausus
1289 1117 1364 1170 osset
1376 1113 1601 1170 communicare.

132 1231 183 1284 Nec
206 1236 301 1286 tamen
331 1231 504 1302 Cypriacam
533 1231 752 1288 existimandum
781 1237 824 1290 est
845 1235 922 1306 justo
949 1233 1122 1290 severiorem
1149 1233 1247 1288 fuisse.
1272 1231 1347 1287 Nihil
1368 1246 1402 1286 eo
1429 1230 1522 1285 lenius
1550 1229 1618 1298 fuit,
1642 1227 1715 1285 nihil
1740 1229 1775 1284 ad

103 1317 302 1389 indulgentiam
318 1319 480 1388 proclivius.
495 1320 617 1390 Operam
635 1320 720 1376 dabat
740 1327 772 1378 ut
792 1339 845 1378 nec
864 1323 981 1379 acerbus
1002 1328 1050 1379 aut
1068 1322 1157 1378 durrus
1177 1329 1227 1379 aut
1249 1323 1276 1377 ιιι
1297 1319 1434 1376 fratribus
1455 1319 1583 1376 fovendis
1603 1319 1776 1375 inhumanus

103 1407 245 1474 rideretur,
260 1423 311 1463 nec
324 1407 428 1462 iterum
442 1409 551 1464 solutus
565 1412 639 1464 esset
653 1425 686 1465 ac
702 1409 791 1466 facilis
806 1412 843 1466 ad
858 1414 1148 1469 communicationem
1163 1417 1273 1467 temere
1287 1408 1451 1464 laxandam.
1465 1407 1561 1480 Lapsis
1582 1409 1631 1480 qui
1651 1407 1687 1463 ad
1707 1423 1775 1462 eum

105 1500 207 1551 orantes
224 1498 397 1568 scripserant
411 1517 426 1548 ιι
439 1513 470 1552 se
487 1499 622 1554 delictum
644 1515 728 1554 suum
747 1516 920 1572 cognoscere
938 1507 965 1558 et
979 1501 1177 1574 poenitentiam
1197 1516 1292 1555 reram
1314 1513 1409 1569 agere,
1427 1514 1478 1552 nec
1495 1496 1532 1552 ad
1552 1513 1653 1568 par-em
1669 1501 1776 1553 temere

103 1589 145 1638 aut
158 1585 321 1656 importune
340 1601 506 1656 properare,
524 1609 538 1637 ιι
558 1603 701 1643 summam
719 1589 929 1646 humanitatem
944 1591 1083 1648 exhibuit.
1104 1611 1118 1641 ιι
1138 1588 1244 1654 Quibus
1264 1591 1404 1659 qnantum
1425 1586 1582 1657 gratulatus
1600 1586 1664 1656 sim,
1683 1584 1778 1658 inquit

104 1675 156 1744 (Ep.
171 1675 268 1743 xxvii),
284 1674 420 1730 Dominus
432 1676 510 1730 testis
525 1679 577 1744 est,
591 1677 641 1749 qni
656 1677 789 1749 dignatus
801 1682 845 1734 est
857 1679 1008 1736 ostendere
1023 1679 1091 1751 quid
1107 1676 1247 1748 ejusmodi
1263 1681 1292 1732 et
1306 1675 1375 1731 tales
1388 1675 1461 1729 servi
1475 1673 1509 1730 de
1524 1675 1584 1746 ejus
1599 1674 1776 1746 benignitate

104 1769 269 1818 mereantur.
283 1785 298 1814 ιι
312 1763 456 1834 Praecipue
469 1780 535 1819 vero
548 1765 650 1821 enituit
662 1767 765 1822 lenitas
786 1769 921 1839 Cypriani
934 1785 1010 1836 crim,
1027 1769 1151 1822 instante
1164 1765 1234 1821 Galli
1249 1768 1276 1820 et
1290 1762 1434 1819 Volusiani
1453 1762 1659 1834 persecutione,
1676 1778 1776 1817 omues

104 1852 210 1908 omnino
225 1853 333 1908 milites
347 1853 463 1921 Christi,
476 1855 525 1924 qni
543 1869 624 1908 arma
637 1855 839 1912 desiderabant
855 1861 885 1912 et
902 1858 1033 1928 pralium
1053 1854 1233 1927 flagitabant,
1250 1853 1324 1908 intra
1338 1855 1429 1907 eastra
1444 1850 1591 1907 flaminica
1611 1850 1735 1922 collegit,
1749 1852 1778 1906 et

102 1957 158 1996 cnm
169 1941 231 1997 aliis
243 1943 397 2013 episcopiis
409 1944 520 1998 censuit
534 1943 575 1999 eis
588 1944 637 2016 qui
651 1943 687 1999 de
701 1945 948 2002 Ecclesia-Domini
964 1962 1023 2000 non
1039 1947 1220 2011 recesserant,
1236 1941 1286 1997 sed
1302 1940 1502 2014 paenitentiam
1519 1953 1605 2011 agere
1621 1942 1649 1994 et
1666 1938 1776 1994 lamen·

102 2031 147 2084 lari
156 2047 185 2085 ac
195 2031 349 2087 nominum
360 2031 507 2103 deprecari
518 2047 534 2086 a
545 2033 638 2103 primo
652 2034 746 2104 lapsus
759 2035 802 2088 sni
823 2035 867 2090 die
882 2051 939 2090 non
953 2035 1133 2101 destiterant,
1145 2047 1242 2104 pacem
1257 2028 1382 2085 dandam
1396 2045 1466 2084 osse.
1479 2027 1636 2084 benitatem
1646 2043 1725 2082 suam
1738 2027 1778 2081 sic

102 2119 152 2188 ipse
169 2119 303 2175 describit
322 2119 353 2174 in
375 2120 462 2191 Epist.
484 2135 518 2174 ιι
539 2137 546 2174 :
564 2141 579 2171 ιι
598 2122 670 2193 Opto
690 2139 800 2190 omues,
817 2125 923 2195 inquit,
943 2123 973 2179 in
990 2122 1143 2180 Ecclesiam
1164 2109 1286 2191 regredi,
1308 2122 1376 2189 opto
1400 2117 1547 2173 universos
1568 2117 1778 2172 commilitones

103 2213 201 2262 nostros
215 2208 292 2263 iutra
312 2207 415 2264 Christi
432 2213 525 2265 castra
540 2215 570 2265 et
587 2211 637 2266 Dei
656 2213 747 2267 Patris
765 2211 908 2268 domicilia
928 2214 1076 2268 concludi:
1092 2211 1207 2267 remitto
1227 2209 1333 2275 omnia,
1355 2207 1447 2262 multa
1470 2205 1616 2260 dissimulo
1636 2203 1729 2260 studio
1749 2212 1778 2260 et

103 2303 158 2349 rota
172 2295 342 2368 colligendae
354 2296 556 2366 fratemitatis;
572 2299 659 2354 etiam
674 2316 740 2371 qua
759 2301 788 2355 ιιι
804 2303 894 2356 Deum
909 2303 1059 2358 commissa
1076 2306 1151 2368 sunt,
1170 2314 1228 2354 non
1244 2297 1327 2369 pleno
1345 2295 1454 2367 judicio
1474 2294 1618 2366 religionis
1632 2293 1776 2362 examino,

103 2383 202 2439 delictis
224 2385 376 2456 plusquam
397 2389 513 2456 oportet
531 2387 711 2443 remittendis
732 2405 805 2460 pene
824 2391 885 2462 ipse
905 2391 1039 2463 delinquo
1055 2414 1061 2444 :
1077 2390 1236 2461 amplector
1249 2389 1383 2458 prompta
1397 2388 1428 2440 et
1439 2385 1525 2457 plena
1541 2383 1695 2440 dilectione
1711 2398 1777 2438 cum

102 2474 258 2544 paenitentia
273 2477 449 2531 revertentes
462 2480 607 2546 paccatum
622 2493 705 2532 suum
721 2479 914 2536 satisfactione
928 2481 1030 2536 humili
1043 2486 1070 2535 et
1083 2477 1205 2550 simplici
1218 2475 1396 2532 confitentes.
1411 2497 1425 2525 ιι

132 2591 194 2644 Tota
209 2589 345 2662 Cypriani
364 2596 393 2646 et
413 2589 517 2661 agendi
536 2596 565 2646 et
584 2592 826 2649 disserendiratio
847 2595 1027 2651 commissam
1046 2612 1062 2650 a
1079 2594 1192 2653 Christo
1213 2593 1352 2665 episcopis
1370 2590 1456 2647 fuisse
1474 2591 1584 2662 ligandi
1605 2594 1634 2645 et
1653 2589 1778 2646 solvendi

103 2683 263 2748 potestatem
278 2682 407 2746 testatur,
422 2682 451 2733 et
469 2679 498 2733 in
518 2679 572 2735 hoc
588 2681 696 2752 J'udicio
710 2687 819 2754 quanta
831 2685 867 2740 sit
881 2683 1041 2741 adhibenda
1059 2685 1152 2740 cautio
1167 2689 1195 2739 et
1210 2682 1298 2738 animi
1314 2681 1436 2754 provisio
1451 2680 1628 2735 demonstrat
1644 2696 1651 2734 ι
1668 2679 1726 2748 sed,
1741 2695 1779 2734 ns

103 2766 169 2821 illius
181 2767 254 2826 dicta
269 2768 405 2822 nonnulla
420 2766 448 2820 in
463 2766 636 2824 deteriorem
652 2773 764 2842 partem
777 2771 938 2844 rapiantur,
955 2789 988 2828 ca
1002 2773 1128 2829 breviter
1141 2772 1281 2846 explicare
1296 2770 1429 2826 conabor.
1443 2769 1489 2828 lit
1503 2772 1530 2825 S.
1545 2769 1649 2841 llurtyr
1663 2768 1692 2824 ιιι
1705 2768 1778 2825 111)ιο

104 2855 203 2912 deflui.
217 2859 295 2925 Virg.
311 2857 352 2928 (p.
368 2856 440 2926 173),
457 2879 470 2907 ιι
485 2858 562 2927 quod
575 2860 654 2914 nulla
667 2862 702 2916 sil
715 2865 796 2918 rania
813 2863 887 2917 ultra
900 2862 1066 2934 delinquere
1080 2869 1233 2935 postquam
1248 2862 1336 2915 Deum
1357 2875 1439 2915 nosse
1459 2859 1585 2932 caepisti,
1601 2859 1655 2912 ιιιι
1669 2857 1739 2913 libro
1752 2873 1780 2912 111

106 2947 202 2999 Testim.
221 2949 256 3012 (c.
274 2947 317 3011 18,
332 2961 360 3016 p.
375 2945 438 3014 att)
455 2963 461 2999 :
481 2967 494 2995 ιι
510 2945 570 3000 Non
590 2963 672 3018 posse
687 2950 716 3002 in
731 2950 851 3005 Ecclesia
867 2951 975 3005 remitti
990 2953 1015 3005 ei
1035 2950 1084 3022 qni
1103 2951 1132 3005 in
1152 2950 1242 3005 Deum
1262 2947 1422 3019 deliquerit,
1438 2968 1452 2997 ιι
1469 2945 1554 3018 idque
1568 2947 1669 3018 probat
1685 2963 1719 3001 ex
1738 2947 1781 3002 his

104 3033 184 3087 serbis
195 3034 205 3088 1
218 3036 296 3103 fleg..
312 3049 338 3089 c.
352 3049 372 3089 ιι
387 3051 393 3088 z
411 3055 424 3083 ιι
438 3033 469 3090 8ι
488 3035 667 3106 delinquendo
684 3043 772 3107 peccet
785 3041 828 3095 cir
844 3039 971 3096 adamatis
984 3042 1082 3103 virum,
1098 3040 1215 3095 orabunt
1226 3052 1277 3110 pro
1291 3051 1319 3093 eo
1333 3038 1486 3092 Dominum.
1501 3034 1532 3091 Sa
1550 3040 1639 3090 cutem
1650 3037 1682 3089 ιη
1696 3035 1780 3090 Deim

102 3127 180 3192 pccoet
194 3123 281 3185 homo,
297 3124 359 3192 quis
382 3124 472 3178 orabit
485 3139 535 3194 pro
556 3127 605 3180 co?
625 3147 638 3176 ιι
661 3125 716 3181 Sed
738 3143 818 3183 suram
841 3128 902 3200 ipse
919 3128 1090 3184 sententiam
1110 3127 1201 3183 nitide
1222 3125 1343 3198 exponit
1363 3125 1393 3180 in
1409 3123 1482 3179 libro
1498 3124 1531 3180 dc
1554 3125 1666 3180 Ecbcrt.
1685 3124 1779 3194 iterra,

106 3211 136 3282 lp.
148 3211 206 3278 nol,
220 3226 246 3266 c.
260 3209 301 3282 ι),
315 3211 365 3266 ubi
379 3211 455 3266 idem
473 3212 671 3268 testimoninm
690 3215 772 3284 citat;
794 3233 886 3290 neque
906 3233 938 3273 ex
954 3234 988 3273 eo
1009 3215 1110 3288 probat
1132 3219 1248 3288 peccata
1268 3215 1404 3271 inlisum
1427 3212 1579 3269 commissa
1597 3211 1703 3268 dimitti
1723 3228 1781 3268 uon

23 3369 28 3376 ⁵
104 3313 183 3368 posse,
198 3299 248 3354 sed
271 3306 383 3356 tantum
399 3321 413 3350 ιι
429 3317 486 3356 ιιοιι
505 3302 587 3358 facilc
605 3303 751 3374 ignoscere
772 3307 860 3361 ileum
879 3306 1044 3362 idololatris.
1060 3328 1074 3357 ιι
1089 3305 1162 3361 Nihil
1177 3321 1246 3376 ergo
1260 3303 1295 3359 de
1316 3302 1427 3374 ligandi
1442 3304 1471 3356 et
1487 3301 1613 3358 solvendi
1628 3303 1778 3372 potestate,

105 3387 166 3442 nihil
180 3387 213 3443 de
224 3389 334 3460 judicio
347 3388 529 3444 sacerdotum
543 3389 680 3458 detrahit;
693 3393 741 3447 sed
757 3395 839 3450 certis
853 3393 1023 3467 quibusdam
1036 3395 1148 3466 legibus
1157 3392 1268 3465 judices
1283 3391 1424 3464 astringit,
1441 3391 1480 3446 ita
1501 3395 1533 3444 nt
1554 3406 1613 3446 uon
1635 3389 1780 3446 dimittant

103 3493 160 3547 que
172 3495 230 3533 non
244 3477 327 3533 facile
342 3495 359 3533 a
372 3480 428 3533 Deo
441 3479 633 3535 dimittuntur.
646 3481 725 3552 ilinc,
736 3497 801 3537 cum
814 3483 989 3539 schismatici
1004 3483 1179 3555 paenitentia
1193 3498 1265 3537 ontis
1280 3480 1365 3551 lapsis
1380 3480 1550 3547 eximerent,
1563 3480 1602 3535 sic
1616 3495 1663 3535 eos
1676 3479 1781 3536 refellit

103 3565 127 3619 in
141 3566 208 3622 libro
226 3567 261 3622 de
276 3565 372 3638 Lepsia
387 3569 427 3640 (p.
446 3569 504 3637 186)
522 3585 529 3623 :
546 3590 559 3618 ιι
575 3569 664 3623 Nemo
683 3587 712 3625 se
731 3572 818 3641 fallat,
835 3589 920 3628 inemo
939 3587 969 3628 se
985 3572 1117 3644 decipiat,
1136 3571 1209 3626 solus
1230 3570 1365 3626 Dominus
1387 3569 1516 3625 misereri
1536 3573 1651 3641 polest:
1668 3569 1779 3624 reniam

102 3657 211 3725 peccatis
226 3671 293 3728 quae
309 3655 339 3710 in
358 3657 453 3728 ipsum
473 3657 623 3712 commissa
636 3663 711 3728 suut,
725 3662 800 3716 sotus
815 3665 908 3734 potest
921 3661 966 3717 ille
981 3659 1080 3733 largiri
1095 3659 1144 3732 qui
1158 3663 1273 3730 peccata
1288 3664 1386 3713 nostra
1404 3659 1536 3729 portarit,
1553 3659 1603 3730 qni
1623 3674 1674 3729 pro
1695 3657 1779 3714 nobis

103 3743 191 3812 doluit,
201 3759 293 3816 quem
307 3745 381 3800 Deus
393 3745 510 3802 tradidit
522 3747 704 3818 propeccatis
718 3750 829 3804 nostris.
841 3751 930 3805 Homo
941 3751 998 3806 Deo
1013 3765 1073 3805 esse
1086 3766 1142 3804 non
1156 3753 1249 3821 potest
1259 3747 1351 3819 major
1364 3764 1370 3801 :
1384 3763 1435 3802 uec
1447 3749 1592 3802 remutare
1604 3751 1655 3802 aut
1667 3746 1775 3802 donare

103 3831 275 3903 indulgentia
294 3851 345 3890 sua
363 3850 459 3890 servus
479 3841 579 3907 potest,
595 3837 671 3909 quod
691 3839 719 3892 in
738 3838 888 3894 Dominum
901 3839 1005 3895 delicto
1017 3837 1146 3909 graviore
1160 3836 1342 3892 commissum
1358 3841 1408 3905 est,
1425 3851 1461 3890 ne
1474 3835 1568 3891 adhuc
1582 3836 1659 3906 lapso
1676 3842 1704 3890 et
1724 3836 1778 3890 hoe

103 3923 207 3977 accedat
217 3924 254 3977 ad
269 3923 386 3991 crimen,
399 3924 421 3978 si
434 3924 543 3979 nesciat
553 3941 615 3980 esse
628 3927 796 3998 praedictum
812 3944 818 3983 :
831 3929 992 3986 llfatcdictus
1004 3927 1080 3983 bomo
1094 3931 1141 3998 qui
1155 3942 1229 3998 spem
1241 3925 1321 3980 babet
1334 3926 1363 3978 iu
1378 3925 1492 3980 homine.
1505 3925 1643 3980 Dominus
1654 3923 1777 3980 orandus

104 4014 148 4072 est,
167 4013 305 4068 Dominus
322 4017 418 4068 nostra
438 4014 627 4070 satisfactione
648 4017 801 4087 placandus
819 4021 870 4084 est,
890 4017 939 4087 qui
960 4021 1114 4088 negantem
1136 4029 1241 4084 negare
1263 4028 1292 4067 se
1311 4011 1392 4080 dixit,
1408 4013 1457 4083 qui
1478 4029 1564 4067 omne
1581 4012 1722 4084 judicium
1741 4013 1778 4068 de

104 4099 176 4156 Patre
191 4103 270 4157 solus
284 4103 399 4173 accepit.
418 4123 431 4152 ιι
453 4101 700 4167 Quemadmodum
715 4105 767 4160 hoc
785 4103 815 4160 in
831 4106 892 4159 loco
907 4104 1062 4176 Cyprianus
1081 4108 1221 4174 martyres
1240 4101 1397 4174 plurimum
1418 4117 1499 4172 posse
1518 4102 1594 4172 apud
1611 4103 1700 4157 iterim
1720 4118 1777 4157 nou

105 4194 192 4260 negat,
216 4190 269 4244 sed
291 4189 319 4245 in
341 4190 444 4245 libellis
468 4207 539 4262 qnos
563 4191 632 4246 darc
655 4192 795 4260 solebant,
818 4193 934 4248 modum
956 4192 1111 4264 quemdam
1134 4195 1162 4246 et
1186 4191 1328 4245 delectum
1354 4189 1489 4261 requirit;
1512 4190 1552 4244 ita
1575 4207 1640 4244 eam
1665 4194 1776 4246 tanturn

104 4282 269 4348 potestatem
281 4279 406 4350 exagitat
419 4295 504 4352 quam
518 4281 572 4336 sihi
585 4281 685 4336 nefarii
701 4281 854 4354 presbyteri
868 4298 920 4352 per
938 4283 979 4336 fas
996 4287 1024 4336 et
1040 4279 1117 4335 nefas
1134 4278 1317 4351 arrogabant.
1333 4282 1367 4334 at
1382 4277 1431 4334 nbi
1445 4280 1615 4351 praescriptae
1629 4296 1646 4335 a
1660 4280 1773 4338 Christo

105 4369 129 4420 ct
140 4369 260 4424 Ecclesia
274 4370 350 4440 leges
362 4375 519 4440 servantur,
536 4373 598 4425 tum
619 4386 683 4425 vero
697 4371 854 4442 Cyprianus
873 4377 967 4424 ratum
986 4369 1061 4441 apud
1079 4371 1169 4424 Derim
1185 4369 1245 4423 lieri
1265 4367 1344 4422 docel
1368 4367 1518 4422 sacerdotis
1533 4368 1686 4439 judicium.
1703 4369 1773 4424 ilinc

105 4455 186 4527 lapsos
201 4457 332 4512 hortatum
344 4457 373 4512 in
386 4457 461 4513 libro
475 4459 507 4514 dc
523 4461 615 4530 bopsts
627 4461 666 4531 (p.
681 4461 751 4530 191),
768 4464 797 4514 ut
815 4463 930 4531 peccata
944 4459 1135 4514 confiteantur
1148 4480 1162 4509 ιι
1176 4457 1246 4512 dium
1266 4455 1417 4511 satisfactio
1436 4459 1465 4510 et
1481 4457 1611 4512 remissio
1632 4459 1706 4513 facta
1725 4473 1777 4529 per

106 4546 259 4601 sacerdotes
271 4545 347 4618 apud
361 4545 449 4601 Deum
465 4551 544 4618 grata
557 4551 609 4602 est.
626 4569 639 4598 ι
655 4548 741 4603 Docet
753 4548 807 4603 sub
824 4549 910 4604 tinem
929 4549 1057 4620 ejusdem
1075 4547 1141 4603 libri
1161 4548 1248 4603 licum
1264 4567 1279 4595 ιι
1293 4545 1451 4618 poenitenti,
1467 4548 1604 4618 operanti,
1620 4550 1743 4622 roganti,
1759 4571 1774 4599 ιι

106 4649 177 4703 posse
193 4656 206 4685 ιι
220 4636 378 4690 clementer
396 4635 552 4706 ignoscere,
564 4640 593 4691 et
606 4637 636 4691 in
655 4641 800 4707 acceptum
821 4639 927 4694 referre
941 4637 1078 4709 quidquid
1093 4652 1145 4707 pro
1159 4635 1260 4689 talibus
1275 4637 1303 4689 et
1317 4633 1451 4706 petierint
1467 4639 1605 4706 martyres
1618 4639 1647 4690 et
1658 4634 1778 4690 fecerint

106 4723 256 4780 sacerdotes
271 4745 296 4777 ιι.
312 4723 368 4778 flac
381 4739 430 4794 spe
446 4723 577 4794 conlisus,
591 4741 657 4780 cum
670 4725 740 4796 lapsi
753 4723 876 4781 instante
890 4743 963 4786 nova
976 4723 1171 4796 persecutione
1186 4721 1343 4794 plurimum
1356 4720 1464 4775 ardoris
1479 4722 1513 4775 ad
1528 4738 1656 4793 pugnam
1673 4737 1732 4792 prae
1746 4739 1775 4778 se

106 4811 215 4880 ferrent,
228 4811 427 4883 praescriptum
442 4811 495 4867 illis
508 4813 682 4885 paenitentias
697 4819 811 4885 tempus
825 4813 979 4880 imminuit,
994 4830 1026 4868 ac
1042 4813 1119 4867 nefas
1136 4826 1196 4865 esse
1211 4810 1293 4864 duxit
1306 4808 1471 4880 (Epist-mv,
1486 4824 1516 4881 p.
1529 4811 1574 4880 77)
1590 4828 1604 4861 ιι
1620 4809 1776 4866 Ecclesiam

106 4899 275 4970 pulsantibus
287 4899 388 4968 claudi,
404 4901 520 4972 quando
532 4903 691 4974 permiserit
705 4903 765 4974 ipse
781 4903 830 4974 qni
843 4903 935 4974 legem
948 4901 1027 4957 dedit
1040 4908 1071 4956 ut
1084 4901 1170 4972 ligata
1182 4899 1211 4953 in
1227 4898 1309 4953 terris
1325 4897 1411 4952 etiam
1426 4897 1454 4951 in
1474 4895 1549 4951 coelis
1567 4896 1653 4968 ligata
1668 4905 1776 4972 essent,

107 4989 167 5044 solu
181 4995 279 5045 autem
295 4993 410 5060 possent
423 4987 479 5045 illic
492 5007 557 5062 quae
572 4991 617 5046 hic
636 4992 714 5063 prius
727 4992 756 5046 iu
773 4991 893 5046 Ecclesia
907 4991 1092 5046 solverentur.
1108 5012 1121 5040 »

137 5097 165 5150 ln
180 5098 309 5152 eamdem
322 5097 495 5152 sententiam
509 5097 597 5170 accipi
612 5099 697 5155 debet
709 5100 784 5171 quod
799 5100 839 5155 ait
854 5097 1031 5155 Eirmilianus
1043 5099 1120 5170 (pag.
1139 5098 1211 5168 ιιι),
1222 5096 1342 5152 concilia
1354 5093 1475 5166 siugulis
1484 5095 1565 5150 suuis
1577 5095 1685 5166 haberi,
1696 5101 1729 5152 ut
1742 5097 1777 5153 ds

107 5183 181 5239 rebus
196 5185 312 5256 majoris
327 5185 466 5242 momenti
480 5187 555 5242 inter
567 5205 596 5244 se
609 5189 734 5262 episcopi
748 5188 915 5256 deliberent,
930 5205 963 5244 ac
977 5208 991 5240 ιι
1005 5187 1089 5260 lapsis
1102 5203 1215 5260 quoque
1227 5185 1362 5240 fratribus
1377 5191 1406 5239 et
1419 5191 1482 5257 post
1495 5186 1637 5240 lavacrum
1651 5187 1776 5243 salutaro

108 5287 122 5325 a
133 5273 242 5330 diabolo
253 5275 407 5331 vulneratis
420 5293 473 5348 per
481 5277 682 5348 poenitentiam
692 5277 804 5334 medela
814 5283 975 5349 quaeratur3
986 5292 1042 5331 nou
1054 5277 1161 5347 quasia
1171 5273 1262 5337 nobis,
1272 5274 1375 5345 iuquit,
1386 5274 1584 5330 remissionem
1595 5280 1777 5345 peccatoram

107 5370 318 5436 consequantur,
343 5365 394 5420 sed
416 5371 446 5422 ut
469 5381 521 5440 per
541 5383 593 5423 nos
614 5368 649 5423 ad
671 5367 892 5440 intelligentiam
914 5366 1084 5422 delictorum
1104 5381 1220 5420 suorum
1243 5366 1455 5430 convertantur,
1477 5365 1507 5416 et
1528 5364 1646 5418 Domino
1669 5363 1778 5434 plenius

108 5451 263 5508 satisfacere
276 5459 427 5526 cogantur.
440 5477 454 5506 ιι
467 5455 525 5509 ιιοιι
540 5459 627 5527 negat
642 5461 754 5512 sauctus
765 5457 872 5513 Praesut
881 5459 1050 5529 potestatem
1064 5453 1224 5510 dimittendi
1236 5456 1360 5524 paccata,
1373 5467 1457 5522 quam
1472 5452 1501 5507 in
1516 5452 1567 5506 hac
1580 5454 1641 5523 ipsa
1653 5452 1779 5524 Epistola

110 5541 143 5608 lp.
158 5541 218 5612 tta)
233 5543 284 5596 soli
300 5543 426 5599 Ecclesia
440 5543 585 5600 catholicae
599 5544 737 5614 vindicat;
753 5547 802 5602 sed
814 5545 907 5601 uerbis
920 5545 1004 5600 modo
1018 5544 1108 5598 allatis
1122 5543 1234 5598 videtur
1245 5543 1336 5598 inesse
1351 5540 1468 5613 quidam
1481 5542 1595 5596 aculeus
1609 5541 1638 5598 in
1653 5541 1775 5613 Stepha-

111 5643 183 5699 num,
198 5647 285 5702 quem
299 5632 479 5689 Eirmilianus
496 5634 630 5690 credebat
644 5636 707 5706 plus
721 5652 806 5708 aequo
827 5641 856 5692 et
874 5635 1012 5691 ministris
1033 5641 1062 5690 et
1081 5635 1151 5690 ritus
1167 5632 1314 5688 exterioris
1334 5631 1526 5688 observationi
1548 5631 1681 5699 tribuere,
1696 5630 1779 5702 quasi

112 5721 347 5796 aeramentorum
365 5721 499 5779 effectum
514 5740 551 5778 ne
571 5724 672 5779 haeresi
693 5724 808 5797 quidem
828 5724 1001 5797 interpellari
1016 5725 1160 5780 statueret.
1178 5720 1259 5785 Quod
1274 5737 1339 5776 eum
1355 5737 1435 5776 secus
1447 5718 1591 5774 rideretur
1605 5717 1778 5788 Eirmiliano,
1887 5753 1888 5756 =

113 5813 192 5884 negat
200 5807 362 5866 hominibus
372 5827 536 5868 concessam
546 5828 606 5869 esse
619 5817 649 5867 ut
658 5816 771 5886 peccata
780 5813 816 5869 ad
826 5813 974 5870 arbitrium
985 5827 1068 5868 snum
1079 5811 1237 5867 dimittant.
1249 5811 1310 5864 Non
1320 5808 1442 5864 absimili
1452 5809 1593 5866 sententia
1603 5807 1739 5882 Origenes
1749 5806 1780 5866 in
