4076 6190
224 253 259 310 33
361 237 365 244 ’
974 245 1160 308 censano.
1353 199 1358 206 ¹
1873 247 1907 309 33

223 395 290 436 cum
303 377 449 448 fratribus,
463 395 517 451 per
533 379 671 436 33113133
681 379 771 451 pacis,
786 378 1069 436 333133131133333
1084 377 1292 451 promissionis3
1307 377 1407 435 nonde
1418 381 1549 438 materno
1563 377 1645 436 utare
1658 396 1755 439 rursus
1767 380 1906 453 ejiciendi,

224 468 317 524 sedin
328 472 450 540 paterno
461 469 572 524 semine
583 469 758 541 agnoscendi
771 485 778 525 :
790 470 813 524 si
828 473 925 526 antem
936 469 966 523 in
977 467 1121 524 discordia
1128 471 1322 540 perseverent,
1335 469 1372 523 ed
1381 469 1506 524 ismaelis
1515 469 1672 524 turriculum
1687 470 1879 541 pertinebunt.
1892 493 1906 522 e

223 559 371 614 Immerito
385 575 456 631 ergo
476 557 637 630 Cyprianus
656 563 684 612 et
701 557 881 614 Eirmilianus
899 559 1094 614 existimaruat
1112 557 1290 628 Stephanum
1309 557 1410 612 haeresi
1428 558 1514 615 veluti
1529 573 1638 629 sponsas
1656 558 1726 614 111133
1744 547 1909 628 attribuere,

222 662 290 702 cum
305 647 439 703 heresim
453 647 543 703 vetuti
555 647 687 702 ancillam
707 663 808 719 parere
828 647 939 716 dixerit,
955 652 987 703 ut
1005 663 1077 719 quos
1097 647 1159 718 ipse
1177 647 1298 719 peperit,
1314 646 1345 702 hi
1364 646 1400 702 eb
1420 646 1557 717 Ecclesia,
1569 664 1634 719 qure
1652 647 1715 704 3313
1735 653 1778 706 331
1793 665 1907 721 sponsa,

222 737 428 808 suscipiantur.
443 737 505 792 1133
516 735 638 792 absimili
648 736 793 792 sententie
807 736 921 792 videtur
932 739 1113 809 peccatorum
1123 735 1326 794 remissionem
1339 737 1369 792 io
1382 737 1524 808 baptismo
1539 737 1736 794 hereticorum
1748 737 1907 810 agnovisse.

221 825 478 889 Quemadmodum
491 825 569 880 cuim
583 823 724 896 ejusmodi
738 824 898 898 baptismus
912 825 1051 882 benonim
1063 825 1162 892 babet,
1176 828 1207 880 ut
1221 841 1294 898 quos
1304 825 1418 898 peperit
1430 826 1535 882 ancilla
1546 825 1584 881 31
1593 843 1725 899 sponsam
1737 829 1906 900 pertineant,

221 930 292 970 cum
307 914 344 969 31
357 913 482 970 Ecclesia
496 915 709 986 suscipiuntur;
725 914 774 983 sic,
788 916 918 986 quamvis
932 921 1048 987 peccata
1062 931 1119 970 nou
1134 914 1262 970 dimittet
1279 915 1309 970 in
1333 914 1436 971 haeresi
1453 913 1644 984 manentibus,
1660 914 1690 970 id
1709 919 1803 972 13333
1823 917 1907 986 valet,

221 1011 256 1058 ut
269 1001 419 1077 33·34
432 1003 618 1061 redeuntibus
630 1005 667 1060 31
684 1004 838 1060 Ecclesiam
854 1004 1044 1062 dimittantur.
1059 1005 1089 1061 11
1101 1004 1218 1076 egregie
1227 1003 1405 1076 Augustinus
1419 1003 1539 1076 explicet
1551 1003 1581 1060 13
1593 1003 1664 1060 libro
1681 1005 1735 1060 1313
1748 1007 1884 1076 baptismo
1900 1024 1908 1060 :

223 1111 239 1144 ι
254 1093 425 1165 intelligent
439 1091 629 1164 (1333113133),
644 1093 737 1164 iuquit
750 1094 791 1165 (n.
805 1092 859 1163 18),
874 1093 903 1149 13
916 1091 1164 1150 communionibus
1178 1091 1214 1146 ab
1229 1092 1352 1148 Ecclesia
1365 1092 1506 1164 seponatis
1520 1107 1601 1164 posse
1615 1091 1746 1148 homiues
1760 1092 1907 1165 baptizari,

217 1181 274 1237 ubi
302 1181 406 1237 Christi
434 1181 594 1254 Baptismus
618 1183 718 1238 33133
742 1183 911 1240 sacramenti
934 1183 1127 1240 celebratione
1153 1182 1237 1238 datur
1259 1187 1288 1239 31
1311 1182 1849 1256 3331133333133331333333311
1872 1185 1909 1241 ed

129 1319 133 1326 ,
218 1269 424 1326 remissionem
438 1278 632 1343 pcccatorum,
646 1289 713 1328 cum
727 1273 792 1344 quis
806 1273 1004 1330 reconciliatos
1018 1274 1121 1330 unitati
1134 1271 1283 1344 sacrilegio
1299 1271 1486 1328 dissensionis
1502 1272 1623 1339 exuitur,
1638 1288 1695 1343 quo
1713 1272 1774 1343 ejus
1794 1275 1910 1345 peccata

217 1359 401 1414 tenebantur
412 1365 440 1414 et
453 1359 560 1416 dimitti
573 1377 633 1416 non
648 1362 822 1418 sinebantur.
835 1384 850 1412 e
868 1366 974 1418 Auctor
993 1379 1153 1435 anonymus
1171 1360 1235 1416 libri
1255 1361 1288 1416 dc
1309 1363 1512 1432 Rcbuptismotc
1526 1359 1597 1416 31111
1614 1361 1675 1416 1333
1697 1361 1775 1417 atiud
1796 1362 1908 1434 probet,

217 1447 277 1503 nisi
292 1447 367 1503 hanc
381 1447 520 1520 baptismi
532 1449 601 1504 toris
614 1451 724 1523 accepti
738 1451 888 1507 utilitatem
902 1451 938 1506 ad
952 1451 1149 1507 remissionem
1165 1453 1347 1522 peccatorum
1362 1450 1392 1505 in
1414 1449 1537 1506 Ecclesia
1551 1449 1794 1522 consequendam.
1807 1451 1911 1508 Statuit

218 1551 250 1606 p.
265 1537 332 1603 357,
347 1556 360 1586 c
375 1536 585 1593 invocationem
608 1538 686 1594 illam
704 1539 855 1610 pristinam
872 1539 998 1596 nominis
1012 1543 1087 1607 lesu,
1101 1539 1178 1595 nudo
1200 1545 1229 1595 et
1244 1538 1401 1610 singularis
1415 1539 1438 1594 si
1453 1539 1483 1594 iu
1507 1553 1602 1594 errore
1622 1538 1657 1593 sit
1673 1540 1837 1608 constituta,
1853 1557 1909 1596 non

217 1639 305 1696 posse
320 1625 493 1681 adsalutem
517 1628 711 1700 praetendam
724 1628 873 1696 sufficerc;
898 1645 934 1684 ne
959 1628 1013 1686 hec
1034 1629 1156 1699 ratione,
1171 1627 1275 1702 inquit,
1291 1627 1379 1683 etiem
1401 1626 1528 1682 ethnicos
1549 1632 1579 1682 et
1597 1627 1743 1683 haereticos
1761 1627 1910 1686 abutentes

219 1729 332 1770 33333
346 1716 410 1770 lesu
425 1716 577 1772 credemus
591 1716 759 1772 adsalutem
773 1717 834 1772 sine
849 1732 917 1772 vera
934 1734 964 1773 re
978 1721 1063 1790 atque
1079 1719 1193 1790 integra
1212 1732 1294 1790 posse
1308 1716 1468 1788 pervenire.
1486 1715 1578 1781 Quam
1594 1721 1690 1772 tamen
1703 1717 1911 1776 invocationem

218 1802 351 1859 nominis
363 1805 430 1860 lesu
444 1805 620 1862 correctione
634 1807 738 1862 erroris
751 1810 780 1861 et
793 1806 941 1878 agnitione
950 1807 1018 1862 11131
1030 1807 1165 1877 veritatis,
1178 1806 1334 1864 etebscissa
1344 1806 1424 1862 omni
1438 1806 1503 1862 labe
1514 1805 1667 1878 preterita
1676 1809 1907 1878 conversationis,

219 1893 360 1963 mysterio
382 1893 432 1950 Dei
455 1893 531 1950 circe
553 1895 691 1967 ejusmodi
711 1895 843 1952 homines
864 1896 917 1952 rite
938 1903 1144 1971 perpetratam,
1167 1897 1261 1952 locum
1284 1911 1371 1968 quem
1394 1893 1529 1952 habitura
1551 1911 1609 1951 nou
1631 1898 1693 1951 3331
1715 1896 1854 1968 31113333,
1881 1901 1910 1954 31

218 1989 368 2054 postremo
382 1983 411 2040 13
424 1983 479 2040 tide
493 1991 574 2042 recte
586 1986 660 2042 3131
672 1986 865 2058 iutegritatem
891 1985 966 2057 signi
986 1987 1177 2058 praestandam
1199 2003 1256 2042 non
1280 1986 1389 2054 obesse,
1412 1987 1612 2058 supplemento
1633 1985 1694 2057 ejus
1714 1987 1790 2058 quod
1812 1987 1910 2046 133331

218 2073 388 2144 accedente,
403 2091 454 2146 per
472 2091 560 2146 quam
573 2074 644 2131 utile
666 2081 709 2132 331
728 2075 856 2132 credere.
869 2095 883 2126 3
908 2076 1046 2132 Videntur
1060 2091 1128 2146 33333
1150 2076 1309 2147 Cyprianus
1329 2081 1358 2132 et
1379 2074 1574 2144 firmilianus,
1595 2091 1660 2132 cum
1681 2075 1909 2133 adversariorum

217 2164 391 2218 sententiam
415 2181 472 2219 non
495 2181 531 2221 ex
552 2164 674 2237 pacificis
696 2165 844 2238 colloquiis
865 2181 897 2220 ac
918 2164 1168 2236 disputationibus,
1193 2163 1242 2218 sed
1261 2164 1423 2236 exscriptis
1445 2167 1554 2220 tanturn
1573 2163 1665 2236 iisque
1684 2165 1766 2220 valde
1783 2159 1920 2222 obscuris

218 2252 370 2324 cognitam
385 2253 536 2322 heberent,
551 2255 648 2310 minus
661 2255 834 2311 intellexisse
848 2254 916 2328 quid
930 2254 977 2309 isti
994 2253 1142 2323 sentirent,
1160 2253 1451 2310 31333111133311133
1466 2253 1529 2309 illos
1547 2257 1576 2308 et
1588 2253 1695 2326 peccati
1714 2253 1909 2311 dimissionem

217 2339 250 2394 in
264 2340 371 2397 heresi
386 2357 444 2398 non
457 2343 671 2400 discedentibus
686 2343 847 2415 admittere,
862 2343 993 2416 quamvis
1013 2343 1049 2398 de
1068 2341 1123 2398 tide
1143 2341 1232 2398 errori
1251 2343 1420 2400 succedente
1439 2343 1634 2416 loquerentur,
1649 2359 1682 2398 ac
1702 2349 1850 2415 peccatum
1870 2344 1910 2400 ita

218 2428 326 2484 dimitti
342 2429 482 2496 dicerent,
497 2435 529 2488 ot
542 2432 605 2488 haec
619 2431 748 2489 dimissio
760 2439 829 2489 tunc
843 2433 938 2490 valeat
949 2449 1015 2488 cum
1028 2432 1064 2487 ab
1076 2432 1177 2488 berosi
1191 2432 1352 2488 disceditur.

254 2555 422 2611 1133331133
438 2573 520 2613 error
534 2575 550 2612 a
565 2564 666 2614 sancto
682 2559 818 2631 pontifice
836 2557 1057 2630 propulsandus,
1071 2557 1118 2614 cni
1136 2557 1288 2614 verisimile
1307 2574 1366 2614 non
1387 2563 1430 2614 est
1446 2558 1625 2631 baptismum
1647 2559 1677 2614 in
1696 2557 1782 2615 solius
1802 2559 1907 2617 Christi

217 2646 341 2701 nomine
355 2647 508 2718 probatum
521 2647 609 2704 131333
626 2668 633 2704 3
649 2653 678 2704 1ο
693 2647 880 2704 1333311313
897 2646 1045 2719 Stephano
1060 2646 1176 2720 ejusque
1190 2647 1274 2703 sociis
1290 2647 1500 2719 vituperaretur
1519 2647 1658 2719 ejusmodi
1682 2648 1818 2721 loquendi
1836 2651 1907 2707 ratio

220 2751 287 2806 qoae
311 2741 341 2790 31
362 2737 514 2808 Scriptura
537 2738 705 2795 auctoritate
725 2742 754 2794 et
773 2737 953 2794 ecclesiastici
973 2737 1115 2793 sermonis
1135 2755 1190 2794 usu
1216 2737 1327 2793 firmata
1348 2741 1399 2806 est,
1417 2741 1450 2792 ut
1471 2735 1650 2793 demonstrat
1673 2737 1759 2793 modo
1779 2737 1908 2796 laudatus

218 2823 315 2879 editor
326 2825 416 2896 Epist.
430 2839 528 2881 summ.
545 2827 622 2883 13331.
638 2831 670 2884 2⁰
687 2828 766 2894 Quod
781 2830 890 2906 33333131
911 2827 946 2882 31
965 2827 1154 2899 Stephanum,
1170 2845 1230 2884 non
1253 2843 1318 2884 eum
1334 2827 1473 2884 bacinno
1496 2826 1598 2884 erroris
1610 2832 1723 2884 accusat
1741 2829 1907 2901 Cyprianus,

218 2915 353 2986 quemvis
380 2915 474 2986 prima
500 2917 594 2988 specie
623 2935 758 2974 accusare
780 2919 919 2974 videatur.
946 2937 960 2970 3
986 2919 1047 2973 Non
1071 2923 1114 2975 331
1145 2922 1242 2974 autem
1272 2915 1349 2988 quod
1370 2915 1482 2987 aliquis,
1504 2937 1518 2968 3
1541 2917 1633 2989 inquit
1659 2917 1689 2972 13
1715 2919 1801 2988 Epist.
1825 2933 1908 2987 nxxu,

219 3023 234 3051 o
254 3001 293 3057 ed
308 3003 590 3060 circumveniendam
607 3006 793 3062 christianam
807 3008 956 3063 veritatem
970 3006 1073 3063 Christi
1089 3023 1193 3063 nomen
1207 3009 1344 3078 opponat,
1362 3009 1393 3060 ut
1415 3005 1509 3060 dicet:
1532 3007 1563 3059 tn
1583 3006 1700 3060 nomine
1724 3008 1789 3061 lesu
1805 3007 1908 3062 Christi

213 3092 382 3164 ubicunque
398 3096 440 3149 331
458 3093 716 3168 quomodocunque
730 3095 863 3168 baptizati
879 3097 1005 3168 gratiam
1018 3097 1155 3170 Baptismi
1168 3097 1236 3150 sunt
1249 3094 1403 3149 consecuti.
1419 3115 1433 3145 3
1456 3094 1489 3148 Et
1508 3093 1592 3166 paulo
1612 3095 1698 3165 post:
1719 3115 1732 3144 «
1753 3094 1905 3160 Quomodo

217 3196 291 3251 ergo
317 3181 434 3253 quidam
456 3181 554 3238 dicunt
581 3181 651 3238 ioris
679 3185 762 3240 extre
788 3183 952 3255 Ecclesiam,
973 3187 1032 3242 imo
1055 3189 1084 3242 et
1105 3189 1205 3242 contra
1228 3183 1390 3252 Ecclesiam,
1413 3183 1499 3239 modo
1521 3183 1552 3237 in
1576 3183 1694 3239 nomine
1714 3186 1778 3240 lesu
1804 3185 1908 3241 Christi

218 3269 396 3340 ubicumque
408 3273 437 3325 et
451 3270 720 3344 quomodocumque
734 3273 910 3346 baptizatum
918 3276 1053 3347 gentilem
1069 3275 1265 3331 remissionem
1280 3278 1461 3344 peccatorum
1471 3272 1608 3344 consequi
1618 3288 1711 3345 posse,
1722 3274 1835 3346 quando
1847 3275 1906 3346 ipse

216 3357 350 3415 Christus
361 3365 462 3430 gentes
474 3359 610 3430 baptizari
618 3361 719 3431 jubeat
732 3361 762 3417 in
778 3363 861 3435 plena
874 3368 903 3419 et
915 3365 1041 3420 adunata
1054 3364 1190 3420 Trinitete
1202 3363 1216 3418 1
1230 3385 1244 3414 e
1259 3361 1325 3431 Sed,
1341 3366 1372 3417 ut
1390 3362 1450 3416 haec
1469 3361 1678 3434 intelligantur,
1695 3363 1905 3419 observandum

217 3451 262 3502 est
275 3447 450 3518 Cypriannm
463 3448 516 3503 hoc
529 3448 591 3504 loco
608 3465 666 3505 non
680 3449 711 3505 id
727 3451 756 3506 in
770 3450 941 3508 adversariis
956 3452 1082 3526 culpare,
1094 3453 1172 3525 quod
1185 3453 1272 3507 trium
1286 3449 1608 3522 Personarnm'atiquam
1619 3451 1648 3505 in
1660 3451 1803 3524 Baptismo
1813 3455 1908 3510 omitti

216 3552 303 3608 posse
324 3537 464 3606 dicerent,
486 3537 629 3609 33133331
652 3539 740 3596 fldem
760 3541 864 3597 131333
884 3543 1022 3598 Personas
1047 3541 1234 3598 necessariam
1255 3544 1406 3612 negarent.
1428 3539 1508 3608 Nem,
1530 3556 1595 3595 cunr
1618 3540 1789 3598 Marcionita
1811 3543 1907 3600 313111

217 3625 365 3698 ejusmodi
377 3627 504 3684 haretici
518 3627 673 3684 horrendas
685 3629 875 3702 blasphemias
892 3631 923 3686 in
936 3633 1049 3688 Patrem
1067 3636 1245 3698 evomerent,
1266 3629 1414 3684 contendit
1432 3629 1589 3701 Cyprianus
1610 3630 1680 3686 nihil
1701 3631 1755 3686 illis
1773 3633 1907 3703 prodesse

218 3731 331 3772 nomeu
343 3715 457 3786 Christi,
471 3717 538 3789 quia
555 3739 570 3768 «
583 3717 645 3775 sine
659 3719 743 3774 Patre
756 3726 805 3776 eut
818 3726 917 3778 contra
930 3723 1042 3777 Patrem
1065 3721 1199 3794 prodesse
1219 3719 1351 3790 cuiquam
1375 3720 1449 3774 sotus
1472 3720 1556 3774 Filius
1573 3736 1632 3776 non
1645 3725 1745 3792 potest.
1761 3723 1908 3786 Quomodo

216 3807 325 3879 inquit,
339 3823 396 3863 non
409 3809 535 3881 cognito,
550 3812 610 3868 imo
625 3815 653 3868 et
667 3811 863 3884 blasphemato
879 3813 936 3868 Deo
950 3813 1041 3880 Patre,
1052 3811 1103 3884 qui
1113 3809 1190 3883 apud
1203 3809 1351 3865 haereticos
1365 3809 1469 3866 Christi
1484 3811 1601 3866 nomine
1614 3809 1748 3883 baptizati
1761 3811 1906 3884 dicuntur,

216 3901 403 3970 pcccatorum
427 3899 576 3955 remissam
601 3900 742 3956 consecuti
760 3899 948 3972 judicantur?
970 3901 1071 3974 ttey'icit
1091 3917 1160 3973 ergo
1180 3899 1338 3973 Cyprianus
1362 3899 1507 3972 baptisma
1528 3901 1564 3955 eb
1585 3901 1727 3956 haereticis
1750 3900 1780 3956 in
1803 3901 1906 3960 Christi

220 3987 343 4044 nomine
357 3987 465 4059 datum,
481 4007 540 4046 non
554 3989 589 4047 ob
603 3991 691 4047 Patris
710 3991 994 4064 pretermissionem,
1009 4009 1073 4066 quae
1092 4007 1138 4047 res
1159 3991 1189 4046 in
1212 3988 1434 4044 controversiam
1457 4005 1516 4045 non
1546 3989 1690 4058 veniebat,
1705 3991 1752 4046 331
1770 3991 1805 4046 31
1827 3991 1904 4048 1133-

218 4077 351 4150 phemias
363 4077 394 4133 in
407 4079 531 4136 Patrem.
546 4081 618 4136 11133
630 4079 702 4136 11131
715 4081 792 4137 1133
806 4081 948 4154 13311333
961 4082 1070 4154 probat,
1086 4081 1109 4136 si
1122 4081 1150 4136 in
1160 4078 1262 4137 Christi
1276 4077 1395 4134 33311313
1408 4077 1643 4135 administretur:
1659 4079 1763 4136 311313
1774 4089 1904 4153 apparet,

216 4168 324 4240 inquit,
350 4184 408 4224 uon
429 4183 463 4224 ea
484 4169 580 4226 statim
599 4171 779 4245 suscipienda
799 4178 827 4229 et
847 4173 1018 4229 assumenda
1035 4190 1100 4246 ques
1118 4173 1263 4244 jactantur
1282 4169 1311 4224 in
1334 4168 1450 4224 nomine
1472 4167 1584 4238 Christi,
1605 4167 1656 4224 sed
1679 4185 1743 4241 quse
1765 4176 1907 4241 geruntur

217 4257 249 4313 in
271 4257 378 4314 Christi
404 4259 530 4314 veritate.
553 4279 567 4310 e
598 4259 674 4317 idem
699 4277 767 4334 ergo
793 4266 836 4318 est
856 4263 996 4334 baptisma
1012 4263 1041 4318 13
1063 4261 1167 4318 Christi
1188 4257 1364 4326 nominare
1387 4258 1532 4330 Baptisma
1556 4274 1572 4313 a
1594 4257 1704 4317 Christo
1729 4259 1904 4330 institutum,

217 4345 401 4402 firmilianus
413 4349 462 4420 qui
475 4346 549 4404 banc
563 4351 697 4422 Cypriani
709 4351 860 4423 epistotam
872 4351 991 4424 legerat,
1007 4355 1092 4425 etque
1108 4351 1184 4406 bunc
1200 4350 1295 4406 locum
1309 4348 1358 4420 qui
1371 4363 1447 4403 nunc
1462 4347 1492 4402 in
1508 4346 1641 4404 menibus
1655 4352 1707 4418 est,
1724 4352 1754 4404 nt
1768 4350 1904 4424 pleraque

216 4438 287 4504 alia,
301 4437 545 4495 observationibus
567 4440 624 4496 suis
643 4441 806 4511 confirmat,
823 4443 968 4513 Baptisma
988 4442 1018 4497 in
1038 4440 1141 4499 Christi
1161 4439 1280 4496 nomine
1296 4437 1359 4494 deri
1377 4437 1531 4506 existimat,
1545 4455 1608 4494 cum
1629 4438 1659 4494 in
1683 4439 1798 4496 nomine
1817 4440 1904 4497 trium

216 4527 412 4584 Personarum
427 4528 520 4599 datur,
537 4547 629 4604 neque
643 4531 672 4587 iu
686 4531 856 4588 adversariis
870 4533 968 4604 culpat
981 4531 1057 4606 quod
1077 4531 1222 4603 Baptisma
1244 4529 1273 4584 13
1290 4527 1393 4584 Christi
1414 4527 1500 4583 solius
1518 4526 1635 4584 nornine
1656 4531 1749 4585 ratum
1769 4530 1905 4606 habeant,

218 4617 270 4674 331
286 4639 300 4668 u
316 4617 396 4690 quod
407 4634 465 4675 non
479 4625 580 4692 putent
594 4622 783 4694 quaerendum
802 4639 862 4679 esse
875 4622 940 4696 quis
953 4621 989 4677 sit
1001 4621 1048 4677 illc
1061 4621 1110 4694 qui
1124 4619 1320 4693 baptizaverit,
1337 4633 1371 4674 eo
1385 4615 1461 4690 quod
1480 4614 1530 4689 qui
1544 4617 1702 4690 baptizatus
1721 4620 1767 4689 sit,
1783 4623 1905 4693 gratiam

217 4709 355 4782 consequi
369 4709 493 4782 potuerit
507 4711 638 4766 invocata
653 4709 1160 4769 1313113133331333Ρ313133111111
1175 4713 1204 4765 et
1223 4709 1344 4780 Spiritus
1358 4707 1459 4776 sancti,
1475 4707 1558 4778 quasi
1575 4706 1716 4763 invocatio
1741 4708 1802 4764 1333
1824 4711 1899 4769 3313

216 4795 373 4855 nominum
389 4797 511 4854 33113131
525 4798 559 4854 31
570 4798 770 4855 remissionem
783 4803 964 4872 peccatorum
979 4799 1157 4874 3113311331
1172 4799 1439 4855 sanctificationem.
1455 4817 1469 4846 »

253 4923 328 4992 Quin
343 4924 429 4980 etiam
443 4940 503 4980 non
516 4924 603 4982 modo
616 4925 786 4998 Stephanus,
802 4927 852 4985 sed
866 4945 901 4984 oe
916 4921 1904 5002 1333331133333133333333331113131313133113313,13310333313-

216 5031 291 5072 num
302 5015 469 5071 vehementi
483 5018 564 5072 aceto
579 5015 717 5088 perfudit,
732 5016 876 5089 Baptisma
889 5018 920 5075 iu
935 5019 995 5076 solo
1008 5017 1114 5076 Christi
1124 5016 1240 5073 nomine
1254 5015 1367 5070 videtur
1382 5013 1532 5086 probasse;
1549 5013 1602 5068 hoc
1611 5019 1705 5070 1333333
1713 5031 1810 5074 333333
1822 5017 1903 5078 illum

215 5105 418 5164 tillemontius
432 5105 574 5162 laborasse
588 5105 744 5176 contendit,
758 5107 809 5162 sed
824 5125 940 5181 prorsus
952 5109 1104 5165 immerito.
1120 5109 1144 5162 ts
1158 5105 1235 5162 enirn
1251 5103 1392 5176 baptisma
1405 5103 1434 5159 in
1447 5103 1550 5160 Christi
1563 5102 1679 5162 nomine
1694 5106 1907 5180 ,interpretetur

214 5195 302 5266 illud,
317 5195 396 5268 quod
410 5211 444 5252 ex
463 5196 557 5252 13333
573 5213 589 5250 3
609 5196 721 5253 Christo
739 5199 905 5272 praescripta
926 5199 1082 5254 confertur.
1104 5197 1193 5252 Locus
1212 5195 1272 5267 ipse
1291 5209 1376 5266 quem
1395 5192 1492 5266 objicit
1510 5193 1707 5250 tillemontius
1727 5212 1789 5252 rem
1807 5207 1905 5271 aperte

216 5291 452 5349 1333313133
472 5285 590 5344 linitum
611 5289 729 5345 interest
749 5311 775 5359 3,
796 5289 889 5361 133311
907 5303 1068 5362 anonymus
1089 5287 1211 5358 scriptor
1223 5299 1289 5358 pag.
1306 5285 1368 5351 318,
1387 5303 1401 5334 «
1424 5289 1520 5339 utrum
1536 5281 1566 5338 13
1590 5285 1687 5340 13133
1708 5286 1773 5356 quis
1793 5303 1850 5344 non
1871 5291 1907 5346 sit

216 5380 380 5453 baptizatus
393 5377 424 5432 in
440 5377 558 5432 nomine
574 5377 687 5434 Domini
703 5378 794 5434 nostri
806 5380 872 5434 lesu
884 5379 998 5445 Christi,
1012 5395 1048 5433 an
1062 5393 1127 5432 vero
1150 5376 1181 5432 in
1200 5375 1295 5445 aliquo
1315 5371 1454 5429 claudicet
1472 5389 1538 5428 cum
1558 5372 1718 5445 baptizatur
1737 5374 1906 5448 baptismate

217 5485 314 5542 equae,
327 5467 403 5540 quod
419 5465 747 5533 31333331,13333313
770 5471 866 5540 postea
887 5473 996 5525 constet
1016 5467 1183 5524 inveritate
1203 5466 1313 5522 sincera
1334 5464 1404 5519 fides
1428 5465 1458 5519 iu
1483 5461 1654 5534 baptismate
1679 5463 1811 5536 Spiritus,
1827 5467 1904 5538 quod

217 5575 277 5614 non
289 5557 376 5613 dubie
391 5556 485 5628 majus
498 5561 550 5611 331.
565 5557 619 5612 Nec
633 5557 756 5613 [estimes
768 5557 835 5613 hiric
847 5559 978 5614 tractatui
993 5557 1168 5613 contrarium
1183 5555 1335 5627 essequod
1350 5555 1420 5611 dixit
1434 5553 1570 5610 Dominus
1589 5570 1596 5610 3
1621 5555 1673 5618 113,
1697 5555 1786 5611 docete
1803 5561 1904 5626 pentes,

216 5649 337 5716 linquite
356 5663 398 5704 cos
420 5651 450 5702 in
472 5648 579 5702 nemim
598 5649 691 5704 Putris
713 5655 738 5704 31
763 5649 829 5704 Filii
849 5654 875 5703 31
897 5649 1017 5720 Spiritus
1037 5649 1146 5716 sorrcti,⁸
1168 5647 1244 5719 quia,
1260 5661 1325 5702 cum
1348 5645 1401 5700 hoc
1424 5659 1524 5699 verum
1545 5647 1573 5699 et
1594 5648 1702 5699 rectum
1724 5646 1754 5699 et
1774 5643 1905 5700 omnibns

218 5737 312 5792 modis
333 5738 362 5792 in
382 5738 502 5794 Ecclesia
526 5735 734 5793 observandum
760 5739 805 5809 sit,
818 5741 846 5794 et
869 5737 1011 5796 observari
1035 5753 1152 5810 quoque
1173 5737 1287 5792 solitum
1308 5734 1353 5804 sit,
1376 5737 1473 5790 133333
1493 5732 1670 5789 considerare
1697 5735 1809 5805 oportet
1830 5732 1905 5806 qnod
1989 5807 1994 5812 Α

218 5825 361 5886 invocatio
373 5827 497 5886 nominis
506 5829 572 5886 Jesn
590 5843 649 5886 nou
663 5829 750 5887 13131
762 5845 780 5886 a
793 5828 872 5886 nobis
885 5828 972 5886 1311113
986 5826 1078 5886 videri
1098 5834 1217 5904 propter
1238 5825 1452 5883 venerationem
1466 5829 1493 5882 et
1507 5821 1641 5882 virtutem
1660 5821 1750 5900 ipsius
1768 5823 1892 5883 nomni-
