4172 6186
259 260 327 326 {223

263 461 313 510 est.
329 475 345 505 ›>

297 525 379 579 Verba
391 525 525 579 sublimia.
555 525 692 594 Rigaltlus
713 527 775 578 uit:
798 525 1072 592 «Quemadmodum

261 599 372 650 Persius
381 597 459 661 dixit,
472 598 584 664 grandia
602 599 684 650 verba
708 600 833 650 morituri
848 597 969 650 Catonis.
981 601 1073 652 Verba

263 668 409 730 sublimia,
430 683 494 736 qum
512 669 671 722 sublimiter
692 670 830 722 Christum
854 673 980 722 οοιιιεεεε
996 677 1071 722 sunt.

261 739 361 802 Qualia
391 745 457 792 sunt
476 740 523 791 illa
545 741 661 792 Romani
684 741 824 805 martyris,
847 741 922 806 apud
949 741 1074 794 Pruden-

262 813 377 861 tium.»

292 883 334 933 Ad
360 882 490 948 pulpitum
508 887 565 946 port
591 885 724 934 catastam
747 883 846 934 venire.
869 883 1007 948 Rigaltius
1036 884 1074 936 ait

262 966 269 1002 r
292 969 307 999 a
336 953 438 1018 Martyr
464 953 511 1004 iile
543 953 697 1012 Romanus,
718 953 819 1004 Audite
849 955 955 1015 cuncti,
981 955 1070 1006 clamo

260 1022 496 1088 longe,prmdico,
525 1025 621 1073 emitto
644 1036 742 1074 rocem
768 1021 802 1074 de
827 1025 931 1074 catasta
962 1024 1072 1074 celsior.

261 1092 382 1154 Catasta,
396 1105 497 1158 pegma
511 1093 676 1158 plerumque
703 1093 836 1156 ligneum,
855 1105 953 1145 rocem
972 1093 1073 1144 Roma-

261 1175 328 1214 nam
349 1175 419 1226 esse,
433 1164 471 1213 ait
495 1164 684 1224 casaubonus,
709 1161 757 1212 sed
777 1163 889 1224 Gracc,
919 1163 963 1215 vel
984 1164 1076 1228 patius

261 1231 364 1285 sicula
385 1231 506 1298 originis,
526 1233 560 1284 ad
587 1232 656 1282 illud
680 1232 765 1283 Persii
784 1245 819 1282 ne
844 1235 880 1283 sit
902 1235 1076 1298 praestantior

260 1304 344 1366 alter,
359 1301 537 1367 Cappadocas
565 1303 653 1368 rigida
671 1305 789 1368 pingues
803 1303 939 1368 plausisse
960 1306 1074 1356 catasta.

263 1373 399 1425 Martialis
432 1374 508 1432 dixit,
538 1373 669 1424 tabulata.
686 1373 806 1426 Catastm
824 1375 920 1426 terrem
944 1379 1078 1440 martyres

259 1443 391 1507 impositi,
407 1441 554 1494 illicerent
569 1445 714 1508 conspicui
729 1443 877 1509 gentillum
891 1445 1076 1496 multitudini.

261 1512 341 1564 Unde
360 1513 589 1576 gloriosissimum
614 1515 665 1564 iuit
694 1515 817 1579 Aurelio,
841 1516 876 1567 ab
895 1515 943 1566 illa
962 1519 1075 1568 catasta.

261 1582 312 1634 nbi
333 1581 474 1634 Christum
500 1585 649 1636 fortissime
672 1586 821 1637 consessus
842 1589 909 1648 erat,
924 1585 959 1636 ad
986 1587 1077 1638 consi·

262 1652 359 1704 milem
374 1654 404 1702 in
431 1652 558 1704 Ecclesia
580 1653 740 1705 machinam
769 1655 886 1716 venisse,
905 1659 936 1705 ut
958 1657 987 1706 in
1010 1669 1078 1708 con-

262 1725 361 1787 spectu
392 1722 509 1773 fratrum
530 1721 643 1774 divinas
671 1723 804 1776 lectiones
832 1727 1003 1790 personaret.
1028 1725 1079 1777 Le-

926 249 1011 322 chii.
1031 257 1258 326 011οΝ.ΝοΤῶ

260 390 386 440 nostrum
413 386 541 450 capent,
563 379 729 438 necessitate
760 387 895 452 urgente,
914 389 1070 452 promotum
1082 395 1246 478 Amanium
1263 405 1320 459 quc
1341 394 1428 460 pedes
1447 388 1671 452 Christianorum
1694 402 1722 452 at
1743 413 1826 454 mura
1840 400 1939 465 alliga-

1866 275 1938 338 tasi

1122 461 1203 526 hant;
1222 469 1281 515 erat
1304 469 1397 518 autem
1417 467 1552 534 ligneum,
1580 474 1609 522 et
1633 471 1731 522 multis
1751 471 1940 524 foraminibus

1122 537 1289 598 separatum,
1303 541 1335 587 ut
1353 537 1463 590 inclitus
1486 540 1609 592 membra
1630 546 1835 606 torquerentur.
1860 543 1941 592 tanta

1123 605 1230 656 scilicet
1241 607 1270 658 vi
1281 611 1314 656 ut
1341 609 1506 676 plerumque
1527 611 1700 662 laxarentur.
1722 611 1894 664 Plutarchus
1908 612 1941 661 de

1124 677 1176 726 Dea
1186 676 1269 742 Sacc,
1282 678 1342 736 τοὺς
1351 679 1425 736 πόδας
1436 680 1461 730 ιν
1482 681 1517 745 τῷ
1533 681 1595 746 ihtes
1607 682 1736 746 δεδεμένοι,
1746 683 1843 748 alligat
1853 681 1943 746 pedes

1123 748 1254 800 innervo.
1269 767 1284 796 a

1155 817 1294 882 Sacrificio
1315 833 1365 884 pra
1387 822 1423 874 eis
1448 837 1556 889 semper.
1574 825 1711 890 iiigelh'us
1731 826 1770 878 ait
1793 840 1799 874 ι
1821 823 1943 876 «Graeci

1124 891 1293 954 panegyrica
1320 891 1497 948 celebravere
1526 895 1625 946 honori
1646 896 1777 948 virorum
1806 895 1943 956 tortium

1124 961 1173 1024 qui
1184 963 1332 1025 tyrannum
1357 965 1535 1030 smtulerant,
1547 970 1596 1018 aut
1616 967 1685 1018 alias
1698 979 1749 1028 pro
1767 966 1856 1031 patria
1881 967 1943 1018 telt-

1124 1032 1193 1082 citer
1205 1037 1404 1098 pugnaverant,
1418 1039 1449 1086 nt
1464 1036 1519 1088 hoc
1547 1038 1678 1101 exemplo
1702 1051 1819 1090 suorum
1832 1038 1943 1088 animos

1125 1101 1161 1152 ad
1181 1103 1315 1165 praeclara
1339 1103 1462 1158 facinora
1494 1108 1639 1172 erigerent.
1675 1107 1828 1160 Christiani
1854 1110 1944 1160 sacris

1125 1173 1320 1224 anniversariis
1348 1175 1445 1228 laudes
1483 1179 1543 1230 Deo
1572 1179 1680 1242 dicunt,
1715 1181 1943 1230 commemoratis

1125 1255 1222 1294 eorum
1242 1245 1403 1298 nominibus
1423 1249 1472 1312 qui
1493 1263 1544 1314 pro
1564 1249 1620 1301 tide
1647 1248 1758 1302 Christo
1774 1249 1843 1300 dicit
1866 1263 1942 1300 mar·

1125 1314 1230 1377 tyrium
1265 1315 1371 1368 fortiter
1400 1318 1540 1372 obterunt.
1571 1321 1639 1372 vid.
1666 1321 1751 1372 Notas
1789 1319 1827 1371 ed
1859 1321 1943 1384 epist·

1126 1381 1251 1434 Forsitan
1266 1385 1323 1437 huc
1334 1391 1462 1451 spectant
1474 1391 1522 1442 illa
1546 1405 1610 1458 quas
1630 1391 1822 1443 Tertullianus
1845 1390 1943 1452 habet,

1126 1453 1280 1508 decorans
1302 1457 1404 1511 militia.

1157 1527 1309 1590 Martyrum
1322 1533 1468 1594 passiones.
1484 1532 1607 1586 Priorius
1626 1535 1667 1586 ait
1693 1549 1700 1584 ι
1724 1533 1867 1586 ιΝιιιεΙὶε
1890 1545 1945 1584 ro-

1127 1599 1181 1718 catl
1199 1596 1395 1718 Tertlulliaaus,
1428 1602 1502 1656 diem
1525 1606 1657 1658 nimirum
1681 1603 1863 1672 intelligendo
1888 1617 1946 1669 qna

1128 1671 1257 1718 coeonau
1289 1673 1364 1721 sunt.
1382 1687 1397 1718 a

1157 1736 1241 1800 Ipsius
1266 1739 1313 1801 qai
1326 1750 1353 1790 ss
1368 1747 1517 1804 persecatus
1536 1742 1634 1806 [aeret.
1665 1745 1784 1798 Decium
1801 1745 1941 1811 intellige.

263 1791 395 1843 ctoresin
412 1791 539 1843 Ecclesia
562 1803 655 1843 sacras
676 1791 812 1844 lectiones
830 1793 866 1844 de
884 1793 992 1858 pulpito
1009 1767 1219 1873 reci-BSUW
1245 1809 1350 1859 ⁸122,
1380 1810 1453 1864 Cum
1480 1815 1541 1878 lp„
1564 1815 1749 1868 insanum
1773 1817 1946 1882 meimet

262 1862 367 1928 tabant,
384 1864 444 1916 aive
460 1863 495 1915 de
510 1864 639 1914 ambone.
653 1863 727 1917 Hinc
742 1866 826 1917 etiam
851 1865 900 1915 illa
916 1866 991 1930 apud
1006 1866 1079 1918 Scri-

260 1939 353 2001 ptores
379 1935 487 1988 Eccles.
501 1935 648 2000 radicantur,
668 1937 693 1984 ἐν
710 1935 804 2000 duduci
826 1936 850 1985 έν
870 1937 995 2003 detemptus
1011 1939 1078 2002 Epi-

1128 1881 1242 1930 auctore
1251 1890 1425 1944 congressus.
1442 1900 1457 1930 s

1158 1951 1271 2001 beorum
1291 1955 1360 2002 secta
1383 1956 1409 2002 st
1430 1957 1604 2008 conuersatio.
1628 1956 1768 2023 Rigaltlus
1791 1956 1849 2010 alt:
1865 1975 1883 2006 a
1899 1958 1944 2010 sb

262 2007 334 2058 stola
362 2019 420 2072 seq.
446 2006 569 2070 dicet,in
583 2007 645 2059 loco
674 2007 764 2058 altiori
793 2009 925 2058 constitui
944 2010 1079 2073 gloriosos
1126 2023 1301 2072 successore
1328 2023 1388 2075 give
1417 2029 1589 2092 praeopto„
1613 2032 1732 2080 ,myos
1758 2031 1786 2080 ,ι
1813 2031 1904 2092 mu,
1927 2043 1945 2080 ι

261 2077 366 2140 vultus,
382 2075 577 2129 Contessorum
604 2077 719 2140 scilicet,
736 2077 829 2130 adhuc
848 2079 878 2128 in
900 2080 996 2131 ordine
1019 2079 1077 2131 lec·

259 2149 393 2201 amm.»

293 2223 327 2273 aa
345 2220 471 2286 quostiam
501 2233 603 2286 semper
629 2219 756 2286 gaudiam
781 2225 918 2286 properat.
941 2221 1077 2290 Rigaltius

264 2293 321 2344 alt:
339 2310 353 2339 a
369 2289 439 2354 Ques
454 2290 556 2342 dehinc
567 2295 745 2356 ,acquantum
772 2293 998 2356 depravatissima
1011 2296 1078 2344 sunt

262 2364 293 2414 tn
307 2361 427 2413 editions
447 2361 571 2412 Pamelil.
586 2362 806 2413 Emendarimus
820 2376 854 2413 ex
883 2363 1035 2414 Veronensi
1049 2368 1077 2416 et

264 2433 429 2485 Corbeiensi
442 2447 449 2482 ι
463 2433 499 2484 iet
514 2433 648 2500 quoniam
663 2446 773 2498 semper
794 2433 928 2500 gaudium
939 2441 1076 2500 properat,

261 2517 315 2556 nec
324 2507 414 2569 potest
425 2515 516 2555 moras
527 2503 598 2555 terre
610 2504 717 2566 lustitia,
728 2506 874 2556 Dominico
888 2506 954 2571 legit
966 2507 1075 2558 interim

262 2573 353 2638 nobis,
370 2575 463 2636 idest,
489 2575 649 2638 auspicatus
669 2579 712 2626 eet
735 2587 842 2640 pacem,
871 2576 939 2626 dum
967 2577 1077 2628 dedicat

262 2645 419 2698 lectionem.
435 2645 505 2697 fleo
517 2657 583 2695 vero
591 2658 670 2696 mens
682 2643 820 2710 Cypriani.
830 2647 960 2697 Aurelius
972 2651 1074 2710 noster,

263 2717 406 2768 ordinatus
422 2729 439 2766 a
455 2715 536 2766 nohis
561 2715 658 2778 lector,
679 2729 782 2766 munus
804 2716 873 2766 illud
891 2731 975 2768 suum
1002 2719 1076 2782 apud

262 2787 418 2839 Ecclesiam
441 2787 579 2852 auspicari
610 2787 766 2838 debuisset.
791 2785 895 2837 Verum
929 2799 994 2839 cum
1018 2791 1075 2840 huc

263 2857 401 2922 appulerit
416 2870 432 2906 a
446 2857 578 2922 martyrio
605 2859 660 2906 tam
685 2856 804 2921 gloriose
826 2869 963 2920 reversus,
984 2861 1075 2924 excipi

262 2941 328 2980 sane
341 2928 439 2981 debuit
458 2942 474 2978 a
498 2927 579 2980 nohis
605 2941 714 2979 summa
730 2928 923 2990 cum,lastitia.
949 2931 982 2980 Et
1005 2943 1075 2996 quo·

261 3001 338 3052 ntem
366 3011 475 3064 semper
495 2999 628 3064 gandium
654 3004 792 3064 properat,
808 3012 860 3050 nec
875 3003 967 3065 potest
983 3015 1074 3054 moras

261 3071 333 3124 terre
360 3071 465 3134 laetitia,
478 3070 584 3122 interea
601 3069 668 3120 dum
685 3083 748 3122 sese
759 3069 838 3120 vobis
859 3072 906 3123 ille
926 3085 1074 3138 cumpace

261 3141 443 3194 Deoiarente
463 3141 551 3202 sistet,
575 3140 724 3192 dominicis
740 3140 840 3192 dlebus
859 3141 905 3193 hic
930 3143 1006 3208 apud
1024 3129 1112 3208 nosC

262 3212 345 3278 leget.
364 3211 425 3262 Hoc
452 3215 503 3276 est,
517 3214 579 3276 aget
593 3212 729 3276 apadnos
745 3213 820 3278 quod
836 3214 910 3278 apud
923 3215 1077 3268 Ecclesiam

262 3283 401 3350 agendum
415 3283 455 3332 ilii
467 3283 565 3345 thorat,
579 3284 604 3333 el
623 3295 690 3347 pace
716 3285 868 3344 frueretur,
885 3287 1017 3338 nimirum
1034 3301 1076 3339 se-

262 3353 336 3405 datis
359 3353 583 3417 persecutionum
606 3353 754 3404 furoribus.
775 3357 945 3420 auspicatus
966 3363 1007 3408 est
1029 3372 1077 3408 au-

261 3429 319 3476 tem
334 3425 533 3488 optatissimam
556 3424 690 3474 Ecclesiae
712 3438 809 3488 pacem
833 3427 907 3491 apud
935 3440 994 3492 nos,
1008 3429 1075 3480 dum

262 3493 338 3560 apud
352 3507 403 3545 nos
415 3507 497 3546 suum
511 3494 580 3546 iliud
594 3496 731 3546 novitium
744 3498 854 3562 legendi
869 3511 970 3550 munus
980 3499 1075 3553 Eccle-

262 3569 312 3620 siae
327 3565 472 3618 dedicavit.
490 3579 506 3614 s

295 3637 350 3687 Cito
374 3635 443 3702 plebi
467 3649 522 3687 aas
549 3639 572 3686 et
603 3636 760 3689 sacerdotem
785 3639 880 3692 reddat
911 3640 1073 3694 r'acalaraem.

262 3707 398 3775 Rigaltiua
417 3709 456 3760 ait
472 3723 478 3757 :
497 3725 512 3756 e
530 3707 574 3760 Me
594 3707 702 3760 scilicet
723 3707 895 3776 Cyprianum
913 3715 1074 3778 episcopum

261 3783 290 3832 et
313 3777 484 3830 sacerdotem
516 3783 652 3830 restrum.
685 3779 808 3832 Modesto
836 3785 1008 3836 sacerdotem
1044 3799 1074 3838 se

261 3855 371 3902 tantum
400 3853 552 3917 nuncupat.
573 3851 646 3902 »iix
672 3851 802 3917 Cypriani
821 3859 915 3908 autem
940 3855 1074 3922 loquendi

261 3933 348 3986 more,
363 3922 493 3975 sacerdos
506 3927 549 3972 est
561 3922 714 3986 episcopus.

505 4045 682 4099 epistolas
698 4045 828 4099 xxxix.

293 4135 468 4191 commeatum
494 4136 582 4188 darida
615 4137 688 4190 tanis
713 4137 915 4203 coralessariias.
937 4139 1073 4206 Rigaltius

263 4209 317 4259 eit:
330 4223 346 4256 a
363 4205 553 4260 Commeatum
571 4211 753 4274 permanendi
767 4211 859 4262 adhuc
875 4211 1073 4279 aliquantisper

260 4280 292 4330 in
302 4279 416 4342 esculo,
437 4283 467 4328 ut
479 4291 563 4344 supra
575 4285 689 4346 accepto
703 4286 766 4346 poet
780 4281 895 4346 gloriam
916 4289 1072 4336 commeatu

261 4349 292 4399 in
305 4349 440 4401 Ecclesiae
454 4348 534 4400 laude
548 4349 655 4401 florere.
676 4351 720 4402 Ad
732 4352 814 4402 hoca
836 4353 955 4407 Domino
969 4355 1004 4408 de
1016 4369 1073 4408 me·

262 4419 307 4472 dia
318 4424 406 4471 morte
419 4419 584 4484 subtractos,
603 4427 634 4471 ut
647 4422 727 4486 intra,
738 4423 792 4473 hac
806 4425 884 4490 epist.
903 4443 917 4474 a

292 4491 436 4556 deserimus
448 4493 483 4541 ad
509 4504 564 4546 aas.
578 4491 640 4554 Quo
667 4506 752 4544 sensu
772 4495 872 4548 reterre
894 4495 928 4552 sd
944 4495 1112 4572 senatuml)

261 4563 370 4616 dicitur.
397 4562 533 4616 Nimirum
547 4565 577 4618 ut
594 4565 670 4628 quod
687 4567 791 4618 iactum
806 4572 857 4630 est,
871 4573 960 4623 vestro
974 4570 1072 4622 suffra-

261 4633 559 4701 gioratumhabeatur.
579 4632 679 4687 Saltem
700 4638 791 4702 quoad
814 4641 937 4694 muneris
959 4641 1003 4694 sui
1017 4643 1072 4694 uti-

261 4707 297 4758 lis
309 4707 472 4762 exercitum.

247 4773 251 4782 ’
294 4776 343 4837 Qui
370 4789 427 4827 cam
456 4779 604 4829 consentire
628 4779 775 4834 dubitarat.
801 4781 938 4846 Rigaltius
966 4784 1030 4834 ait:
1057 4802 1072 4832 s

261 4845 417 4910 Cyprianus
427 4848 508 4899 exsul
523 4849 558 4898 ad
578 4851 713 4904 Ecclesiae
733 4865 792 4906 suae
813 4854 1001 4918 presbyteros,
1016 4855 1072 4908 dia·

263 4930 349 4972 conos
363 4922 390 4969 et
402 4919 512 4981 plebem
526 4920 633 4980 scribit,
654 4933 684 4972 se
705 4933 761 4972 unu
785 4936 851 4973 cum
873 4927 932 4974 suis
949 4925 1070 4992 collegis,

261 4995 310 5058 qai
327 4998 395 5044 tunc
408 4994 479 5046 torte
503 4993 628 5058 aderant,
657 4995 800 5047 ordinasse
818 4997 949 5050 lectorem
970 4997 1072 5052 Celeri-

261 5075 330 5114 num
356 5065 452 5114 multis
478 5065 628 5117 virtutibus
655 5067 771 5118 clarum.
802 5067 931 5120 Celerina
952 5082 1003 5133 pro
1017 5085 1072 5122 nro-

260 5133 347 5184 destia
371 5147 404 5186 aa
431 5135 535 5200 pudore
554 5150 606 5190 suo
628 5151 731 5190 munus
751 5139 875 5192 oblatum
898 5142 1070 5205 detrectanti‚

262 5201 553 5271 haesitantique,visam
564 5211 593 5260 in
601 5211 874 5276 somnisilcclesiam,
883 5226 945 5278 quea
952 5214 1072 5280 compel-

244 5279 246 5284 ’
261 5273 341 5338 leret,
362 5291 399 5328 ne
425 5279 531 5331 diutius
545 5281 664 5349 obsequi
678 5283 816 5348 Cypriaao
827 5288 956 5336 suadenti
988 5299 1072 5338 cunc-

260 5349 373 5396 taretur.
401 5350 447 5399 nit
464 5353 547 5416 igitur
572 5351 738 5419 Cyprianus,
768 5367 853 5408 suasa
889 5357 1002 5422 quidem
1019 5371 1072 5408 suo

260 5428 291 5467 se
318 5415 477 5470 Celeriuum
511 5422 657 5488 adoptasse
681 5439 718 5476 an
759 5427 876 5489 clerum,
916 5428 1071 5480 Ecclesiam

259 5499 335 5552 vero,
366 5491 446 5554 cujus
472 5499 622 5546 auctoritas
646 5499 742 5562 major,
761 5499 929 5563 compulisse
951 5504 979 5551 et
1007 5513 1071 5552 cce·

260 5561 341 5625 gisae.
364 5561 490 5614 Notanda
518 5563 565 5616 hic
598 5567 682 5618 etiam
710 5573 738 5618 et
765 5567 899 5624 industria
928 5569 1070 5640 Cypriani,

258 5633 396 5684 ebionem
414 5633 538 5687 efficacia
549 5639 604 5686 mm
624 5641 748 5690 suaviter
763 5643 876 5692 utentis.
893 5661 908 5690 »

290 5705 373 5772 cipali
395 5719 474 5759 mano
499 5707 585 5773 pedes.
607 5709 729 5762 Priorlus
746 5713 785 5763 ait
811 5727 848 5763 :a
876 5713 990 5772 Memini
1009 5733 1070 5772 mo·

258 5779 353 5836 subse
369 5793 415 5838 me
434 5780 584 5856 ahqomdo
603 5795 719 5839 nervum
733 5797 794 5842 esse
819 5791 955 5845 tortorum
973 5791 1070 5855 insau-

1127 2091 1240 2142 doctoro
1270 2090 1434 2158 discipulus,
1459 2101 1487 2148 et
1510 2097 1660 2164 disciplina
1685 2113 1702 2150 a
1723 2099 1856 2166 magistro
1893 2101 1946 2152 mi·

1126 2161 1214 2214 nister
1225 2165 1253 2214 et
1268 2164 1463 2216 ministerium.
1480 2182 1495 2216 s

1159 2232 1279 2296 Quadam
1305 2239 1493 2288 rerurrectione
1521 2239 1595 2292 circa
1624 2253 1667 2293 eos
1695 2239 1777 2304 {acte
1802 2241 1945 2307 Rigaltirm

1125 2303 1190 2353 ait:
1215 2303 1389 2357 Reviriscere
1427 2307 1557 2360 videntur
1582 2311 1631 2374 qui
1662 2315 1827 2376 resurgant,
1855 2313 1945 2377 erigi-

1125 2375 1247 2425 lantesa
1269 2387 1377 2439 somno,
1405 2379 1449 2429 vel
1473 2381 1706 2434 revalescentesa
1729 2381 1838 2446 morbo,
1864 2397 1945 2447 prec-

1125 2445 1220 2495 sertim
1234 2443 1350 2496 difficili.
1367 2461 1383 2496 »

1157 2513 1305 2566 Divisiaaea
1322 2529 1485 2570 mensurnas.
1512 2519 1647 2586 Rigaltius
1661 2523 1718 2574 ait:
1743 2540 1758 2570 a
1783 2525 1826 2576 De
1851 2537 1944 2590 quan-

1125 2585 1207 2635 titate
1237 2586 1345 2637 scilieet
1369 2591 1513 2640 communi
1536 2593 1622 2643 totius
1635 2593 1768 2644 Ecclesia
1792 2592 1945 2658 Carthagi·

1125 2657 1220 2706 nensis
1237 2657 1392 2720 erogationi
1415 2661 1582 2712 contributa.
1611 2663 1696 2714 Extra
1721 2663 1795 2714 hanc
1815 2676 1944 2715 commu-

1125 2737 1189 2775 nem
1201 2729 1260 2776 erat
1271 2727 1326 2777 alia
1341 2727 1375 2778 de
1385 2731 1540 2793 quantitate
1552 2729 1655 2797 Cypria
1666 2733 1694 2782 in
1707 2733 1786 2798 epist.
1801 2733 1843 2784 3⁰.
1861 2749 1879 2782 s

1155 2796 1184 2845 la
1212 2795 1288 2847 natio
1316 2799 1412 2850 misor.
1445 2801 1535 2853 Minor
1566 2807 1649 2865 natu,
1685 2805 1736 2867 qui
1771 2803 1944 2855 vicesimum

1124 2870 1252 2932 quintum
1265 2870 1357 2920 mtatls
1367 2883 1473 2922 anuum
1483 2873 1610 2926 nondum
1629 2877 1773 2938 attegerat,
1786 2880 1815 2926 et
1824 2874 1944 2940 proinde

1125 2951 1159 2990 ex
1179 2937 1314 2990 Ecclesia
1337 2941 1473 3006 moribus,
1485 2945 1572 2997 sacris
1599 2945 1746 2996 ordinibus
1760 2947 1942 2996 immaturus.

1124 3009 1171 3062 sle
1198 3023 1260 3073 sup.
1283 3012 1360 3074 epist.
1392 3012 1424 3063 38
1450 3013 1567 3065 Minor:
1592 3015 1620 3067 in
1642 3017 1732 3066 etatis
1748 3029 1810 3068 suae
1835 3017 1941 3070 indole.

1124 3099 1139 3129 a
1162 3081 1197 3132 lit
1220 3081 1282 3134 haec
1305 3082 1384 3146 epist.
1397 3099 1413 3132 a
1432 3085 1490 3138 Nec
1500 3087 1590 3137 minor
1609 3090 1724 3150 poterat
1743 3104 1757 3134 s

1401 3189 1579 3244 crissoto.
1605 3193 1661 3244 XL.

1156 3278 1226 3328 Nom
1253 3275 1399 3328 admonitos
1425 3291 1473 3330 aas
1497 3284 1521 3330 et
1545 3281 1689 3332 instructos
1716 3281 1811 3332 sciatis
1840 3280 1942 3346 digan-

1126 3351 1199 3401 ticae
1212 3349 1314 3400 diuina.
1344 3349 1550 3413 Rigaltiusait:
1569 3369 1584 3402 s
1606 3351 1654 3406 Sic
1678 3352 1750 3404 solet
1770 3350 1942 3416 Cyprianus,

1125 3419 1328 3487 quodabsente
1347 3421 1422 3472 clero
1449 3436 1498 3486 per
1519 3436 1551 3474 se
1574 3425 1635 3490 ipse
1666 3423 1758 3475 iacere
1782 3422 1941 3474 ordinando

1125 3491 1280 3551 videbatur,
1299 3489 1334 3540 ad
1361 3491 1412 3541 Dei
1438 3495 1575 3544 monitum
1607 3494 1717 3546 reterre.
1741 3494 1843 3560 ltaque
1868 3495 1941 3544 inira

1124 3563 1202 3624 dicit,
1221 3562 1329 3613 interim
1339 3562 1415 3626 quad
1432 3565 1589 3615 ostenditur
1601 3565 1657 3618 hat.
1672 3566 1719 3617 Sic
1734 3565 1853 3629 epistola
1869 3577 1941 3628 pres-

1124 3635 1244 3696 cedenti,
1270 3633 1372 3682 dirinae
1404 3634 1571 3699 dignationis
1606 3636 1751 3688 admonitu
1781 3637 1940 3700 suscepisse

1124 3707 1192 3758 dicit
1204 3703 1363 3756 Celerinum
1390 3704 1501 3756 lectoris
1518 3706 1661 3770 osticium
1688 3707 1805 3770 epistola
1825 3719 1941 3771 quoque

1123 3775 1163 3838 32,
1201 3777 1378 3840 precessisse
1411 3777 1617 3830 ordinationem
1661 3779 1770 3830 Aurelii
1804 3775 1942 3842 sutfragia

1123 3847 1226 3897 meina.
1242 3847 1316 3897 ilinc
1331 3847 1431 3911 collige
1453 3861 1511 3899 non
1527 3850 1668 3913 profanas,
1694 3849 1743 3900 sed
1769 3861 1864 3900 sacres
1881 3850 1942 3914 jam

1123 3919 1190 3968 olim
1209 3918 1318 3969 habites
1346 3919 1535 3972 ordinationes
1566 3921 1741 3983 clericorum,
1766 3933 1824 3970 non
1854 3920 1942 3971 modo

1122 3989 1389 4054 hypodiaconorum,
1420 3989 1612 4056 diaconorum,
1637 3991 1942 4060 presbyteroram,sed

1122 4068 1150 4112 et
1177 4063 1322 4123 lectorum,
1344 4072 1435 4125 usque
1461 4062 1529 4113 adeo
1553 4067 1584 4114 nt
1617 4063 1674 4116 iere
1698 4067 1777 4128 signa
1797 4063 1942 4126 quapiam

1122 4134 1256 4184 divinitus
1270 4138 1334 4182 ante
1351 4135 1555 4186 ordinationem
1569 4135 1680 4187 illorum
1701 4135 1910 4198 contingerent.
1925 4149 1942 4184 s

1153 4205 1307 4256 Numidicas
1344 4204 1482 4268 Presbyter
1517 4206 1680 4258 semitatus.
1711 4207 1851 4256 Batonius
1890 4207 1940 4268 ait,

1122 4296 1137 4325 a
1157 4275 1328 4327 Nimidicnm
1352 4277 1430 4327 nullo
1457 4277 1540 4329 moda
1563 4292 1579 4329 a
1607 4275 1745 4344 Cypriane
1775 4275 1941 4328 ordinatum

1121 4347 1323 4414 presbyterum,
1346 4347 1396 4399 sed
1422 4361 1488 4400 cum
1518 4351 1575 4414 jam
1614 4353 1729 4400 atterius
1768 4349 1934 4416 cujuspiam

1122 4419 1248 4472 ecclesiia
1269 4418 1414 4484 presbyter
1436 4425 1519 4483 esset,
1547 4425 1604 4471 tam
1626 4423 1759 4486 preclaro
1786 4421 1940 4472 exsudata

1121 4493 1251 4555 martyrio
1276 4503 1310 4540 eo
1336 4491 1442 4546 honore
1466 4492 1583 4562 dignum
1620 4493 1822 4556 existimatum,
1847 4495 1878 4542 ut
1905 4495 1937 4543 in

1121 4565 1251 4630 primaria
1267 4565 1351 4612 totius
1364 4563 1468 4613 Atriam
1480 4563 1606 4618 Ecclesia
1616 4561 1851 4630 Carthaginiensi,
1875 4576 1941 4628 pre·

1121 4635 1242 4699 sbyterio
1259 4635 1428 4698 iungeretur.
1443 4635 1568 4686 suadent
1589 4635 1663 4686 enim
1678 4636 1706 4687 id
1723 4635 1885 4686 illaverbn:
1902 4635 1940 4686 Ut

1122 4706 1285 4758 Numidicus
1300 4706 1445 4770 presbyter
1462 4707 1616 4758 ascribatur
1627 4706 1855 4776 presbyterorum
1867 4705 1940 4756 Car·

1121 4779 1336 4842 theginieusium
1355 4791 1487 4838 numero;
1514 4782 1542 4829 at
1557 4778 1592 4830 de
1605 4792 1677 4832 nova
1699 4778 1876 4830 ordinatione
1895 4778 1941 4841 ip-

1121 4851 1180 4901 sius
1201 4863 1237 4900 ne
1248 4849 1363 4902 verbum
1375 4851 1499 4914 quidem,
1516 4854 1547 4902 ut
1564 4849 1599 4901 de
1624 4849 1776 4901 lectoribus
1800 4847 1940 4900 ormnem

1121 4933 1210 4987 nuper
1225 4923 1353 4986 pluribus
1377 4923 1476 4973 iecisse
1498 4921 1645 4975 ardemus:
1662 4933 1780 4986 magnus
1788 4921 1896 4986 quippe
1914 4921 1938 4968 is

1121 4993 1288 5047 censebatur
1316 4991 1416 5056 honos,
1440 4997 1471 5044 ut
1488 5007 1551 5046 cum
1567 4997 1698 5060 episcopo
1725 5006 1754 5042 in
1780 4989 1939 5044 cathedrali

1122 5065 1240 5116 ecclesia
1251 5067 1322 5116 inter
1333 5065 1509 5129 presbyteros
1522 5065 1640 5117 sederet.
1660 5065 1832 5116 Dicebantur
1855 5063 1937 5112 istius

1121 5137 1196 5189 modi
1213 5138 1255 5188 sic
1276 5137 1427 5202 allegandi,
1455 5137 1641 5200 incardinari,;
1654 5143 1738 5206 atque
1756 5135 1844 5186 etiarn
1857 5133 1938 5184 asciti

1122 5208 1284 5260 cardinales.
1307 5223 1322 5255 s
1346 5209 1402 5260 sed
1425 5208 1453 5258 id
1467 5221 1578 5274 semper
1591 5209 1651 5276 agit
1666 5208 1872 5260 illustrissimus
1885 5217 1937 5254 an·

1121 5280 1221 5332 naliste
1233 5285 1263 5330 ut
1285 5281 1386 5330 esteris
1402 5281 1538 5332 Ecclesiae
1562 5293 1662 5342 mores,
1682 5280 1717 5332 ad
1736 5279 1885 5346 presentis
1900 5279 1937 5326 si-

1121 5353 1177 5405 culi
1191 5352 1287 5416 prexia
1297 5353 1497 5406 accommodet.
1511 5353 1633 5406 Sednoa
1642 5353 1711 5406 adeo
1725 5358 1887 5418 promptum
1894 5355 1937 5400 est

1121 5422 1234 5476 credere
1248 5437 1254 5472 ι
1268 5423 1404 5475 Ecclesia
1418 5424 1552 5478 Romana
1566 5425 1752 5492 presbyteros,
1766 5423 1806 5473 ita
1821 5421 1936 5473 aliunde

1121 5495 1248 5550 adscitos.
1259 5499 1289 5547 ut
1307 5498 1408 5547 exinde
1426 5511 1524 5550 omues
1540 5498 1695 5550 cardinales
1718 5495 1935 5560 appellarentur.

1153 5569 1320 5635 lieiaaltotas
1332 5584 1349 5622 a
1360 5570 1502 5622 comitibus.
1519 5571 1555 5621 Et
1569 5576 1741 5624 mortuorum
1762 5580 1867 5624 aceras
1889 5579 1936 5620 ex·

1121 5646 1234 5705 tractus,
1245 5648 1272 5694 et
1284 5642 1361 5694 fatali
1374 5643 1422 5692 iilo
1436 5653 1521 5694 onem
1532 5642 1642 5694 levatus

1153 5717 1289 5768 bonnarii
1310 5716 1409 5767 tacitas
1429 5714 1564 5782 Rigaltim
1587 5718 1634 5783 ait,
1658 5713 1933 5786 ‹indict022iblad-

1120 5791 1177 5848 bue
1188 5787 1223 5848 aa
1234 5787 1355 5849 boabo
1367 5791 1396 5846 ia
1412 5802 1496 5852 carne
1512 5797 1705 5855 marmania»
