<?xml version="1.0" encoding="UTF-8"?>
<!DOCTYPE html PUBLIC "-//W3C//DTD XHTML 1.0 Transitional//EN"
    "http://www.w3.org/TR/xhtml1/DTD/xhtml1-transitional.dtd">
<html xmlns="http://www.w3.org/1999/xhtml" xml:lang="en" lang="en">
 <head>
  <title>
</title>
<meta http-equiv="Content-Type" content="text/html;charset=utf-8" />
  <meta name='ocr-system' content='tesseract 3.04.00' />
  <meta name='ocr-capabilities' content='ocr_page ocr_carea ocr_par ocr_line ocrx_word'/>
</head>
<body>
  <div class='ocr_page' id='page_1' title='image "./patrologiaecurs85unkngoog_0090.png"; bbox 0 0 4076 6190; ppageno 0'>
   <div class='ocr_carea' id='block_1_1' title="bbox 131 133 1815 230">
    <p class='ocr_par' dir='ltr' id='par_1_1' title="bbox 131 133 1815 230">
     <span class='ocr_line' id='line_1_1' title="bbox 131 133 1815 230; baseline 0.003 -6"><span class='ocrx_word' id='word_1_1' title='bbox 131 167 181 226; x_wconf 80' lang='grc' dir='ltr'>ιιι</span> <span class='ocrx_word' id='word_1_2' title='bbox 234 133 237 150; x_wconf 85' lang='lat'>&#39;</span> <span class='ocrx_word' id='word_1_3' title='bbox 817 163 896 227; x_wconf 83' lang='lat' dir='ltr'>vira</span> <span class='ocrx_word' id='word_1_4' title='bbox 914 170 943 227; x_wconf 93' lang='lat' dir='ltr'>s.</span> <span class='ocrx_word' id='word_1_5' title='bbox 962 165 1131 226; x_wconf 80' lang='lat' dir='ltr'>curarim.</span> <span class='ocrx_word' id='word_1_6' title='bbox 1763 171 1815 230; x_wconf 84' lang='lat' dir='ltr'>uo</span> 
     </span>
    </p>
   </div>
   <div class='ocr_carea' id='block_1_2' title="bbox 122 291 1813 1212">
    <p class='ocr_par' dir='ltr' id='par_1_2' title="bbox 122 291 1813 1212">
     <span class='ocr_line' id='line_1_2' title="bbox 126 291 1813 380; baseline 0.002 -33"><span class='ocrx_word' id='word_1_7' title='bbox 126 293 212 350; x_wconf 86' lang='lat' dir='ltr'>nobis</span> <span class='ocrx_word' id='word_1_8' title='bbox 226 293 453 366; x_wconf 78' lang='lat' dir='ltr'>appropinquat,</span> <span class='ocrx_word' id='word_1_9' title='bbox 468 293 559 366; x_wconf 89' lang='lat' dir='ltr'>magis</span> <span class='ocrx_word' id='word_1_10' title='bbox 579 310 612 349; x_wconf 89' lang='lat' dir='ltr'>ac</span> <span class='ocrx_word' id='word_1_11' title='bbox 636 291 728 366; x_wconf 90' lang='lat' dir='ltr'>magis</span> <span class='ocrx_word' id='word_1_12' title='bbox 745 293 874 366; x_wconf 89' lang='lat' dir='ltr'>benigna</span> <span class='ocrx_word' id='word_1_13' title='bbox 886 293 947 366; x_wconf 88' lang='lat' dir='ltr'>ejus</span> <span class='ocrx_word' id='word_1_14' title='bbox 958 307 1062 380; x_wconf 63' lang='lat' dir='ltr'>Anus,</span> <span class='ocrx_word' id='word_1_15' title='bbox 1079 309 1180 366; x_wconf 90' lang='lat' dir='ltr'>parum</span> <span class='ocrx_word' id='word_1_16' title='bbox 1204 307 1265 349; x_wconf 90' lang='lat' dir='ltr'>esse</span> <span class='ocrx_word' id='word_1_17' title='bbox 1288 295 1368 348; x_wconf 90' lang='lat' dir='ltr'>ratus</span> <span class='ocrx_word' id='word_1_18' title='bbox 1394 294 1468 366; x_wconf 91' lang='lat' dir='ltr'>quod</span> <span class='ocrx_word' id='word_1_19' title='bbox 1488 294 1538 350; x_wconf 86' lang='lat' dir='ltr'>Dei</span> <span class='ocrx_word' id='word_1_20' title='bbox 1558 293 1673 368; x_wconf 79' lang='lat' dir='ltr'>plebem</span> <span class='ocrx_word' id='word_1_21' title='bbox 1700 295 1813 352; x_wconf 87' lang='lat' dir='ltr'>classico</span> 
     </span>
     <span class='ocr_line' id='line_1_3' title="bbox 127 387 1812 460; baseline 0.002 -18"><span class='ocrx_word' id='word_1_22' title='bbox 127 395 155 442; x_wconf 90' lang='lat' dir='ltr'>et</span> <span class='ocrx_word' id='word_1_23' title='bbox 175 388 258 458; x_wconf 87' lang='lat' dir='ltr'>larga</span> <span class='ocrx_word' id='word_1_24' title='bbox 277 388 406 459; x_wconf 78' lang='lat' dir='ltr'><strong>dignatio</strong></span> <span class='ocrx_word' id='word_1_25' title='bbox 427 389 513 444; x_wconf 88' lang='lat' dir='ltr'>corda</span> <span class='ocrx_word' id='word_1_26' title='bbox 532 393 627 442; x_wconf 87' lang='lat' dir='ltr'>nostra</span> <span class='ocrx_word' id='word_1_27' title='bbox 645 389 708 443; x_wconf 78' lang='lat' dir='ltr'>trice</span> <span class='ocrx_word' id='word_1_28' title='bbox 728 387 855 444; x_wconf 89' lang='lat' dir='ltr'>veritatis</span> <span class='ocrx_word' id='word_1_29' title='bbox 881 388 946 444; x_wconf 91' lang='lat' dir='ltr'>illu·</span> <span class='ocrx_word' id='word_1_30' title='bbox 998 403 1056 442; x_wconf 82' lang='lat' dir='ltr'>saae</span> <span class='ocrx_word' id='word_1_31' title='bbox 1070 387 1146 443; x_wconf 88' lang='lat' dir='ltr'>vocis</span> <span class='ocrx_word' id='word_1_32' title='bbox 1164 387 1296 460; x_wconf 75' lang='lat' dir='ltr'>erigeret,</span> <span class='ocrx_word' id='word_1_33' title='bbox 1318 388 1371 442; x_wconf 93' lang='lat' dir='ltr'>nisi</span> <span class='ocrx_word' id='word_1_34' title='bbox 1391 387 1568 444; x_wconf 87' lang='lat' dir='ltr'>credentium</span> <span class='ocrx_word' id='word_1_35' title='bbox 1587 389 1674 445; x_wconf 87' lang='lat' dir='ltr'>fidem</span> <span class='ocrx_word' id='word_1_36' title='bbox 1695 396 1722 446; x_wconf 86' lang='lat' dir='ltr'>et</span> <span class='ocrx_word' id='word_1_37' title='bbox 1740 391 1812 446; x_wconf 75' lang='lat' dir='ltr'>dirar-</span> 
     </span>
     <span class='ocr_line' id='line_1_4' title="bbox 127 479 1813 558; baseline 0.002 -22"><span class='ocrx_word' id='word_1_38' title='bbox 127 481 232 536; x_wconf 89' lang='lat' dir='ltr'>minat.</span> <span class='ocrx_word' id='word_1_39' title='bbox 243 503 258 530; x_wconf 73' lang='lat' dir='ltr'>a</span> <span class='ocrx_word' id='word_1_40' title='bbox 272 479 367 554; x_wconf 79' lang='lat'>167</span> <span class='ocrx_word' id='word_1_41' title='bbox 383 483 469 552; x_wconf 83' lang='lat' dir='ltr'>tlajus</span> <span class='ocrx_word' id='word_1_42' title='bbox 482 481 625 554; x_wconf 83' lang='lat' dir='ltr'>quidpiam</span> <span class='ocrx_word' id='word_1_43' title='bbox 639 480 766 537; x_wconf 88' lang='lat' dir='ltr'>indicant</span> <span class='ocrx_word' id='word_1_44' title='bbox 780 481 945 550; x_wconf 78' lang='lat' dir='ltr'>hoecverha,</span> <span class='ocrx_word' id='word_1_45' title='bbox 998 484 1058 537; x_wconf 90' lang='lat' dir='ltr'>tam</span> <span class='ocrx_word' id='word_1_46' title='bbox 1066 483 1122 537; x_wconf 85' lang='lat' dir='ltr'>[leo</span> <span class='ocrx_word' id='word_1_47' title='bbox 1132 480 1323 553; x_wconf 76' lang='lat' dir='ltr'><strong>devotamque</strong></span> <span class='ocrx_word' id='word_1_48' title='bbox 1334 481 1466 538; x_wconf 82' lang='lat' dir='ltr'>virtutem</span> <span class='ocrx_word' id='word_1_49' title='bbox 1481 481 1813 558; x_wconf 80' lang='lat' dir='ltr'>divina1681ectione</span> 
     </span>
     <span class='ocr_line' id='line_1_5' title="bbox 127 573 1813 648; baseline 0.004 -20"><span class='ocrx_word' id='word_1_50' title='bbox 127 591 214 647; x_wconf 87' lang='lat' dir='ltr'>quam</span> <span class='ocrx_word' id='word_1_51' title='bbox 234 581 267 629; x_wconf 89' lang='lat' dir='ltr'>ut</span> <span class='ocrx_word' id='word_1_52' title='bbox 288 576 323 630; x_wconf 90' lang='lat' dir='ltr'>de</span> <span class='ocrx_word' id='word_1_53' title='bbox 344 575 428 630; x_wconf 90' lang='lat' dir='ltr'>rebus</span> <span class='ocrx_word' id='word_1_54' title='bbox 446 576 475 630; x_wconf 92' lang='lat' dir='ltr'>in</span> <span class='ocrx_word' id='word_1_55' title='bbox 495 576 547 630; x_wconf 88' lang='lat' dir='ltr'>hac</span> <span class='ocrx_word' id='word_1_56' title='bbox 569 575 688 648; x_wconf 89' lang='lat' dir='ltr'>epistola</span> <span class='ocrx_word' id='word_1_57' title='bbox 707 575 888 648; x_wconf 85' lang='lat' dir='ltr'>pertractatis</span> <span class='ocrx_word' id='word_1_58' title='bbox 901 575 946 630; x_wconf 92' lang='lat' dir='ltr'>in·</span> <span class='ocrx_word' id='word_1_59' title='bbox 998 575 1136 630; x_wconf 81' lang='lat' dir='ltr'>firmaret.</span> <span class='ocrx_word' id='word_1_60' title='bbox 1173 573 1292 646; x_wconf 80' lang='lat' dir='ltr'>Scripsit</span> <span class='ocrx_word' id='word_1_61' title='bbox 1312 575 1408 646; x_wconf 87' lang='lat' dir='ltr'>itaque</span> <span class='ocrx_word' id='word_1_62' title='bbox 1430 575 1535 630; x_wconf 86' lang='lat' dir='ltr'>librum</span> <span class='ocrx_word' id='word_1_63' title='bbox 1559 577 1592 632; x_wconf 89' lang='lat' dir='ltr'>de</span> <span class='ocrx_word' id='word_1_64' title='bbox 1618 579 1813 634; x_wconf 75' lang='lat' dir='ltr'>Ertortmioue</span> 
     </span>
     <span class='ocr_line' id='line_1_6' title="bbox 126 667 1812 742; baseline 0.004 -20"><span class='ocrx_word' id='word_1_65' title='bbox 126 668 308 740; x_wconf 87' lang='lat' dir='ltr'>telligantur.</span> <span class='ocrx_word' id='word_1_66' title='bbox 322 671 388 724; x_wconf 87' lang='lat' dir='ltr'>Erat</span> <span class='ocrx_word' id='word_1_67' title='bbox 405 668 485 724; x_wconf 93' lang='lat' dir='ltr'>enim</span> <span class='ocrx_word' id='word_1_68' title='bbox 507 669 687 741; x_wconf 87' lang='lat' dir='ltr'>exploratum</span> <span class='ocrx_word' id='word_1_69' title='bbox 702 668 837 725; x_wconf 88' lang='lat' dir='ltr'>omnibus</span> <span class='ocrx_word' id='word_1_70' title='bbox 848 667 944 726; x_wconf 84' lang='lat' dir='ltr'>Chris·</span> <span class='ocrx_word' id='word_1_71' title='bbox 996 671 1135 740; x_wconf 68' lang='lat' dir='ltr'>martwti,</span> <span class='ocrx_word' id='word_1_72' title='bbox 1161 672 1254 726; x_wconf 91' lang='lat' dir='ltr'>totum</span> <span class='ocrx_word' id='word_1_73' title='bbox 1279 685 1354 741; x_wconf 89' lang='lat' dir='ltr'>pene</span> <span class='ocrx_word' id='word_1_74' title='bbox 1386 685 1419 724; x_wconf 87' lang='lat' dir='ltr'>ex</span> <span class='ocrx_word' id='word_1_75' title='bbox 1452 670 1605 742; x_wconf 78' lang='lat' dir='ltr'>Scripturas</span> <span class='ocrx_word' id='word_1_76' title='bbox 1640 673 1812 728; x_wconf 76' lang='lat' dir='ltr'>testimoniis</span> 
     </span>
     <span class='ocr_line' id='line_1_7' title="bbox 127 761 1812 838; baseline 0.004 -22"><span class='ocrx_word' id='word_1_77' title='bbox 127 761 213 816; x_wconf 73' lang='lat' dir='ltr'>uanis</span> <span class='ocrx_word' id='word_1_78' title='bbox 226 762 402 833; x_wconf 88' lang='lat' dir='ltr'>sanguinem</span> <span class='ocrx_word' id='word_1_79' title='bbox 419 762 525 818; x_wconf 80' lang='lat' dir='ltr'>Christi</span> <span class='ocrx_word' id='word_1_80' title='bbox 548 761 578 816; x_wconf 94' lang='lat' dir='ltr'>in</span> <span class='ocrx_word' id='word_1_81' title='bbox 601 761 686 816; x_wconf 88' lang='lat' dir='ltr'>calice</span> <span class='ocrx_word' id='word_1_82' title='bbox 709 777 844 818; x_wconf 89' lang='lat' dir='ltr'>essenon</span> <span class='ocrx_word' id='word_1_83' title='bbox 865 778 947 834; x_wconf 87' lang='lat' dir='ltr'>posse</span> <span class='ocrx_word' id='word_1_84' title='bbox 997 762 1199 835; x_wconf 89' lang='lat' dir='ltr'>compositum.</span> <span class='ocrx_word' id='word_1_85' title='bbox 1221 763 1334 818; x_wconf 82' lang='lat' dir='ltr'>Frustra</span> <span class='ocrx_word' id='word_1_86' title='bbox 1356 765 1490 820; x_wconf 83' lang='lat' dir='ltr'>[tamaius</span> <span class='ocrx_word' id='word_1_87' title='bbox 1516 767 1543 818; x_wconf 89' lang='lat' dir='ltr'>et</span> <span class='ocrx_word' id='word_1_88' title='bbox 1561 765 1653 819; x_wconf 82' lang='lat' dir='ltr'>l&#39;ellus</span> <span class='ocrx_word' id='word_1_89' title='bbox 1671 766 1723 821; x_wconf 89' lang='lat' dir='ltr'>hoc</span> <span class='ocrx_word' id='word_1_90' title='bbox 1741 782 1812 838; x_wconf 93' lang='lat' dir='ltr'>opus</span> 
     </span>
     <span class='ocr_line' id='line_1_8' title="bbox 126 853 1809 929; baseline 0.004 -21"><span class='ocrx_word' id='word_1_91' title='bbox 126 855 177 908; x_wconf 87' lang='lat' dir='ltr'>nisi</span> <span class='ocrx_word' id='word_1_92' title='bbox 193 853 299 912; x_wconf 78' lang='lat' dir='ltr'>siniam</span> <span class='ocrx_word' id='word_1_93' title='bbox 312 854 466 926; x_wconf 81' lang='lat' dir='ltr'>offeratur;</span> <span class='ocrx_word' id='word_1_94' title='bbox 482 855 606 927; x_wconf 89' lang='lat' dir='ltr'>atqueiu</span> <span class='ocrx_word' id='word_1_95' title='bbox 621 855 673 910; x_wconf 92' lang='lat' dir='ltr'>hoc</span> <span class='ocrx_word' id='word_1_96' title='bbox 686 870 795 927; x_wconf 88' lang='lat' dir='ltr'>genere</span> <span class='ocrx_word' id='word_1_97' title='bbox 808 854 947 929; x_wconf 81' lang='lat' dir='ltr'>perpauci</span> <span class='ocrx_word' id='word_1_98' title='bbox 997 857 1049 910; x_wconf 93' lang='lat' dir='ltr'>sub</span> <span class='ocrx_word' id='word_1_99' title='bbox 1064 855 1142 913; x_wconf 86' lang='lat' dir='ltr'>Gallo</span> <span class='ocrx_word' id='word_1_100' title='bbox 1157 857 1314 924; x_wconf 86' lang='lat' dir='ltr'>collocant;</span> <span class='ocrx_word' id='word_1_101' title='bbox 1336 863 1502 914; x_wconf 86' lang='lat' dir='ltr'>recensetur</span> <span class='ocrx_word' id='word_1_102' title='bbox 1514 857 1593 912; x_wconf 90' lang='lat' dir='ltr'>enim</span> <span class='ocrx_word' id='word_1_103' title='bbox 1606 874 1623 912; x_wconf 89' lang='lat' dir='ltr'>a</span> <span class='ocrx_word' id='word_1_104' title='bbox 1637 859 1735 914; x_wconf 82' lang='lat' dir='ltr'>l’ontio</span> <span class='ocrx_word' id='word_1_105' title='bbox 1751 860 1809 916; x_wconf 91' lang='lat' dir='ltr'>dia-</span> 
     </span>
     <span class='ocr_line' id='line_1_9' title="bbox 123 947 1811 1023; baseline 0.004 -21"><span class='ocrx_word' id='word_1_106' title='bbox 123 947 295 1020; x_wconf 83' lang='lat' dir='ltr'>peceabant,</span> <span class='ocrx_word' id='word_1_107' title='bbox 325 948 412 1021; x_wconf 89' lang='lat' dir='ltr'>idque</span> <span class='ocrx_word' id='word_1_108' title='bbox 439 953 517 1006; x_wconf 90' lang='lat' dir='ltr'>metu</span> <span class='ocrx_word' id='word_1_109' title='bbox 546 948 638 1020; x_wconf 86' lang='lat' dir='ltr'>magis</span> <span class='ocrx_word' id='word_1_110' title='bbox 661 954 689 1004; x_wconf 92' lang='lat' dir='ltr'>et</span> <span class='ocrx_word' id='word_1_111' title='bbox 713 965 798 1021; x_wconf 88' lang='lat' dir='ltr'>pravo</span> <span class='ocrx_word' id='word_1_112' title='bbox 825 950 945 1021; x_wconf 89' lang='lat' dir='ltr'>pudore,</span> <span class='ocrx_word' id='word_1_113' title='bbox 996 949 1247 1022; x_wconf 89' lang='lat' dir='ltr'>conopostlihros</span> <span class='ocrx_word' id='word_1_114' title='bbox 1263 951 1447 1006; x_wconf 84' lang='lat' dir='ltr'>chatients‘c</span> <span class='ocrx_word' id='word_1_115' title='bbox 1472 955 1501 1006; x_wconf 92' lang='lat' dir='ltr'>et</span> <span class='ocrx_word' id='word_1_116' title='bbox 1524 951 1557 1006; x_wconf 87' lang='lat' dir='ltr'>de</span> <span class='ocrx_word' id='word_1_117' title='bbox 1578 951 1637 1006; x_wconf 87' lang='lat' dir='ltr'>Zeto</span> <span class='ocrx_word' id='word_1_118' title='bbox 1657 957 1682 1006; x_wconf 87' lang='lat' dir='ltr'>et</span> <span class='ocrx_word' id='word_1_119' title='bbox 1706 953 1811 1023; x_wconf 80' lang='lat' dir='ltr'>liuore,</span> 
     </span>
     <span class='ocr_line' id='line_1_10' title="bbox 123 1042 1810 1119; baseline 0.004 -23"><span class='ocrx_word' id='word_1_120' title='bbox 123 1042 540 1114; x_wconf 73' lang='lat' dir='ltr'>quamerrorepertinaci.ht</span> <span class='ocrx_word' id='word_1_121' title='bbox 559 1042 892 1114; x_wconf 89' lang='lat' dir='ltr'>incontrovcrsiaquam</span> <span class='ocrx_word' id='word_1_122' title='bbox 909 1043 946 1098; x_wconf 88' lang='lat' dir='ltr'>de</span> <span class='ocrx_word' id='word_1_123' title='bbox 997 1045 1029 1097; x_wconf 93' lang='lat' dir='ltr'>ut</span> <span class='ocrx_word' id='word_1_124' title='bbox 1055 1044 1187 1099; x_wconf 88' lang='lat' dir='ltr'>observat</span> <span class='ocrx_word' id='word_1_125' title='bbox 1210 1043 1414 1100; x_wconf 72' lang='lat' dir='ltr'>tillemontius.</span> <span class='ocrx_word' id='word_1_126' title='bbox 1447 1045 1519 1101; x_wconf 90' lang='lat' dir='ltr'>Cum</span> <span class='ocrx_word' id='word_1_127' title='bbox 1546 1049 1642 1100; x_wconf 90' lang='lat' dir='ltr'>autem</span> <span class='ocrx_word' id='word_1_128' title='bbox 1676 1046 1810 1119; x_wconf 82' lang='lat' dir='ltr'>Cypriani</span> 
     </span>
     <span class='ocr_line' id='line_1_11' title="bbox 122 1135 1812 1212; baseline 0.003 -22"><span class='ocrx_word' id='word_1_129' title='bbox 122 1135 269 1208; x_wconf 87' lang='lat' dir='ltr'>baptismo</span> <span class='ocrx_word' id='word_1_130' title='bbox 282 1136 441 1210; x_wconf 89' lang='lat' dir='ltr'>Cyprianus</span> <span class='ocrx_word' id='word_1_131' title='bbox 454 1152 518 1192; x_wconf 89' lang='lat' dir='ltr'>cum</span> <span class='ocrx_word' id='word_1_132' title='bbox 539 1141 583 1192; x_wconf 88' lang='lat' dir='ltr'>tot</span> <span class='ocrx_word' id='word_1_133' title='bbox 602 1136 730 1192; x_wconf 87' lang='lat' dir='ltr'>Ecclesiis</span> <span class='ocrx_word' id='word_1_134' title='bbox 744 1135 855 1206; x_wconf 90' lang='lat' dir='ltr'>habuit,</span> <span class='ocrx_word' id='word_1_135' title='bbox 872 1135 944 1192; x_wconf 90' lang='lat' dir='ltr'>veri·</span> <span class='ocrx_word' id='word_1_136' title='bbox 996 1137 1136 1194; x_wconf 81' lang='lat' dir='ltr'>confessio</span> <span class='ocrx_word' id='word_1_137' title='bbox 1159 1141 1189 1193; x_wconf 91' lang='lat' dir='ltr'>et</span> <span class='ocrx_word' id='word_1_138' title='bbox 1203 1137 1370 1210; x_wconf 89' lang='lat' dir='ltr'>martyrium</span> <span class='ocrx_word' id='word_1_139' title='bbox 1391 1137 1479 1209; x_wconf 88' lang='lat' dir='ltr'>ipsius</span> <span class='ocrx_word' id='word_1_140' title='bbox 1500 1138 1579 1202; x_wconf 89' lang='lat' dir='ltr'>actis,</span> <span class='ocrx_word' id='word_1_141' title='bbox 1597 1155 1661 1212; x_wconf 81' lang='lat' dir='ltr'>quse</span> <span class='ocrx_word' id='word_1_142' title='bbox 1676 1140 1750 1195; x_wconf 84' lang='lat' dir='ltr'>infra</span> <span class='ocrx_word' id='word_1_143' title='bbox 1763 1157 1812 1212; x_wconf 90' lang='lat' dir='ltr'>ap-</span> 
     </span>
    </p>
   </div>
   <div class='ocr_carea' id='block_1_3' title="bbox 123 1229 1910 1306">
    <p class='ocr_par' dir='ltr' id='par_1_3' title="bbox 123 1229 1910 1306">
     <span class='ocr_line' id='line_1_12' title="bbox 123 1229 1910 1306; baseline 0.001 -22"><span class='ocrx_word' id='word_1_144' title='bbox 123 1234 211 1284; x_wconf 82' lang='lat' dir='ltr'>tatam</span> <span class='ocrx_word' id='word_1_145' title='bbox 233 1230 336 1286; x_wconf 90' lang='lat' dir='ltr'>sibiet</span> <span class='ocrx_word' id='word_1_146' title='bbox 359 1230 475 1302; x_wconf 87' lang='lat' dir='ltr'>collegis</span> <span class='ocrx_word' id='word_1_147' title='bbox 498 1229 576 1286; x_wconf 92' lang='lat' dir='ltr'>idem</span> <span class='ocrx_word' id='word_1_148' title='bbox 597 1229 785 1286; x_wconf 75' lang='lat' dir='ltr'>sentientibus</span> <span class='ocrx_word' id='word_1_149' title='bbox 807 1229 945 1302; x_wconf 81' lang='lat' dir='ltr'>singulari</span> <span class='ocrx_word' id='word_1_150' title='bbox 995 1248 1144 1303; x_wconf 88' lang='lat' dir='ltr'>ponemus,</span> <span class='ocrx_word' id='word_1_151' title='bbox 1167 1231 1335 1304; x_wconf 87' lang='lat' dir='ltr'>consignata</span> <span class='ocrx_word' id='word_1_152' title='bbox 1357 1229 1424 1300; x_wconf 90' lang='lat' dir='ltr'>sint,</span> <span class='ocrx_word' id='word_1_153' title='bbox 1449 1247 1507 1287; x_wconf 89' lang='lat' dir='ltr'>non</span> <span class='ocrx_word' id='word_1_154' title='bbox 1531 1237 1620 1288; x_wconf 91' lang='lat' dir='ltr'>teram</span> <span class='ocrx_word' id='word_1_155' title='bbox 1648 1237 1760 1306; x_wconf 91' lang='lat' dir='ltr'>tempus</span> <span class='ocrx_word' id='word_1_156' title='bbox 1779 1235 1807 1289; x_wconf 90' lang='lat' dir='ltr'>in</span> <span class='ocrx_word' id='word_1_157' title='bbox 1906 1277 1910 1286; x_wconf 87' lang='grc'><em>,</em></span> 
     </span>
    </p>
   </div>
   <div class='ocr_carea' id='block_1_4' title="bbox 104 1321 1885 5718">
    <p class='ocr_par' dir='ltr' id='par_1_4' title="bbox 121 1321 1809 1959">
     <span class='ocr_line' id='line_1_13' title="bbox 121 1321 1808 1399; baseline 0.004 -23"><span class='ocrx_word' id='word_1_158' title='bbox 121 1323 266 1380; x_wconf 83' lang='lat' dir='ltr'>beneficio</span> <span class='ocrx_word' id='word_1_159' title='bbox 294 1325 446 1379; x_wconf 83' lang='lat' dir='ltr'>revelatam</span> <span class='ocrx_word' id='word_1_160' title='bbox 471 1323 670 1392; x_wconf 78' lang='lat' dir='ltr'>contendebat,</span> <span class='ocrx_word' id='word_1_161' title='bbox 704 1326 736 1379; x_wconf 91' lang='lat' dir='ltr'>ut</span> <span class='ocrx_word' id='word_1_162' title='bbox 771 1321 944 1396; x_wconf 74' lang='lat' dir='ltr'>precedenti</span> <span class='ocrx_word' id='word_1_163' title='bbox 995 1325 1095 1381; x_wconf 88' lang='lat' dir='ltr'>iisdem</span> <span class='ocrx_word' id='word_1_164' title='bbox 1110 1324 1193 1381; x_wconf 89' lang='lat' dir='ltr'>rebus</span> <span class='ocrx_word' id='word_1_165' title='bbox 1209 1325 1388 1394; x_wconf 88' lang='lat' dir='ltr'>enarrandis,</span> <span class='ocrx_word' id='word_1_166' title='bbox 1409 1324 1459 1381; x_wconf 90' lang='lat' dir='ltr'>sed</span> <span class='ocrx_word' id='word_1_167' title='bbox 1482 1325 1549 1382; x_wconf 91' lang='lat' dir='ltr'>satis</span> <span class='ocrx_word' id='word_1_168' title='bbox 1568 1327 1624 1383; x_wconf 87' lang='lat' dir='ltr'>erit</span> <span class='ocrx_word' id='word_1_169' title='bbox 1640 1328 1758 1399; x_wconf 89' lang='lat' dir='ltr'>scriptas</span> <span class='ocrx_word' id='word_1_170' title='bbox 1779 1329 1808 1384; x_wconf 94' lang='lat' dir='ltr'>in</span> 
     </span>
     <span class='ocr_line' id='line_1_14' title="bbox 123 1416 1716 1492; baseline 0.004 -22"><span class='ocrx_word' id='word_1_171' title='bbox 123 1417 218 1487; x_wconf 88' lang='lat' dir='ltr'>capite</span> <span class='ocrx_word' id='word_1_172' title='bbox 242 1416 471 1474; x_wconf 79' lang='lat' dir='ltr'>observavimus.</span> <span class='ocrx_word' id='word_1_173' title='bbox 494 1419 571 1474; x_wconf 86' lang='lat' dir='ltr'>lianc</span> <span class='ocrx_word' id='word_1_174' title='bbox 595 1417 759 1473; x_wconf 86' lang='lat' dir='ltr'>uberiorem</span> <span class='ocrx_word' id='word_1_175' title='bbox 784 1416 945 1473; x_wconf 79' lang='lat' dir='ltr'>illustratio</span> <span class='ocrx_word' id='word_1_176' title='bbox 994 1419 1047 1474; x_wconf 91' lang='lat' dir='ltr'>hac</span> <span class='ocrx_word' id='word_1_177' title='bbox 1062 1419 1261 1492; x_wconf 89' lang='lat' dir='ltr'>persecutione</span> <span class='ocrx_word' id='word_1_178' title='bbox 1275 1418 1405 1490; x_wconf 86' lang='lat' dir='ltr'>epistolas</span> <span class='ocrx_word' id='word_1_179' title='bbox 1419 1419 1543 1476; x_wconf 87' lang='lat' dir='ltr'>breviter</span> <span class='ocrx_word' id='word_1_180' title='bbox 1560 1437 1716 1479; x_wconf 88' lang='lat' dir='ltr'>recensere.</span> 
     </span>
     <span class='ocr_line' id='line_1_15' title="bbox 124 1509 1805 1582; baseline 0.006 -20"><span class='ocrx_word' id='word_1_181' title='bbox 124 1525 201 1576; x_wconf 87' lang='lat' dir='ltr'>nem,</span> <span class='ocrx_word' id='word_1_182' title='bbox 211 1509 290 1565; x_wconf 91' lang='lat' dir='ltr'>hanc</span> <span class='ocrx_word' id='word_1_183' title='bbox 302 1510 457 1582; x_wconf 89' lang='lat' dir='ltr'>benignam</span> <span class='ocrx_word' id='word_1_184' title='bbox 469 1513 498 1566; x_wconf 91' lang='lat' dir='ltr'>et</span> <span class='ocrx_word' id='word_1_185' title='bbox 508 1510 617 1582; x_wconf 89' lang='lat' dir='ltr'>largam</span> <span class='ocrx_word' id='word_1_186' title='bbox 628 1509 731 1567; x_wconf 82' lang='lat' dir='ltr'>Christi</span> <span class='ocrx_word' id='word_1_187' title='bbox 745 1509 943 1582; x_wconf 77' lang='lat' dir='ltr'>dignationem</span> <span class='ocrx_word' id='word_1_188' title='bbox 1030 1515 1103 1570; x_wconf 88' lang='lat' dir='ltr'>Cum</span> <span class='ocrx_word' id='word_1_189' title='bbox 1118 1512 1255 1568; x_wconf 81' lang='lat' dir='ltr'>edixisset</span> <span class='ocrx_word' id='word_1_190' title='bbox 1271 1512 1437 1568; x_wconf 87' lang='lat' dir='ltr'>Valerianus</span> <span class='ocrx_word' id='word_1_191' title='bbox 1455 1529 1491 1570; x_wconf 92' lang='lat' dir='ltr'>ne</span> <span class='ocrx_word' id='word_1_192' title='bbox 1510 1514 1666 1570; x_wconf 87' lang='lat' dir='ltr'>Christiani</span> <span class='ocrx_word' id='word_1_193' title='bbox 1683 1531 1805 1572; x_wconf 89' lang='lat' dir='ltr'>conven-</span> 
     </span>
     <span class='ocr_line' id='line_1_16' title="bbox 123 1603 1807 1682; baseline 0.005 -25"><span class='ocrx_word' id='word_1_194' title='bbox 123 1603 217 1658; x_wconf 88' lang='lat' dir='ltr'>nbiter</span> <span class='ocrx_word' id='word_1_195' title='bbox 229 1609 352 1675; x_wconf 86' lang='lat' dir='ltr'>tangere</span> <span class='ocrx_word' id='word_1_196' title='bbox 365 1603 479 1660; x_wconf 87' lang='lat' dir='ltr'>videtur</span> <span class='ocrx_word' id='word_1_197' title='bbox 499 1603 528 1659; x_wconf 93' lang='lat' dir='ltr'>in</span> <span class='ocrx_word' id='word_1_198' title='bbox 547 1605 601 1660; x_wconf 89' lang='lat' dir='ltr'>hac</span> <span class='ocrx_word' id='word_1_199' title='bbox 617 1603 738 1676; x_wconf 91' lang='lat' dir='ltr'>epistola</span> <span class='ocrx_word' id='word_1_200' title='bbox 760 1606 804 1660; x_wconf 81' lang='grc'>63.</span> <span class='ocrx_word' id='word_1_201' title='bbox 830 1605 888 1659; x_wconf 86' lang='grc' dir='ltr'>Ηιιι·</span> <span class='ocrx_word' id='word_1_202' title='bbox 901 1619 944 1660; x_wconf 85' lang='lat' dir='ltr'>ac-</span> <span class='ocrx_word' id='word_1_203' title='bbox 993 1611 1039 1662; x_wconf 91' lang='lat' dir='ltr'>tus</span> <span class='ocrx_word' id='word_1_204' title='bbox 1053 1612 1170 1678; x_wconf 88' lang='lat' dir='ltr'>agerent</span> <span class='ocrx_word' id='word_1_205' title='bbox 1183 1610 1211 1662; x_wconf 92' lang='lat' dir='ltr'>et</span> <span class='ocrx_word' id='word_1_206' title='bbox 1225 1605 1386 1661; x_wconf 72' lang='lat' dir='ltr'>coemeteria</span> <span class='ocrx_word' id='word_1_207' title='bbox 1399 1605 1630 1678; x_wconf 81' lang='lat' dir='ltr'>ingrederentur,</span> <span class='ocrx_word' id='word_1_208' title='bbox 1639 1613 1689 1664; x_wconf 91' lang='lat' dir='ltr'>aut</span> <span class='ocrx_word' id='word_1_209' title='bbox 1703 1609 1726 1664; x_wconf 92' lang='lat' dir='ltr'>si</span> <span class='ocrx_word' id='word_1_210' title='bbox 1742 1610 1807 1682; x_wconf 89' lang='lat' dir='ltr'>quis</span> 
     </span>
     <span class='ocr_line' id='line_1_17' title="bbox 123 1677 1806 1774; baseline 0.005 -23"><span class='ocrx_word' id='word_1_211' title='bbox 123 1696 200 1752; x_wconf 86' lang='lat' dir='ltr'>cedit</span> <span class='ocrx_word' id='word_1_212' title='bbox 215 1698 294 1768; x_wconf 93' lang='lat' dir='ltr'>quod</span> <span class='ocrx_word' id='word_1_213' title='bbox 307 1697 448 1770; x_wconf 86' lang='lat' dir='ltr'>objectam</span> <span class='ocrx_word' id='word_1_214' title='bbox 468 1697 681 1754; x_wconf 90' lang='lat' dir='ltr'>consuetudinis</span> <span class='ocrx_word' id='word_1_215' title='bbox 694 1698 893 1754; x_wconf 89' lang='lat' dir='ltr'>auctoritatem</span> <span class='ocrx_word' id='word_1_216' title='bbox 914 1677 1060 1756; x_wconf 81' lang='lat' dir='ltr'>ithuic</span> <span class='ocrx_word' id='word_1_217' title='bbox 1087 1702 1230 1771; x_wconf 75' lang='lat' dir='ltr'>praecepto</span> <span class='ocrx_word' id='word_1_218' title='bbox 1259 1715 1317 1754; x_wconf 92' lang='lat' dir='ltr'>non</span> <span class='ocrx_word' id='word_1_219' title='bbox 1351 1705 1475 1771; x_wconf 86' lang='lat' dir='ltr'>pareret,</span> <span class='ocrx_word' id='word_1_220' title='bbox 1502 1701 1594 1773; x_wconf 89' lang='lat' dir='ltr'>eapite</span> <span class='ocrx_word' id='word_1_221' title='bbox 1624 1702 1806 1774; x_wconf 89' lang='lat' dir='ltr'>plecteretur,</span> 
     </span>
     <span class='ocr_line' id='line_1_18' title="bbox 123 1791 1807 1866; baseline 0.006 -22"><span class='ocrx_word' id='word_1_222' title='bbox 123 1791 253 1862; x_wconf 82' lang='lat' dir='ltr'>epistolis</span> <span class='ocrx_word' id='word_1_223' title='bbox 277 1792 312 1848; x_wconf 91' lang='lat' dir='ltr'>de</span> <span class='ocrx_word' id='word_1_224' title='bbox 334 1791 477 1866; x_wconf 86' lang='lat' dir='ltr'>baptismo</span> <span class='ocrx_word' id='word_1_225' title='bbox 501 1791 611 1864; x_wconf 87' lang='lat' dir='ltr'>scriptis</span> <span class='ocrx_word' id='word_1_226' title='bbox 632 1791 734 1848; x_wconf 89' lang='lat' dir='ltr'>eodem</span> <span class='ocrx_word' id='word_1_227' title='bbox 756 1792 839 1847; x_wconf 90' lang='lat' dir='ltr'>modo</span> <span class='ocrx_word' id='word_1_228' title='bbox 859 1809 892 1848; x_wconf 91' lang='lat' dir='ltr'>ac</span> <span class='ocrx_word' id='word_1_229' title='bbox 913 1792 943 1847; x_wconf 90' lang='lat' dir='ltr'>iu</span> <span class='ocrx_word' id='word_1_230' title='bbox 993 1793 1152 1865; x_wconf 88' lang='lat' dir='ltr'>Cyprianus</span> <span class='ocrx_word' id='word_1_231' title='bbox 1163 1793 1294 1848; x_wconf 90' lang='lat' dir='ltr'>omnium</span> <span class='ocrx_word' id='word_1_232' title='bbox 1308 1794 1419 1865; x_wconf 89' lang='lat' dir='ltr'>primus</span> <span class='ocrx_word' id='word_1_233' title='bbox 1440 1793 1470 1849; x_wconf 92' lang='lat' dir='ltr'>in</span> <span class='ocrx_word' id='word_1_234' title='bbox 1489 1794 1581 1849; x_wconf 75' lang='lat' dir='ltr'>Africa</span> <span class='ocrx_word' id='word_1_235' title='bbox 1602 1797 1807 1866; x_wconf 87' lang='lat' dir='ltr'>persecutionis</span> 
     </span>
     <span class='ocr_line' id='line_1_19' title="bbox 123 1883 1809 1959; baseline 0.004 -21"><span class='ocrx_word' id='word_1_236' title='bbox 123 1883 306 1956; x_wconf 86' lang='lat' dir='ltr'>sexagesima</span> <span class='ocrx_word' id='word_1_237' title='bbox 322 1884 408 1942; x_wconf 85' lang='lat' dir='ltr'>tertia</span> <span class='ocrx_word' id='word_1_238' title='bbox 419 1885 532 1941; x_wconf 79' lang='lat' dir='ltr'>refellit.</span> <span class='ocrx_word' id='word_1_239' title='bbox 994 1887 1136 1959; x_wconf 90' lang='lat' dir='ltr'>impetum</span> <span class='ocrx_word' id='word_1_240' title='bbox 1159 1885 1274 1942; x_wconf 82' lang='lat' dir='ltr'>videtur</span> <span class='ocrx_word' id='word_1_241' title='bbox 1296 1886 1449 1958; x_wconf 81' lang='lat' dir='ltr'>excepisse.</span> <span class='ocrx_word' id='word_1_242' title='bbox 1472 1887 1504 1943; x_wconf 92' lang='lat' dir='ltr'>ld</span> <span class='ocrx_word' id='word_1_243' title='bbox 1526 1887 1602 1943; x_wconf 92' lang='lat' dir='ltr'>euim</span> <span class='ocrx_word' id='word_1_244' title='bbox 1624 1889 1809 1945; x_wconf 89' lang='lat' dir='ltr'>observarunt</span> 
     </span>
    </p>

    <p class='ocr_par' dir='ltr' id='par_1_5' title="bbox 117 1979 1809 2804">
     <span class='ocr_line' id='line_1_20' title="bbox 152 1979 1807 2055; baseline 0.005 -23"><span class='ocrx_word' id='word_1_245' title='bbox 152 1979 234 2032; x_wconf 85' lang='lat' dir='ltr'>ilaue</span> <span class='ocrx_word' id='word_1_246' title='bbox 248 1981 345 2033; x_wconf 63' lang='lat' dir='ltr'>umen</span> <span class='ocrx_word' id='word_1_247' title='bbox 363 1979 513 2052; x_wconf 87' lang='lat' dir='ltr'>epistolam</span> <span class='ocrx_word' id='word_1_248' title='bbox 528 1979 696 2036; x_wconf 89' lang='lat' dir='ltr'>Pearsonius</span> <span class='ocrx_word' id='word_1_249' title='bbox 716 1979 751 2035; x_wconf 92' lang='lat' dir='ltr'>ad</span> <span class='ocrx_word' id='word_1_250' title='bbox 766 1994 876 2036; x_wconf 86' lang='lat' dir='ltr'>annum</span> <span class='ocrx_word' id='word_1_251' title='bbox 890 1981 942 2035; x_wconf 75' lang='lat'>253</span> <span class='ocrx_word' id='word_1_252' title='bbox 993 1980 1097 2036; x_wconf 89' lang='lat' dir='ltr'>eruditi</span> <span class='ocrx_word' id='word_1_253' title='bbox 1110 1980 1162 2035; x_wconf 90' lang='lat' dir='ltr'>viri</span> <span class='ocrx_word' id='word_1_254' title='bbox 1176 1996 1209 2034; x_wconf 87' lang='lat' dir='ltr'>ex</span> <span class='ocrx_word' id='word_1_255' title='bbox 1222 1979 1267 2034; x_wconf 92' lang='lat' dir='ltr'>his</span> <span class='ocrx_word' id='word_1_256' title='bbox 1285 1979 1376 2034; x_wconf 88' lang='lat' dir='ltr'>verbis</span> <span class='ocrx_word' id='word_1_257' title='bbox 1395 1979 1478 2053; x_wconf 89' lang='lat' dir='ltr'>epist.</span> <span class='ocrx_word' id='word_1_258' title='bbox 1501 1981 1545 2048; x_wconf 85' lang='lat'>78,</span> <span class='ocrx_word' id='word_1_259' title='bbox 1571 1981 1618 2037; x_wconf 90' lang='lat' dir='ltr'>ubi</span> <span class='ocrx_word' id='word_1_260' title='bbox 1634 1983 1807 2055; x_wconf 81' lang='lat' dir='ltr'>Cyprianum</span> 
     </span>
     <span class='ocr_line' id='line_1_21' title="bbox 119 2071 1809 2146; baseline 0.005 -21"><span class='ocrx_word' id='word_1_261' title='bbox 119 2071 242 2126; x_wconf 86' lang='lat' dir='ltr'>collocat</span> <span class='ocrx_word' id='word_1_262' title='bbox 258 2072 290 2126; x_wconf 90' lang='lat' dir='ltr'>in</span> <span class='ocrx_word' id='word_1_263' title='bbox 303 2072 374 2128; x_wconf 86' lang='lat' dir='ltr'>Galli</span> <span class='ocrx_word' id='word_1_264' title='bbox 387 2075 418 2128; x_wconf 88' lang='lat' dir='ltr'>et</span> <span class='ocrx_word' id='word_1_265' title='bbox 434 2071 576 2129; x_wconf 83' lang='lat' dir='ltr'>Volusiani</span> <span class='ocrx_word' id='word_1_266' title='bbox 597 2073 806 2146; x_wconf 86' lang='lat' dir='ltr'>persecutione.</span> <span class='ocrx_word' id='word_1_267' title='bbox 820 2073 943 2145; x_wconf 80' lang='lat' dir='ltr'>&#39;tempus</span> <span class='ocrx_word' id='word_1_268' title='bbox 993 2073 1032 2129; x_wconf 88' lang='lat' dir='ltr'>sic</span> <span class='ocrx_word' id='word_1_269' title='bbox 1052 2075 1190 2146; x_wconf 89' lang='lat' dir='ltr'>martyres</span> <span class='ocrx_word' id='word_1_270' title='bbox 1207 2074 1411 2146; x_wconf 89' lang='lat' dir='ltr'>alloquuntur:</span> <span class='ocrx_word' id='word_1_271' title='bbox 1429 2073 1541 2139; x_wconf 81' lang='lat' dir='ltr'>«Quasi</span> <span class='ocrx_word' id='word_1_272' title='bbox 1563 2074 1654 2131; x_wconf 90' lang='lat' dir='ltr'>bonus</span> <span class='ocrx_word' id='word_1_273' title='bbox 1676 2082 1705 2133; x_wconf 92' lang='lat' dir='ltr'>et</span> <span class='ocrx_word' id='word_1_274' title='bbox 1724 2094 1809 2134; x_wconf 89' lang='lat' dir='ltr'>verus</span> 
     </span>
     <span class='ocr_line' id='line_1_22' title="bbox 117 2163 1806 2242; baseline 0.005 -24"><span class='ocrx_word' id='word_1_275' title='bbox 117 2163 335 2236; x_wconf 85' lang='lat' dir='ltr'>persecutionis</span> <span class='ocrx_word' id='word_1_276' title='bbox 354 2165 465 2240; x_wconf 86' lang='lat' dir='ltr'>colligit</span> <span class='ocrx_word' id='word_1_277' title='bbox 486 2171 548 2222; x_wconf 90' lang='lat' dir='ltr'>tum</span> <span class='ocrx_word' id='word_1_278' title='bbox 568 2183 601 2222; x_wconf 86' lang='lat' dir='ltr'>ex</span> <span class='ocrx_word' id='word_1_279' title='bbox 621 2167 725 2223; x_wconf 88' lang='lat' dir='ltr'>Christi</span> <span class='ocrx_word' id='word_1_280' title='bbox 741 2167 878 2224; x_wconf 91' lang='lat' dir='ltr'>adventus</span> <span class='ocrx_word' id='word_1_281' title='bbox 892 2182 940 2221; x_wconf 88' lang='lat' dir='ltr'>ex·</span> <span class='ocrx_word' id='word_1_282' title='bbox 993 2167 1101 2236; x_wconf 90' lang='lat' dir='ltr'>doctor,</span> <span class='ocrx_word' id='word_1_283' title='bbox 1117 2168 1184 2241; x_wconf 90' lang='lat' dir='ltr'>quid</span> <span class='ocrx_word' id='word_1_284' title='bbox 1199 2183 1250 2222; x_wconf 90' lang='lat' dir='ltr'>nos</span> <span class='ocrx_word' id='word_1_285' title='bbox 1263 2167 1394 2239; x_wconf 89' lang='lat' dir='ltr'>discipuli</span> <span class='ocrx_word' id='word_1_286' title='bbox 1408 2167 1496 2224; x_wconf 90' lang='lat' dir='ltr'>secuti</span> <span class='ocrx_word' id='word_1_287' title='bbox 1509 2169 1583 2240; x_wconf 91' lang='lat' dir='ltr'>apud</span> <span class='ocrx_word' id='word_1_288' title='bbox 1599 2170 1750 2242; x_wconf 77' lang='lat' dir='ltr'>presidem</span> <span class='ocrx_word' id='word_1_289' title='bbox 1763 2173 1806 2227; x_wconf 90' lang='lat' dir='ltr'>di·</span> 
     </span>
     <span class='ocr_line' id='line_1_23' title="bbox 119 2257 1807 2339; baseline 0.005 -27"><span class='ocrx_word' id='word_1_290' title='bbox 119 2257 310 2330; x_wconf 84' lang='lat' dir='ltr'>spectatione,</span> <span class='ocrx_word' id='word_1_291' title='bbox 325 2265 387 2315; x_wconf 89' lang='lat' dir='ltr'>tum</span> <span class='ocrx_word' id='word_1_292' title='bbox 401 2276 436 2316; x_wconf 87' lang='lat' dir='ltr'>ex</span> <span class='ocrx_word' id='word_1_293' title='bbox 449 2259 493 2315; x_wconf 92' lang='lat' dir='ltr'>his</span> <span class='ocrx_word' id='word_1_294' title='bbox 505 2261 598 2316; x_wconf 90' lang='lat' dir='ltr'>verbis</span> <span class='ocrx_word' id='word_1_295' title='bbox 613 2261 652 2333; x_wconf 89' lang='lat' dir='ltr'>(p.</span> <span class='ocrx_word' id='word_1_296' title='bbox 671 2261 731 2332; x_wconf 79' lang='lat' dir='ltr'>loti)</span> <span class='ocrx_word' id='word_1_297' title='bbox 748 2278 756 2317; x_wconf 74' lang='grc' dir='ltr'>ι</span> <span class='ocrx_word' id='word_1_298' title='bbox 774 2281 788 2311; x_wconf 84' lang='grc' dir='ltr'>ιι</span> <span class='ocrx_word' id='word_1_299' title='bbox 802 2260 861 2316; x_wconf 82' lang='lat' dir='ltr'>llisi</span> <span class='ocrx_word' id='word_1_300' title='bbox 875 2260 942 2315; x_wconf 87' lang='lat' dir='ltr'>siin</span> <span class='ocrx_word' id='word_1_301' title='bbox 991 2277 1056 2317; x_wconf 89' lang='lat' dir='ltr'>cere</span> <span class='ocrx_word' id='word_1_302' title='bbox 1072 2260 1254 2329; x_wconf 88' lang='lat' dir='ltr'>deberemus,</span> <span class='ocrx_word' id='word_1_303' title='bbox 1270 2261 1348 2334; x_wconf 91' lang='lat' dir='ltr'>prior</span> <span class='ocrx_word' id='word_1_304' title='bbox 1366 2261 1443 2333; x_wconf 89' lang='lat' dir='ltr'>apud</span> <span class='ocrx_word' id='word_1_305' title='bbox 1461 2265 1524 2317; x_wconf 91' lang='lat' dir='ltr'>acta</span> <span class='ocrx_word' id='word_1_306' title='bbox 1544 2265 1720 2334; x_wconf 86' lang='lat' dir='ltr'>proconsulis</span> <span class='ocrx_word' id='word_1_307' title='bbox 1741 2282 1807 2339; x_wconf 92' lang='lat' dir='ltr'>pro·</span> 
     </span>
     <span class='ocr_line' id='line_1_24' title="bbox 119 2352 1806 2427; baseline 0.005 -21"><span class='ocrx_word' id='word_1_308' title='bbox 119 2352 270 2408; x_wconf 74' lang='lat' dir='ltr'>sacnticiis</span> <span class='ocrx_word' id='word_1_309' title='bbox 288 2354 437 2409; x_wconf 88' lang='lat' dir='ltr'>matutinis</span> <span class='ocrx_word' id='word_1_310' title='bbox 458 2355 511 2410; x_wconf 91' lang='lat' dir='ltr'>hoc</span> <span class='ocrx_word' id='word_1_311' title='bbox 535 2354 599 2427; x_wconf 91' lang='lat' dir='ltr'>quis</span> <span class='ocrx_word' id='word_1_312' title='bbox 620 2361 743 2424; x_wconf 82' lang='lat' dir='ltr'>veretur,</span> <span class='ocrx_word' id='word_1_313' title='bbox 767 2371 803 2410; x_wconf 90' lang='lat' dir='ltr'>ne</span> <span class='ocrx_word' id='word_1_314' title='bbox 823 2371 875 2426; x_wconf 90' lang='lat' dir='ltr'>per</span> <span class='ocrx_word' id='word_1_315' title='bbox 899 2369 942 2410; x_wconf 91' lang='lat' dir='ltr'>sa·</span> <span class='ocrx_word' id='word_1_316' title='bbox 991 2355 1148 2425; x_wconf 86' lang='lat' dir='ltr'>nuntiasti3</span> <span class='ocrx_word' id='word_1_317' title='bbox 1172 2360 1200 2411; x_wconf 91' lang='lat' dir='ltr'>et</span> <span class='ocrx_word' id='word_1_318' title='bbox 1221 2354 1288 2411; x_wconf 91' lang='lat' dir='ltr'>tuba</span> <span class='ocrx_word' id='word_1_319' title='bbox 1310 2371 1415 2410; x_wconf 89' lang='lat' dir='ltr'>canens</span> <span class='ocrx_word' id='word_1_320' title='bbox 1436 2355 1494 2423; x_wconf 79' lang='lat' dir='ltr'>liei,</span> <span class='ocrx_word' id='word_1_321' title='bbox 1518 2355 1622 2412; x_wconf 88' lang='lat' dir='ltr'>milites</span> <span class='ocrx_word' id='word_1_322' title='bbox 1648 2359 1806 2415; x_wconf 79' lang='lat' dir='ltr'>coelestibus</span> 
     </span>
     <span class='ocr_line' id='line_1_25' title="bbox 118 2447 1808 2524; baseline 0.005 -24"><span class='ocrx_word' id='word_1_323' title='bbox 118 2462 220 2518; x_wconf 89' lang='lat' dir='ltr'>porern</span> <span class='ocrx_word' id='word_1_324' title='bbox 243 2447 304 2502; x_wconf 80' lang='lat' dir='ltr'>sini</span> <span class='ocrx_word' id='word_1_325' title='bbox 325 2447 451 2504; x_wconf 89' lang='lat' dir='ltr'>redoleat</span> <span class='ocrx_word' id='word_1_326' title='bbox 472 2449 643 2520; x_wconf 89' lang='lat' dir='ltr'>sanguinem</span> <span class='ocrx_word' id='word_1_327' title='bbox 667 2448 780 2504; x_wconf 87' lang='lat' dir='ltr'>Christi.</span> <span class='ocrx_word' id='word_1_328' title='bbox 802 2448 849 2505; x_wconf 88' lang='lat' dir='ltr'>Sic</span> <span class='ocrx_word' id='word_1_329' title='bbox 872 2465 940 2520; x_wconf 91' lang='lat' dir='ltr'>ergo</span> <span class='ocrx_word' id='word_1_330' title='bbox 989 2447 1076 2504; x_wconf 89' lang='lat' dir='ltr'>armis</span> <span class='ocrx_word' id='word_1_331' title='bbox 1100 2449 1253 2504; x_wconf 90' lang='lat' dir='ltr'>instructos</span> <span class='ocrx_word' id='word_1_332' title='bbox 1276 2448 1313 2504; x_wconf 91' lang='lat' dir='ltr'>ad</span> <span class='ocrx_word' id='word_1_333' title='bbox 1343 2450 1552 2522; x_wconf 80' lang='lat' dir='ltr'>corigressionis</span> <span class='ocrx_word' id='word_1_334' title='bbox 1576 2451 1706 2524; x_wconf 77' lang='lat' dir='ltr'>pralium</span> <span class='ocrx_word' id='word_1_335' title='bbox 1734 2455 1808 2509; x_wconf 88' lang='lat' dir='ltr'>exci-</span> 
     </span>
     <span class='ocr_line' id='line_1_26' title="bbox 119 2541 1804 2618; baseline 0.005 -23"><span class='ocrx_word' id='word_1_336' title='bbox 119 2541 229 2612; x_wconf 85' lang='lat' dir='ltr'>incipit</span> <span class='ocrx_word' id='word_1_337' title='bbox 244 2545 274 2596; x_wconf 90' lang='lat' dir='ltr'>et</span> <span class='ocrx_word' id='word_1_338' title='bbox 285 2557 304 2596; x_wconf 87' lang='lat' dir='ltr'>a</span> <span class='ocrx_word' id='word_1_339' title='bbox 317 2541 447 2612; x_wconf 89' lang='lat' dir='ltr'>passione</span> <span class='ocrx_word' id='word_1_340' title='bbox 460 2542 563 2598; x_wconf 88' lang='lat' dir='ltr'>Christi</span> <span class='ocrx_word' id='word_1_341' title='bbox 580 2542 610 2597; x_wconf 93' lang='lat' dir='ltr'>iu</span> <span class='ocrx_word' id='word_1_342' title='bbox 626 2542 869 2614; x_wconf 90' lang='lat' dir='ltr'>persecutionibus</span> <span class='ocrx_word' id='word_1_343' title='bbox 882 2543 939 2598; x_wconf 85' lang='lat' dir='ltr'>fra·</span> <span class='ocrx_word' id='word_1_344' title='bbox 990 2542 1065 2612; x_wconf 80' lang='lat' dir='ltr'>testi,</span> <span class='ocrx_word' id='word_1_345' title='bbox 1080 2547 1109 2598; x_wconf 92' lang='lat' dir='ltr'>et</span> <span class='ocrx_word' id='word_1_346' title='bbox 1121 2543 1150 2598; x_wconf 92' lang='lat' dir='ltr'>in</span> <span class='ocrx_word' id='word_1_347' title='bbox 1164 2543 1223 2598; x_wconf 88' lang='lat' dir='ltr'>acie</span> <span class='ocrx_word' id='word_1_348' title='bbox 1237 2543 1331 2614; x_wconf 90' lang='lat' dir='ltr'>prima</span> <span class='ocrx_word' id='word_1_349' title='bbox 1344 2560 1477 2616; x_wconf 92' lang='lat' dir='ltr'>pugnans</span> <span class='ocrx_word' id='word_1_350' title='bbox 1491 2545 1614 2617; x_wconf 77' lang='lat' dir='ltr'>spiritali</span> <span class='ocrx_word' id='word_1_351' title='bbox 1636 2546 1731 2618; x_wconf 89' lang='lat' dir='ltr'>gladio</span> <span class='ocrx_word' id='word_1_352' title='bbox 1746 2549 1804 2604; x_wconf 88' lang='lat' dir='ltr'>dia·</span> 
     </span>
     <span class='ocr_line' id='line_1_27' title="bbox 117 2635 1807 2710; baseline 0.006 -22"><span class='ocrx_word' id='word_1_353' title='bbox 117 2635 244 2690; x_wconf 87' lang='lat' dir='ltr'>ternitas</span> <span class='ocrx_word' id='word_1_354' title='bbox 272 2635 421 2704; x_wconf 86' lang='lat' dir='ltr'>retardari,</span> <span class='ocrx_word' id='word_1_355' title='bbox 441 2635 508 2692; x_wconf 90' lang='lat' dir='ltr'>dum</span> <span class='ocrx_word' id='word_1_356' title='bbox 528 2636 558 2692; x_wconf 91' lang='lat' dir='ltr'>in</span> <span class='ocrx_word' id='word_1_357' title='bbox 581 2636 774 2692; x_wconf 87' lang='lat' dir='ltr'>oblationibus</span> <span class='ocrx_word' id='word_1_358' title='bbox 795 2637 878 2693; x_wconf 87' lang='lat' dir='ltr'>discit</span> <span class='ocrx_word' id='word_1_359' title='bbox 902 2637 938 2694; x_wconf 90' lang='lat' dir='ltr'>de</span> <span class='ocrx_word' id='word_1_360' title='bbox 988 2636 1086 2692; x_wconf 90' lang='lat' dir='ltr'>bolum</span> <span class='ocrx_word' id='word_1_361' title='bbox 1101 2635 1267 2693; x_wconf 83' lang='lat' dir='ltr'>interfecisti</span> <span class='ocrx_word' id='word_1_362' title='bbox 1280 2653 1287 2706; x_wconf 89' lang='lat'>;</span> <span class='ocrx_word' id='word_1_363' title='bbox 1301 2637 1546 2710; x_wconf 88' lang='lat' dir='ltr'>agminaquoque</span> <span class='ocrx_word' id='word_1_364' title='bbox 1564 2639 1684 2695; x_wconf 79' lang='lat' dir='ltr'>fratrum</span> <span class='ocrx_word' id='word_1_365' title='bbox 1698 2640 1765 2698; x_wconf 90' lang='lat' dir='ltr'>hinc</span> <span class='ocrx_word' id='word_1_366' title='bbox 1779 2647 1807 2698; x_wconf 92' lang='lat' dir='ltr'>et</span> 
     </span>
     <span class='ocr_line' id='line_1_28' title="bbox 118 2728 1542 2804; baseline 0.004 -22"><span class='ocrx_word' id='word_1_367' title='bbox 118 2729 263 2799; x_wconf 72' lang='lat' dir='ltr'>sangonam</span> <span class='ocrx_word' id='word_1_368' title='bbox 276 2728 339 2800; x_wconf 86' lang='lat' dir='ltr'>ejus</span> <span class='ocrx_word' id='word_1_369' title='bbox 353 2735 381 2784; x_wconf 93' lang='lat' dir='ltr'>et</span> <span class='ocrx_word' id='word_1_370' title='bbox 393 2745 493 2785; x_wconf 89' lang='lat' dir='ltr'>cruore</span> <span class='ocrx_word' id='word_1_371' title='bbox 510 2729 656 2786; x_wconf 85' lang='lat' dir='ltr'>conlundi.</span> <span class='ocrx_word' id='word_1_372' title='bbox 673 2751 688 2782; x_wconf 74' lang='grc' dir='ltr'>ιι</span> <span class='ocrx_word' id='word_1_373' title='bbox 988 2730 1056 2786; x_wconf 90' lang='lat' dir='ltr'>inde</span> <span class='ocrx_word' id='word_1_374' title='bbox 1070 2730 1164 2786; x_wconf 90' lang='lat' dir='ltr'>verbis</span> <span class='ocrx_word' id='word_1_375' title='bbox 1179 2731 1234 2786; x_wconf 89' lang='lat' dir='ltr'>tuis</span> <span class='ocrx_word' id='word_1_376' title='bbox 1248 2731 1442 2804; x_wconf 87' lang='lat' dir='ltr'>composuisti,</span> <span class='ocrx_word' id='word_1_377' title='bbox 1458 2752 1473 2783; x_wconf 78' lang='grc' dir='ltr'>ιι</span> <span class='ocrx_word' id='word_1_378' title='bbox 1488 2734 1542 2788; x_wconf 91' lang='lat' dir='ltr'>etc.</span> 
     </span>
    </p>

    <p class='ocr_par' dir='ltr' id='par_1_6' title="bbox 108 2821 1885 4398">
     <span class='ocr_line' id='line_1_29' title="bbox 151 2821 1804 2894; baseline 0.004 -18"><span class='ocrx_word' id='word_1_379' title='bbox 151 2821 236 2885; x_wconf 80' lang='lat' dir='ltr'>Quod</span> <span class='ocrx_word' id='word_1_380' title='bbox 261 2825 371 2894; x_wconf 84' lang='lat' dir='ltr'>spectat</span> <span class='ocrx_word' id='word_1_381' title='bbox 390 2822 429 2878; x_wconf 87' lang='lat' dir='ltr'>ad</span> <span class='ocrx_word' id='word_1_382' title='bbox 452 2823 556 2880; x_wconf 89' lang='lat' dir='ltr'>Christi</span> <span class='ocrx_word' id='word_1_383' title='bbox 581 2823 745 2893; x_wconf 86' lang='lat' dir='ltr'>adventum,</span> <span class='ocrx_word' id='word_1_384' title='bbox 764 2840 821 2880; x_wconf 89' lang='lat' dir='ltr'>aon</span> <span class='ocrx_word' id='word_1_385' title='bbox 844 2824 938 2880; x_wconf 90' lang='lat' dir='ltr'>minus</span> <span class='ocrx_word' id='word_1_386' title='bbox 1023 2823 1169 2880; x_wconf 88' lang='lat' dir='ltr'>Christum</span> <span class='ocrx_word' id='word_1_387' title='bbox 1195 2839 1306 2879; x_wconf 89' lang='lat' dir='ltr'>summa</span> <span class='ocrx_word' id='word_1_388' title='bbox 1331 2824 1418 2880; x_wconf 91' lang='lat' dir='ltr'>animi</span> <span class='ocrx_word' id='word_1_389' title='bbox 1450 2823 1625 2882; x_wconf 89' lang='lat' dir='ltr'>firmitudine</span> <span class='ocrx_word' id='word_1_390' title='bbox 1659 2827 1804 2884; x_wconf 83' lang='lat' dir='ltr'>confessus</span> 
     </span>
     <span class='ocr_line' id='line_1_30' title="bbox 116 2916 1802 2993; baseline 0.004 -23"><span class='ocrx_word' id='word_1_391' title='bbox 116 2922 218 2990; x_wconf 76' lang='lat' dir='ltr'>aperta</span> <span class='ocrx_word' id='word_1_392' title='bbox 242 2921 288 2971; x_wconf 91' lang='lat' dir='ltr'>est</span> <span class='ocrx_word' id='word_1_393' title='bbox 312 2916 388 2971; x_wconf 89' lang='lat' dir='ltr'>illius</span> <span class='ocrx_word' id='word_1_394' title='bbox 415 2919 604 2989; x_wconf 84' lang='lat' dir='ltr'>exspectatio,</span> <span class='ocrx_word' id='word_1_395' title='bbox 630 2924 663 2974; x_wconf 93' lang='lat' dir='ltr'>ut</span> <span class='ocrx_word' id='word_1_396' title='bbox 689 2934 775 2990; x_wconf 88' lang='lat' dir='ltr'>supra</span> <span class='ocrx_word' id='word_1_397' title='bbox 801 2917 935 2988; x_wconf 86' lang='lat' dir='ltr'>diximus,</span> <span class='ocrx_word' id='word_1_398' title='bbox 987 2934 1086 2975; x_wconf 90' lang='lat' dir='ltr'>coram</span> <span class='ocrx_word' id='word_1_399' title='bbox 1102 2919 1221 2973; x_wconf 85' lang='lat' dir='ltr'>Paterno</span> <span class='ocrx_word' id='word_1_400' title='bbox 1234 2918 1403 2990; x_wconf 88' lang='lat' dir='ltr'>proconsule</span> <span class='ocrx_word' id='word_1_401' title='bbox 1415 2918 1500 2974; x_wconf 88' lang='lat' dir='ltr'>tertio</span> <span class='ocrx_word' id='word_1_402' title='bbox 1510 2919 1644 2993; x_wconf 87' lang='lat' dir='ltr'>cal.sept.</span> <span class='ocrx_word' id='word_1_403' title='bbox 1654 2937 1729 2977; x_wconf 86' lang='lat' dir='ltr'>anno</span> <span class='ocrx_word' id='word_1_404' title='bbox 1739 2923 1802 2991; x_wconf 71' lang='lat'>257,</span> 
     </span>
     <span class='ocr_line' id='line_1_31' title="bbox 117 3010 1800 3085; baseline 0.003 -19"><span class='ocrx_word' id='word_1_405' title='bbox 117 3027 143 3066; x_wconf 90' lang='lat' dir='ltr'>c.</span> <span class='ocrx_word' id='word_1_406' title='bbox 158 3013 204 3080; x_wconf 74' lang='lat'>28,</span> <span class='ocrx_word' id='word_1_407' title='bbox 219 3010 251 3065; x_wconf 89' lang='lat' dir='ltr'>in</span> <span class='ocrx_word' id='word_1_408' title='bbox 269 3010 411 3066; x_wconf 90' lang='lat' dir='ltr'>nonnullis</span> <span class='ocrx_word' id='word_1_409' title='bbox 426 3011 560 3083; x_wconf 86' lang='lat' dir='ltr'>Cypriani</span> <span class='ocrx_word' id='word_1_410' title='bbox 579 3011 722 3083; x_wconf 88' lang='lat' dir='ltr'>operibus,</span> <span class='ocrx_word' id='word_1_411' title='bbox 743 3029 807 3084; x_wconf 85' lang='lat' dir='ltr'>quse</span> <span class='ocrx_word' id='word_1_412' title='bbox 826 3012 855 3067; x_wconf 93' lang='lat' dir='ltr'>in</span> <span class='ocrx_word' id='word_1_413' title='bbox 870 3029 937 3085; x_wconf 90' lang='lat' dir='ltr'>pace</span> <span class='ocrx_word' id='word_1_414' title='bbox 988 3012 1068 3067; x_wconf 90' lang='lat' dir='ltr'>exsul</span> <span class='ocrx_word' id='word_1_415' title='bbox 1085 3012 1251 3083; x_wconf 89' lang='lat' dir='ltr'>deportatur</span> <span class='ocrx_word' id='word_1_416' title='bbox 1270 3011 1299 3066; x_wconf 93' lang='lat' dir='ltr'>in</span> <span class='ocrx_word' id='word_1_417' title='bbox 1318 3010 1446 3068; x_wconf 89' lang='lat' dir='ltr'>abditum</span> <span class='ocrx_word' id='word_1_418' title='bbox 1467 3015 1497 3068; x_wconf 93' lang='lat' dir='ltr'>et</span> <span class='ocrx_word' id='word_1_419' title='bbox 1514 3011 1676 3068; x_wconf 90' lang='lat' dir='ltr'>abstrusum</span> <span class='ocrx_word' id='word_1_420' title='bbox 1694 3013 1800 3084; x_wconf 89' lang='lat' dir='ltr'>locum,</span> 
     </span>
     <span class='ocr_line' id='line_1_32' title="bbox 116 3102 1800 3178; baseline 0.003 -19"><span class='ocrx_word' id='word_1_421' title='bbox 116 3105 225 3176; x_wconf 86' lang='lat' dir='ltr'>scripta</span> <span class='ocrx_word' id='word_1_422' title='bbox 235 3121 297 3160; x_wconf 86' lang='lat' dir='ltr'>esse</span> <span class='ocrx_word' id='word_1_423' title='bbox 310 3110 431 3161; x_wconf 87' lang='lat' dir='ltr'>constat.</span> <span class='ocrx_word' id='word_1_424' title='bbox 446 3107 477 3160; x_wconf 94' lang='lat' dir='ltr'>ln</span> <span class='ocrx_word' id='word_1_425' title='bbox 490 3105 575 3160; x_wconf 88' lang='lat' dir='ltr'>allato</span> <span class='ocrx_word' id='word_1_426' title='bbox 586 3109 684 3162; x_wconf 86' lang='lat' dir='ltr'>eutem</span> <span class='ocrx_word' id='word_1_427' title='bbox 698 3106 864 3161; x_wconf 90' lang='lat' dir='ltr'>testimonio</span> <span class='ocrx_word' id='word_1_428' title='bbox 876 3123 935 3162; x_wconf 92' lang='lat' dir='ltr'>non</span> <span class='ocrx_word' id='word_1_429' title='bbox 986 3105 1036 3178; x_wconf 89' lang='lat' dir='ltr'>qui</span> <span class='ocrx_word' id='word_1_430' title='bbox 1049 3103 1169 3161; x_wconf 91' lang='lat' dir='ltr'>Curubis</span> <span class='ocrx_word' id='word_1_431' title='bbox 1183 3102 1340 3160; x_wconf 89' lang='lat' dir='ltr'>dicebatur.</span> <span class='ocrx_word' id='word_1_432' title='bbox 1353 3104 1513 3162; x_wconf 83' lang='lat' dir='ltr'>Comitatus</span> <span class='ocrx_word' id='word_1_433' title='bbox 1523 3110 1567 3162; x_wconf 92' lang='lat' dir='ltr'>est</span> <span class='ocrx_word' id='word_1_434' title='bbox 1580 3121 1646 3162; x_wconf 91' lang='lat' dir='ltr'>eum</span> <span class='ocrx_word' id='word_1_435' title='bbox 1660 3106 1688 3161; x_wconf 93' lang='lat' dir='ltr'>in</span> <span class='ocrx_word' id='word_1_436' title='bbox 1703 3107 1800 3164; x_wconf 89' lang='lat' dir='ltr'>exsilio</span> 
     </span>
     <span class='ocr_line' id='line_1_33' title="bbox 117 3197 1799 3272; baseline 0.003 -19"><span class='ocrx_word' id='word_1_437' title='bbox 117 3215 185 3253; x_wconf 88' lang='lat' dir='ltr'>eum</span> <span class='ocrx_word' id='word_1_438' title='bbox 200 3202 313 3254; x_wconf 78' lang='lat' dir='ltr'>mettim</span> <span class='ocrx_word' id='word_1_439' title='bbox 327 3199 487 3271; x_wconf 81' lang='lat' dir='ltr'>Cyprianus</span> <span class='ocrx_word' id='word_1_440' title='bbox 504 3199 656 3272; x_wconf 88' lang='lat' dir='ltr'>exprobrat</span> <span class='ocrx_word' id='word_1_441' title='bbox 678 3199 713 3254; x_wconf 91' lang='lat' dir='ltr'>iis</span> <span class='ocrx_word' id='word_1_442' title='bbox 736 3215 808 3272; x_wconf 91' lang='lat' dir='ltr'>quos</span> <span class='ocrx_word' id='word_1_443' title='bbox 821 3199 933 3270; x_wconf 85' lang='lat' dir='ltr'>refellit,</span> <span class='ocrx_word' id='word_1_444' title='bbox 985 3197 1103 3254; x_wconf 88' lang='lat' dir='ltr'>Pontius</span> <span class='ocrx_word' id='word_1_445' title='bbox 1115 3197 1267 3268; x_wconf 89' lang='lat' dir='ltr'>diaconus,</span> <span class='ocrx_word' id='word_1_446' title='bbox 1281 3197 1330 3270; x_wconf 91' lang='lat' dir='ltr'>qui</span> <span class='ocrx_word' id='word_1_447' title='bbox 1343 3197 1430 3254; x_wconf 89' lang='lat' dir='ltr'>vitam</span> <span class='ocrx_word' id='word_1_448' title='bbox 1443 3197 1532 3271; x_wconf 90' lang='lat' dir='ltr'>ipsius</span> <span class='ocrx_word' id='word_1_449' title='bbox 1552 3199 1672 3272; x_wconf 84' lang='lat' dir='ltr'>scripsit.</span> <span class='ocrx_word' id='word_1_450' title='bbox 1695 3203 1735 3258; x_wconf 87' lang='lat' dir='ltr'>Eo</span> <span class='ocrx_word' id='word_1_451' title='bbox 1747 3219 1799 3258; x_wconf 91' lang='lat' dir='ltr'>au-</span> 
     </span>
     <span class='ocr_line' id='line_1_34' title="bbox 116 3291 1885 3366; baseline 0.002 -18"><span class='ocrx_word' id='word_1_452' title='bbox 116 3309 153 3348; x_wconf 89' lang='lat' dir='ltr'>ne</span> <span class='ocrx_word' id='word_1_453' title='bbox 168 3293 234 3364; x_wconf 90' lang='lat' dir='ltr'>quis</span> <span class='ocrx_word' id='word_1_454' title='bbox 247 3309 284 3348; x_wconf 91' lang='lat' dir='ltr'>ex</span> <span class='ocrx_word' id='word_1_455' title='bbox 303 3292 361 3347; x_wconf 86' lang='lat' dir='ltr'>vini</span> <span class='ocrx_word' id='word_1_456' title='bbox 377 3293 467 3349; x_wconf 90' lang='lat' dir='ltr'>odore</span> <span class='ocrx_word' id='word_1_457' title='bbox 481 3293 655 3349; x_wconf 89' lang='lat' dir='ltr'>Christianus</span> <span class='ocrx_word' id='word_1_458' title='bbox 669 3310 729 3349; x_wconf 89' lang='lat' dir='ltr'>esse</span> <span class='ocrx_word' id='word_1_459' title='bbox 741 3300 931 3366; x_wconf 84' lang='lat' dir='ltr'>argueretur3</span> <span class='ocrx_word' id='word_1_460' title='bbox 984 3297 1043 3348; x_wconf 88' lang='lat' dir='ltr'>tem</span> <span class='ocrx_word' id='word_1_461' title='bbox 1062 3291 1108 3348; x_wconf 89' lang='lat' dir='ltr'>die</span> <span class='ocrx_word' id='word_1_462' title='bbox 1131 3308 1188 3364; x_wconf 90' lang='lat' dir='ltr'>quo</span> <span class='ocrx_word' id='word_1_463' title='bbox 1215 3291 1340 3363; x_wconf 88' lang='lat' dir='ltr'>primum</span> <span class='ocrx_word' id='word_1_464' title='bbox 1367 3291 1397 3347; x_wconf 90' lang='lat' dir='ltr'>iu</span> <span class='ocrx_word' id='word_1_465' title='bbox 1422 3292 1512 3348; x_wconf 90' lang='lat' dir='ltr'>exsilii</span> <span class='ocrx_word' id='word_1_466' title='bbox 1534 3293 1595 3349; x_wconf 86' lang='lat' dir='ltr'>loco</span> <span class='ocrx_word' id='word_1_467' title='bbox 1620 3301 1798 3365; x_wconf 89' lang='lat' dir='ltr'>manserunt,</span> <span class='ocrx_word' id='word_1_468' title='bbox 1881 3333 1885 3342; x_wconf 87' lang='lat'>·</span> 
     </span>
     <span class='ocr_line' id='line_1_35' title="bbox 117 3385 1799 3461; baseline 0.003 -20"><span class='ocrx_word' id='word_1_469' title='bbox 117 3387 265 3459; x_wconf 89' lang='lat' dir='ltr'>quomodo</span> <span class='ocrx_word' id='word_1_470' title='bbox 289 3386 366 3442; x_wconf 87' lang='lat' dir='ltr'>euim</span> <span class='ocrx_word' id='word_1_471' title='bbox 393 3387 422 3442; x_wconf 93' lang='lat' dir='ltr'>id</span> <span class='ocrx_word' id='word_1_472' title='bbox 447 3386 580 3460; x_wconf 89' lang='lat' dir='ltr'>suspicati</span> <span class='ocrx_word' id='word_1_473' title='bbox 606 3392 700 3444; x_wconf 90' lang='lat' dir='ltr'>essent</span> <span class='ocrx_word' id='word_1_474' title='bbox 724 3387 840 3456; x_wconf 92' lang='lat' dir='ltr'>ethnici,</span> <span class='ocrx_word' id='word_1_475' title='bbox 862 3405 934 3461; x_wconf 89' lang='lat' dir='ltr'>qnos</span> <span class='ocrx_word' id='word_1_476' title='bbox 984 3385 1110 3442; x_wconf 90' lang='lat' dir='ltr'>monitus</span> <span class='ocrx_word' id='word_1_477' title='bbox 1129 3389 1173 3441; x_wconf 91' lang='lat' dir='ltr'>est</span> <span class='ocrx_word' id='word_1_478' title='bbox 1194 3385 1351 3458; x_wconf 87' lang='lat' dir='ltr'>Cyprianus</span> <span class='ocrx_word' id='word_1_479' title='bbox 1372 3385 1478 3442; x_wconf 91' lang='lat' dir='ltr'>visione</span> <span class='ocrx_word' id='word_1_480' title='bbox 1500 3391 1639 3444; x_wconf 89' lang='lat' dir='ltr'>nocturna</span> <span class='ocrx_word' id='word_1_481' title='bbox 1654 3389 1689 3444; x_wconf 93' lang='lat' dir='ltr'>de</span> <span class='ocrx_word' id='word_1_482' title='bbox 1703 3389 1799 3446; x_wconf 81' lang='lat' dir='ltr'>lirturo</span> 
     </span>
     <span class='ocr_line' id='line_1_36' title="bbox 115 3478 1800 3555; baseline 0.001 -19"><span class='ocrx_word' id='word_1_483' title='bbox 115 3479 234 3551; x_wconf 90' lang='lat' dir='ltr'>penitus</span> <span class='ocrx_word' id='word_1_484' title='bbox 261 3479 368 3536; x_wconf 88' lang='lat' dir='ltr'>latebat</span> <span class='ocrx_word' id='word_1_485' title='bbox 387 3481 455 3554; x_wconf 94' lang='lat' dir='ltr'>quid</span> <span class='ocrx_word' id='word_1_486' title='bbox 484 3480 513 3536; x_wconf 88' lang='lat' dir='ltr'>iu</span> <span class='ocrx_word' id='word_1_487' title='bbox 536 3480 764 3538; x_wconf 85' lang='lat' dir='ltr'>Christianorum</span> <span class='ocrx_word' id='word_1_488' title='bbox 792 3482 933 3555; x_wconf 83' lang='lat' dir='ltr'>mysteriis</span> <span class='ocrx_word' id='word_1_489' title='bbox 983 3480 1138 3552; x_wconf 89' lang='lat' dir='ltr'>martyrio;</span> <span class='ocrx_word' id='word_1_490' title='bbox 1165 3478 1216 3534; x_wconf 88' lang='lat' dir='ltr'>sed</span> <span class='ocrx_word' id='word_1_491' title='bbox 1239 3479 1404 3551; x_wconf 87' lang='lat' dir='ltr'>impetravit</span> <span class='ocrx_word' id='word_1_492' title='bbox 1422 3480 1589 3537; x_wconf 88' lang='lat' dir='ltr'>dilationem</span> <span class='ocrx_word' id='word_1_493' title='bbox 1614 3482 1740 3551; x_wconf 90' lang='lat' dir='ltr'>crastini,</span> <span class='ocrx_word' id='word_1_494' title='bbox 1770 3490 1800 3539; x_wconf 91' lang='lat' dir='ltr'>ut</span> 
     </span>
     <span class='ocr_line' id='line_1_37' title="bbox 114 3572 1795 3646; baseline 0.004 -19"><span class='ocrx_word' id='word_1_495' title='bbox 114 3574 340 3645; x_wconf 82' lang='lat' dir='ltr'>agereturtsed</span> <span class='ocrx_word' id='word_1_496' title='bbox 358 3589 395 3629; x_wconf 90' lang='lat' dir='ltr'>ne</span> <span class='ocrx_word' id='word_1_497' title='bbox 418 3573 476 3629; x_wconf 93' lang='lat' dir='ltr'>vini</span> <span class='ocrx_word' id='word_1_498' title='bbox 500 3574 659 3630; x_wconf 91' lang='lat' dir='ltr'>matutinus</span> <span class='ocrx_word' id='word_1_499' title='bbox 683 3573 757 3631; x_wconf 90' lang='lat' dir='ltr'>odor</span> <span class='ocrx_word' id='word_1_500' title='bbox 778 3574 933 3632; x_wconf 90' lang='lat' dir='ltr'>minusho-</span> <span class='ocrx_word' id='word_1_501' title='bbox 981 3591 1029 3630; x_wconf 87' lang='lat' dir='ltr'>res</span> <span class='ocrx_word' id='word_1_502' title='bbox 1050 3589 1117 3628; x_wconf 88' lang='lat' dir='ltr'>suas</span> <span class='ocrx_word' id='word_1_503' title='bbox 1141 3572 1189 3628; x_wconf 90' lang='lat' dir='ltr'>die</span> <span class='ocrx_word' id='word_1_504' title='bbox 1214 3573 1262 3629; x_wconf 93' lang='lat' dir='ltr'>illo</span> <span class='ocrx_word' id='word_1_505' title='bbox 1286 3588 1373 3646; x_wconf 91' lang='lat' dir='ltr'>quem</span> <span class='ocrx_word' id='word_1_506' title='bbox 1400 3573 1617 3646; x_wconf 87' lang='lat' dir='ltr'>impetraverat,</span> <span class='ocrx_word' id='word_1_507' title='bbox 1640 3575 1795 3634; x_wconf 88' lang='lat' dir='ltr'>ordinaret.</span> 
     </span>
     <span class='ocr_line' id='line_1_38' title="bbox 114 3665 1798 3740; baseline 0.004 -18"><span class='ocrx_word' id='word_1_508' title='bbox 114 3670 228 3722; x_wconf 83' lang='lat' dir='ltr'>uastam</span> <span class='ocrx_word' id='word_1_509' title='bbox 240 3673 270 3722; x_wconf 89' lang='lat' dir='ltr'>et</span> <span class='ocrx_word' id='word_1_510' title='bbox 284 3667 400 3738; x_wconf 88' lang='lat' dir='ltr'>dignam</span> <span class='ocrx_word' id='word_1_511' title='bbox 416 3667 532 3723; x_wconf 91' lang='lat' dir='ltr'>bomine</span> <span class='ocrx_word' id='word_1_512' title='bbox 546 3667 643 3723; x_wconf 89' lang='lat' dir='ltr'>sobrio</span> <span class='ocrx_word' id='word_1_513' title='bbox 656 3667 783 3740; x_wconf 89' lang='lat' dir='ltr'>speciem</span> <span class='ocrx_word' id='word_1_514' title='bbox 804 3669 930 3726; x_wconf 89' lang='lat' dir='ltr'>haberet.</span> <span class='ocrx_word' id='word_1_515' title='bbox 981 3668 1087 3724; x_wconf 84' lang='lat' dir='ltr'>ilerum</span> <span class='ocrx_word' id='word_1_516' title='bbox 1115 3688 1128 3717; x_wconf 80' lang='grc' dir='ltr'>ιι</span> <span class='ocrx_word' id='word_1_517' title='bbox 1157 3665 1203 3721; x_wconf 89' lang='lat' dir='ltr'>hic</span> <span class='ocrx_word' id='word_1_518' title='bbox 1226 3665 1287 3722; x_wconf 90' lang='lat' dir='ltr'>dies</span> <span class='ocrx_word' id='word_1_519' title='bbox 1317 3683 1390 3722; x_wconf 90' lang='lat' dir='ltr'>unus</span> <span class='ocrx_word' id='word_1_520' title='bbox 1414 3667 1591 3739; x_wconf 85' lang='lat' dir='ltr'>significahat</span> <span class='ocrx_word' id='word_1_521' title='bbox 1613 3685 1732 3740; x_wconf 90' lang='lat' dir='ltr'>annum,</span> <span class='ocrx_word' id='word_1_522' title='bbox 1758 3665 1798 3730; x_wconf 84' lang='lat' dir='ltr'>ait</span> 
     </span>
     <span class='ocr_line' id='line_1_39' title="bbox 111 3759 1797 3835; baseline 0.002 -19"><span class='ocrx_word' id='word_1_523' title='bbox 111 3759 185 3816; x_wconf 89' lang='lat' dir='ltr'>llinc</span> <span class='ocrx_word' id='word_1_524' title='bbox 197 3759 279 3832; x_wconf 86' lang='lat' dir='ltr'>pacis</span> <span class='ocrx_word' id='word_1_525' title='bbox 291 3761 388 3833; x_wconf 88' lang='lat' dir='ltr'>potins</span> <span class='ocrx_word' id='word_1_526' title='bbox 401 3777 489 3833; x_wconf 89' lang='lat' dir='ltr'>quam</span> <span class='ocrx_word' id='word_1_527' title='bbox 506 3762 714 3833; x_wconf 86' lang='lat' dir='ltr'>persecutionis</span> <span class='ocrx_word' id='word_1_528' title='bbox 734 3768 847 3835; x_wconf 90' lang='lat' dir='ltr'>tempus</span> <span class='ocrx_word' id='word_1_529' title='bbox 861 3763 931 3819; x_wconf 88' lang='lat' dir='ltr'>indi·</span> <span class='ocrx_word' id='word_1_530' title='bbox 982 3761 1097 3817; x_wconf 89' lang='lat' dir='ltr'>Pontius</span> <span class='ocrx_word' id='word_1_531' title='bbox 1114 3779 1121 3816; x_wconf 80' lang='lat' dir='ltr'>r</span> <span class='ocrx_word' id='word_1_532' title='bbox 1137 3777 1203 3816; x_wconf 91' lang='lat' dir='ltr'>nam</span> <span class='ocrx_word' id='word_1_533' title='bbox 1218 3776 1252 3816; x_wconf 90' lang='lat' dir='ltr'>eo</span> <span class='ocrx_word' id='word_1_534' title='bbox 1266 3759 1312 3816; x_wconf 93' lang='lat' dir='ltr'>die</span> <span class='ocrx_word' id='word_1_535' title='bbox 1326 3766 1391 3832; x_wconf 89' lang='lat' dir='ltr'>post</span> <span class='ocrx_word' id='word_1_536' title='bbox 1404 3765 1533 3818; x_wconf 86' lang='lat' dir='ltr'>exactum</span> <span class='ocrx_word' id='word_1_537' title='bbox 1557 3778 1666 3818; x_wconf 89' lang='lat' dir='ltr'>annum</span> <span class='ocrx_word' id='word_1_538' title='bbox 1680 3780 1797 3822; x_wconf 89' lang='lat' dir='ltr'>eorona-</span> 
     </span>
     <span class='ocr_line' id='line_1_40' title="bbox 110 3853 1794 3929; baseline 0.001 -19"><span class='ocrx_word' id='word_1_539' title='bbox 110 3861 155 3910; x_wconf 79' lang='lat' dir='ltr'>cat</span> <span class='ocrx_word' id='word_1_540' title='bbox 171 3854 343 3927; x_wconf 81' lang='lat' dir='ltr'>Cyprianus,</span> <span class='ocrx_word' id='word_1_541' title='bbox 358 3855 427 3910; x_wconf 92' lang='lat' dir='ltr'>dum</span> <span class='ocrx_word' id='word_1_542' title='bbox 446 3855 486 3911; x_wconf 84' lang='lat' dir='ltr'>ait</span> <span class='ocrx_word' id='word_1_543' title='bbox 512 3871 560 3911; x_wconf 92' lang='lat' dir='ltr'>eos</span> <span class='ocrx_word' id='word_1_544' title='bbox 582 3855 619 3911; x_wconf 89' lang='lat' dir='ltr'>ad</span> <span class='ocrx_word' id='word_1_545' title='bbox 634 3855 803 3928; x_wconf 88' lang='lat' dir='ltr'>sanguinem</span> <span class='ocrx_word' id='word_1_546' title='bbox 823 3856 852 3912; x_wconf 89' lang='lat' dir='ltr'>ia</span> <span class='ocrx_word' id='word_1_547' title='bbox 869 3873 931 3929; x_wconf 88' lang='lat' dir='ltr'>per·</span> <span class='ocrx_word' id='word_1_548' title='bbox 980 3862 1027 3914; x_wconf 92' lang='lat' dir='ltr'>tus</span> <span class='ocrx_word' id='word_1_549' title='bbox 1039 3863 1091 3928; x_wconf 89' lang='lat' dir='ltr'>est,</span> <span class='ocrx_word' id='word_1_550' title='bbox 1106 3872 1162 3928; x_wconf 92' lang='lat' dir='ltr'>quo</span> <span class='ocrx_word' id='word_1_551' title='bbox 1176 3855 1230 3911; x_wconf 93' lang='lat' dir='ltr'>hoc</span> <span class='ocrx_word' id='word_1_552' title='bbox 1243 3853 1284 3910; x_wconf 93' lang='lat' dir='ltr'>illi</span> <span class='ocrx_word' id='word_1_553' title='bbox 1298 3858 1365 3910; x_wconf 88' lang='lat' dir='ltr'>aute</span> <span class='ocrx_word' id='word_1_554' title='bbox 1378 3871 1487 3910; x_wconf 88' lang='lat' dir='ltr'>anuum</span> <span class='ocrx_word' id='word_1_555' title='bbox 1502 3855 1597 3911; x_wconf 84' lang='lat' dir='ltr'>tuerat</span> <span class='ocrx_word' id='word_1_556' title='bbox 1609 3865 1767 3916; x_wconf 88' lang='lat' dir='ltr'>ostensum.</span> <span class='ocrx_word' id='word_1_557' title='bbox 1780 3881 1794 3912; x_wconf 81' lang='grc' dir='ltr'>ιι</span> 
     </span>
     <span class='ocr_line' id='line_1_41' title="bbox 111 3948 1794 4025; baseline 0.004 -21"><span class='ocrx_word' id='word_1_558' title='bbox 111 3948 312 4004; x_wconf 86' lang='lat' dir='ltr'>secutionibus</span> <span class='ocrx_word' id='word_1_559' title='bbox 348 3949 527 4005; x_wconf 81' lang='lat' dir='ltr'>tundendum</span> <span class='ocrx_word' id='word_1_560' title='bbox 562 3949 624 4006; x_wconf 79' lang='lat' dir='ltr'>sieri</span> <span class='ocrx_word' id='word_1_561' title='bbox 660 3949 800 4006; x_wconf 88' lang='lat' dir='ltr'>tardiores</span> <span class='ocrx_word' id='word_1_562' title='bbox 825 3951 930 4022; x_wconf 89' lang='lat' dir='ltr'>quiex</span> <span class='ocrx_word' id='word_1_563' title='bbox 979 3951 1019 4008; x_wconf 84' lang='lat' dir='ltr'>Eo</span> <span class='ocrx_word' id='word_1_564' title='bbox 1031 3956 1128 4007; x_wconf 90' lang='lat' dir='ltr'>autem</span> <span class='ocrx_word' id='word_1_565' title='bbox 1143 3949 1251 4005; x_wconf 88' lang='lat' dir='ltr'>lucilius</span> <span class='ocrx_word' id='word_1_566' title='bbox 1266 3948 1307 4004; x_wconf 92' lang='lat' dir='ltr'>illi</span> <span class='ocrx_word' id='word_1_567' title='bbox 1320 3948 1404 4005; x_wconf 91' lang='lat' dir='ltr'>rebus</span> <span class='ocrx_word' id='word_1_568' title='bbox 1424 3949 1548 4005; x_wconf 77' lang='lat' dir='ltr'>ecclesie</span> <span class='ocrx_word' id='word_1_569' title='bbox 1567 3967 1626 4007; x_wconf 82' lang='lat' dir='ltr'>sure</span> <span class='ocrx_word' id='word_1_570' title='bbox 1644 3953 1794 4025; x_wconf 87' lang='lat' dir='ltr'>providere</span> 
     </span>
     <span class='ocr_line' id='line_1_42' title="bbox 111 4039 1793 4117; baseline 0.005 -19"><span class='ocrx_word' id='word_1_571' title='bbox 111 4042 263 4114; x_wconf 75' lang='lat' dir='ltr'>sangnrinis</span> <span class='ocrx_word' id='word_1_572' title='bbox 277 4039 383 4098; x_wconf 87' lang='lat' dir='ltr'>Christi</span> <span class='ocrx_word' id='word_1_573' title='bbox 397 4043 601 4100; x_wconf 88' lang='lat' dir='ltr'>communione</span> <span class='ocrx_word' id='word_1_574' title='bbox 614 4049 672 4099; x_wconf 89' lang='lat' dir='ltr'>tam</span> <span class='ocrx_word' id='word_1_575' title='bbox 688 4044 750 4098; x_wconf 88' lang='lat' dir='ltr'>leve</span> <span class='ocrx_word' id='word_1_576' title='bbox 767 4043 927 4100; x_wconf 91' lang='lat' dir='ltr'>iucommo·</span> <span class='ocrx_word' id='word_1_577' title='bbox 980 4062 1014 4102; x_wconf 92' lang='lat' dir='ltr'>ac</span> <span class='ocrx_word' id='word_1_578' title='bbox 1027 4043 1056 4100; x_wconf 93' lang='lat' dir='ltr'>in</span> <span class='ocrx_word' id='word_1_579' title='bbox 1073 4043 1173 4117; x_wconf 89' lang='lat' dir='ltr'>primis</span> <span class='ocrx_word' id='word_1_580' title='bbox 1194 4043 1224 4099; x_wconf 92' lang='lat' dir='ltr'>iu</span> <span class='ocrx_word' id='word_1_581' title='bbox 1249 4041 1434 4098; x_wconf 87' lang='lat' dir='ltr'>sublevandis</span> <span class='ocrx_word' id='word_1_582' title='bbox 1452 4043 1624 4115; x_wconf 90' lang='lat' dir='ltr'>pauperihus</span> <span class='ocrx_word' id='word_1_583' title='bbox 1644 4063 1725 4104; x_wconf 89' lang='lat' dir='ltr'>curas</span> <span class='ocrx_word' id='word_1_584' title='bbox 1739 4050 1793 4106; x_wconf 91' lang='lat' dir='ltr'>im-</span> 
     </span>
     <span class='ocr_line' id='line_1_43' title="bbox 110 4135 1791 4214; baseline 0.003 -21"><span class='ocrx_word' id='word_1_585' title='bbox 110 4138 181 4193; x_wconf 88' lang='lat' dir='ltr'>dum</span> <span class='ocrx_word' id='word_1_586' title='bbox 194 4137 587 4211; x_wconf 79' lang='lat' dir='ltr'>reformidant3qaamquam</span> <span class='ocrx_word' id='word_1_587' title='bbox 599 4137 715 4194; x_wconf 85' lang='lat' dir='ltr'>inanem</span> <span class='ocrx_word' id='word_1_588' title='bbox 724 4137 805 4192; x_wconf 89' lang='lat' dir='ltr'>illum</span> <span class='ocrx_word' id='word_1_589' title='bbox 819 4142 928 4194; x_wconf 90' lang='lat' dir='ltr'>metum</span> <span class='ocrx_word' id='word_1_590' title='bbox 978 4139 1115 4214; x_wconf 88' lang='lat' dir='ltr'>pendere,</span> <span class='ocrx_word' id='word_1_591' title='bbox 1132 4138 1208 4210; x_wconf 92' lang='lat' dir='ltr'>quod</span> <span class='ocrx_word' id='word_1_592' title='bbox 1223 4136 1275 4192; x_wconf 89' lang='lat' dir='ltr'>sub</span> <span class='ocrx_word' id='word_1_593' title='bbox 1287 4137 1370 4208; x_wconf 87' lang='lat' dir='ltr'>llysto</span> <span class='ocrx_word' id='word_1_594' title='bbox 1385 4157 1399 4188; x_wconf 87' lang='grc' dir='ltr'>ιι</span> <span class='ocrx_word' id='word_1_595' title='bbox 1416 4135 1491 4192; x_wconf 90' lang='lat' dir='ltr'>bono</span> <span class='ocrx_word' id='word_1_596' title='bbox 1514 4139 1544 4192; x_wconf 92' lang='lat' dir='ltr'>et</span> <span class='ocrx_word' id='word_1_597' title='bbox 1562 4137 1677 4210; x_wconf 89' lang='lat' dir='ltr'>pacillco</span> <span class='ocrx_word' id='word_1_598' title='bbox 1697 4159 1791 4199; x_wconf 88' lang='lat' dir='ltr'>sacer-</span> 
     </span>
     <span class='ocr_line' id='line_1_44' title="bbox 108 4230 1792 4309; baseline 0.003 -21"><span class='ocrx_word' id='word_1_599' title='bbox 108 4248 168 4288; x_wconf 89' lang='lat' dir='ltr'>non</span> <span class='ocrx_word' id='word_1_600' title='bbox 194 4231 400 4299; x_wconf 80' lang='lat' dir='ltr'>asseverando,</span> <span class='ocrx_word' id='word_1_601' title='bbox 425 4233 474 4289; x_wconf 92' lang='lat' dir='ltr'>sed</span> <span class='ocrx_word' id='word_1_602' title='bbox 505 4232 601 4305; x_wconf 91' lang='lat' dir='ltr'>potius</span> <span class='ocrx_word' id='word_1_603' title='bbox 626 4230 803 4304; x_wconf 85' lang='lat' dir='ltr'>conjiciendo</span> <span class='ocrx_word' id='word_1_604' title='bbox 835 4248 928 4304; x_wconf 87' lang='lat' dir='ltr'>repre·</span> <span class='ocrx_word' id='word_1_605' title='bbox 979 4230 1324 4303; x_wconf 80' lang='lat' dir='ltr'>dote,»utaitl’ontius,</span> <span class='ocrx_word' id='word_1_606' title='bbox 1339 4231 1446 4286; x_wconf 74' lang='lat' dir='ltr'>sedatae</span> <span class='ocrx_word' id='word_1_607' title='bbox 1466 4230 1657 4288; x_wconf 87' lang='lat' dir='ltr'>dissensiones</span> <span class='ocrx_word' id='word_1_608' title='bbox 1678 4237 1792 4309; x_wconf 89' lang='lat' dir='ltr'>magnis</span> 
     </span>
     <span class='ocr_line' id='line_1_45' title="bbox 108 4325 1790 4398; baseline 0.004 -16"><span class='ocrx_word' id='word_1_609' title='bbox 108 4326 222 4382; x_wconf 87' lang='lat' dir='ltr'>hendit.</span> <span class='ocrx_word' id='word_1_610' title='bbox 979 4345 1045 4384; x_wconf 91' lang='lat' dir='ltr'>eum</span> <span class='ocrx_word' id='word_1_611' title='bbox 1058 4327 1196 4382; x_wconf 87' lang='lat' dir='ltr'>molestiis</span> <span class='ocrx_word' id='word_1_612' title='bbox 1209 4325 1396 4382; x_wconf 81' lang='lat' dir='ltr'>exsolverent.</span> <span class='ocrx_word' id='word_1_613' title='bbox 1410 4327 1482 4382; x_wconf 90' lang='lat' dir='ltr'>Cum</span> <span class='ocrx_word' id='word_1_614' title='bbox 1505 4325 1662 4398; x_wconf 89' lang='lat' dir='ltr'>Cyprianus</span> <span class='ocrx_word' id='word_1_615' title='bbox 1676 4328 1705 4385; x_wconf 91' lang='lat' dir='ltr'>ia</span> <span class='ocrx_word' id='word_1_616' title='bbox 1719 4331 1790 4388; x_wconf 90' lang='lat' dir='ltr'>exsi-</span> 
     </span>
    </p>

    <p class='ocr_par' dir='ltr' id='par_1_7' title="bbox 183 4416 1792 4500">
     <span class='ocr_line' id='line_1_46' title="bbox 183 4416 1792 4500; baseline 0.006 -25"><span class='ocrx_word' id='word_1_617' title='bbox 183 4419 293 4476; x_wconf 80' lang='lat' dir='ltr'>xxxtv.</span> <span class='ocrx_word' id='word_1_618' title='bbox 308 4451 341 4461; x_wconf 96' lang='lat'><em>-</em></span> <span class='ocrx_word' id='word_1_619' title='bbox 357 4422 492 4489; x_wconf 78' lang='lat' dir='ltr'>Confessio</span> <span class='ocrx_word' id='word_1_620' title='bbox 504 4427 530 4476; x_wconf 85' lang='lat' dir='ltr'>et</span> <span class='ocrx_word' id='word_1_621' title='bbox 539 4423 702 4490; x_wconf 75' lang='lat' dir='ltr'>martyrium</span> <span class='ocrx_word' id='word_1_622' title='bbox 712 4420 855 4492; x_wconf 81' lang='lat' dir='ltr'>Cypriani.</span> <span class='ocrx_word' id='word_1_623' title='bbox 937 4416 1017 4489; x_wconf 86' lang='lat' dir='ltr'>Dlio</span> <span class='ocrx_word' id='word_1_624' title='bbox 1049 4425 1219 4490; x_wconf 88' lang='lat' dir='ltr'>moraretur,</span> <span class='ocrx_word' id='word_1_625' title='bbox 1244 4419 1326 4476; x_wconf 90' lang='lat' dir='ltr'>multi</span> <span class='ocrx_word' id='word_1_626' title='bbox 1356 4419 1479 4492; x_wconf 89' lang='lat' dir='ltr'>episcopi</span> <span class='ocrx_word' id='word_1_627' title='bbox 1516 4421 1705 4479; x_wconf 87' lang='lat' dir='ltr'>constantiam</span> <span class='ocrx_word' id='word_1_628' title='bbox 1730 4425 1792 4500; x_wconf 85' lang='lat' dir='ltr'>ejus</span> 
     </span>
    </p>

    <p class='ocr_par' dir='ltr' id='par_1_8' title="bbox 104 4513 1791 5718">
     <span class='ocr_line' id='line_1_47' title="bbox 142 4513 1789 4592; baseline 0.004 -21"><span class='ocrx_word' id='word_1_629' title='bbox 142 4515 197 4571; x_wconf 85' lang='lat' dir='ltr'>Tot</span> <span class='ocrx_word' id='word_1_630' title='bbox 212 4513 325 4571; x_wconf 87' lang='lat' dir='ltr'>eximiis</span> <span class='ocrx_word' id='word_1_631' title='bbox 342 4513 480 4586; x_wconf 85' lang='lat' dir='ltr'>Cypriani</span> <span class='ocrx_word' id='word_1_632' title='bbox 497 4515 533 4570; x_wconf 91' lang='lat' dir='ltr'>de</span> <span class='ocrx_word' id='word_1_633' title='bbox 555 4515 676 4570; x_wconf 87' lang='lat' dir='ltr'>Ecclesia</span> <span class='ocrx_word' id='word_1_634' title='bbox 689 4515 809 4583; x_wconf 86' lang='lat' dir='ltr'>meritis,</span> <span class='ocrx_word' id='word_1_635' title='bbox 830 4517 872 4570; x_wconf 90' lang='lat' dir='ltr'>tot</span> <span class='ocrx_word' id='word_1_636' title='bbox 884 4529 927 4569; x_wconf 90' lang='lat' dir='ltr'>re·</span> <span class='ocrx_word' id='word_1_637' title='bbox 977 4515 1080 4573; x_wconf 88' lang='lat' dir='ltr'>imitati</span> <span class='ocrx_word' id='word_1_638' title='bbox 1094 4520 1169 4586; x_wconf 90' lang='lat' dir='ltr'>sunt,</span> <span class='ocrx_word' id='word_1_639' title='bbox 1183 4529 1340 4585; x_wconf 91' lang='lat' dir='ltr'>eorumque</span> <span class='ocrx_word' id='word_1_640' title='bbox 1352 4514 1516 4585; x_wconf 90' lang='lat' dir='ltr'>exemplum</span> <span class='ocrx_word' id='word_1_641' title='bbox 1530 4520 1625 4570; x_wconf 86' lang='lat' dir='ltr'>secuta</span> <span class='ocrx_word' id='word_1_642' title='bbox 1644 4519 1789 4592; x_wconf 89' lang='lat' dir='ltr'>multiplex</span> 
     </span>
     <span class='ocr_line' id='line_1_48' title="bbox 106 4605 1791 4683; baseline 0.002 -19"><span class='ocrx_word' id='word_1_643' title='bbox 106 4610 163 4665; x_wconf 85' lang='lat' dir='ltr'>bus</span> <span class='ocrx_word' id='word_1_644' title='bbox 189 4610 326 4681; x_wconf 84' lang='lat' dir='ltr'>praeclare</span> <span class='ocrx_word' id='word_1_645' title='bbox 351 4607 439 4680; x_wconf 89' lang='lat' dir='ltr'>gestis</span> <span class='ocrx_word' id='word_1_646' title='bbox 467 4607 539 4666; x_wconf 90' lang='lat' dir='ltr'>nihil</span> <span class='ocrx_word' id='word_1_647' title='bbox 566 4609 631 4666; x_wconf 88' lang='lat' dir='ltr'>addi</span> <span class='ocrx_word' id='word_1_648' title='bbox 660 4627 742 4682; x_wconf 89' lang='lat' dir='ltr'>posse</span> <span class='ocrx_word' id='word_1_649' title='bbox 778 4611 927 4669; x_wconf 89' lang='lat' dir='ltr'>videbatur</span> <span class='ocrx_word' id='word_1_650' title='bbox 976 4609 1067 4683; x_wconf 91' lang='lat' dir='ltr'>plebis</span> <span class='ocrx_word' id='word_1_651' title='bbox 1079 4607 1173 4682; x_wconf 90' lang='lat' dir='ltr'>portio</span> <span class='ocrx_word' id='word_1_652' title='bbox 1186 4605 1315 4663; x_wconf 83' lang='lat' dir='ltr'>confessa</span> <span class='ocrx_word' id='word_1_653' title='bbox 1330 4609 1374 4661; x_wconf 92' lang='lat' dir='ltr'>est</span> <span class='ocrx_word' id='word_1_654' title='bbox 1392 4606 1499 4678; x_wconf 88' lang='lat' dir='ltr'>pariter</span> <span class='ocrx_word' id='word_1_655' title='bbox 1521 4621 1586 4661; x_wconf 89' lang='lat' dir='ltr'>cum</span> <span class='ocrx_word' id='word_1_656' title='bbox 1608 4607 1649 4662; x_wconf 89' lang='lat' dir='ltr'>eis</span> <span class='ocrx_word' id='word_1_657' title='bbox 1674 4613 1791 4682; x_wconf 89' lang='lat' dir='ltr'>etpari·</span> 
     </span>
     <span class='ocr_line' id='line_1_49' title="bbox 105 4697 1787 4779; baseline 0.001 -21"><span class='ocrx_word' id='word_1_658' title='bbox 105 4707 214 4776; x_wconf 74' lang='lat' dir='ltr'>praeter</span> <span class='ocrx_word' id='word_1_659' title='bbox 229 4701 414 4758; x_wconf 80' lang='lat' dir='ltr'>confessionis</span> <span class='ocrx_word' id='word_1_660' title='bbox 433 4707 462 4758; x_wconf 92' lang='lat' dir='ltr'>et</span> <span class='ocrx_word' id='word_1_661' title='bbox 479 4704 610 4775; x_wconf 87' lang='lat' dir='ltr'>martyrii</span> <span class='ocrx_word' id='word_1_662' title='bbox 629 4705 754 4760; x_wconf 86' lang='lat' dir='ltr'>laudem.</span> <span class='ocrx_word' id='word_1_663' title='bbox 768 4706 925 4779; x_wconf 87' lang='lat' dir='ltr'>Utrumque</span> <span class='ocrx_word' id='word_1_664' title='bbox 976 4709 1019 4760; x_wconf 88' lang='lat' dir='ltr'>ter</span> <span class='ocrx_word' id='word_1_665' title='bbox 1032 4707 1165 4759; x_wconf 88' lang='lat' dir='ltr'>coronata</span> <span class='ocrx_word' id='word_1_666' title='bbox 1178 4706 1229 4769; x_wconf 91' lang='lat' dir='ltr'>est,</span> <span class='ocrx_word' id='word_1_667' title='bbox 1245 4699 1434 4772; x_wconf 82' lang='lat' dir='ltr'>apraspositis</span> <span class='ocrx_word' id='word_1_668' title='bbox 1456 4697 1513 4754; x_wconf 88' lang='lat' dir='ltr'>suis</span> <span class='ocrx_word' id='word_1_669' title='bbox 1532 4716 1583 4754; x_wconf 88' lang='lat' dir='ltr'>nec</span> <span class='ocrx_word' id='word_1_670' title='bbox 1601 4717 1713 4758; x_wconf 87' lang='lat' dir='ltr'>carcere</span> <span class='ocrx_word' id='word_1_671' title='bbox 1735 4721 1787 4762; x_wconf 90' lang='lat' dir='ltr'>nec</span> 
     </span>
     <span class='ocr_line' id='line_1_50' title="bbox 106 4791 1790 4870; baseline 0.001 -15"><span class='ocrx_word' id='word_1_672' title='bbox 106 4795 215 4855; x_wconf 88' lang='lat' dir='ltr'>Christi</span> <span class='ocrx_word' id='word_1_673' title='bbox 229 4795 307 4852; x_wconf 92' lang='lat' dir='ltr'>dono</span> <span class='ocrx_word' id='word_1_674' title='bbox 320 4800 490 4852; x_wconf 88' lang='lat' dir='ltr'>consecutus</span> <span class='ocrx_word' id='word_1_675' title='bbox 510 4799 554 4852; x_wconf 90' lang='lat' dir='ltr'>est</span> <span class='ocrx_word' id='word_1_676' title='bbox 572 4797 601 4852; x_wconf 92' lang='lat' dir='ltr'>in</span> <span class='ocrx_word' id='word_1_677' title='bbox 622 4798 818 4870; x_wconf 89' lang='lat' dir='ltr'>persecutione</span> <span class='ocrx_word' id='word_1_678' title='bbox 845 4801 924 4855; x_wconf 90' lang='lat' dir='ltr'>Vale·</span> <span class='ocrx_word' id='word_1_679' title='bbox 977 4797 1092 4853; x_wconf 90' lang='lat' dir='ltr'>metallo</span> <span class='ocrx_word' id='word_1_680' title='bbox 1112 4799 1250 4867; x_wconf 87' lang='lat' dir='ltr'>separata.</span> <span class='ocrx_word' id='word_1_681' title='bbox 1275 4795 1369 4864; x_wconf 89' lang='lat' dir='ltr'>Neque</span> <span class='ocrx_word' id='word_1_682' title='bbox 1392 4791 1422 4846; x_wconf 92' lang='lat' dir='ltr'>iu</span> <span class='ocrx_word' id='word_1_683' title='bbox 1442 4791 1496 4846; x_wconf 91' lang='lat' dir='ltr'>hoc</span> <span class='ocrx_word' id='word_1_684' title='bbox 1517 4808 1640 4850; x_wconf 91' lang='lat' dir='ltr'>numero</span> <span class='ocrx_word' id='word_1_685' title='bbox 1663 4795 1790 4869; x_wconf 88' lang='lat' dir='ltr'>virgines</span> 
     </span>
     <span class='ocr_line' id='line_1_51' title="bbox 106 4885 1789 4965; baseline 0.001 -18"><span class='ocrx_word' id='word_1_686' title='bbox 106 4891 193 4958; x_wconf 76' lang='lat' dir='ltr'>nani,</span> <span class='ocrx_word' id='word_1_687' title='bbox 208 4889 259 4962; x_wconf 92' lang='lat' dir='ltr'>qui</span> <span class='ocrx_word' id='word_1_688' title='bbox 273 4907 339 4945; x_wconf 87' lang='lat' dir='ltr'>cum</span> <span class='ocrx_word' id='word_1_689' title='bbox 352 4889 526 4946; x_wconf 89' lang='lat' dir='ltr'>Christianos</span> <span class='ocrx_word' id='word_1_690' title='bbox 544 4891 718 4964; x_wconf 88' lang='lat' dir='ltr'>aliquamdiu</span> <span class='ocrx_word' id='word_1_691' title='bbox 738 4891 870 4965; x_wconf 81' lang='lat' dir='ltr'>privatim</span> <span class='ocrx_word' id='word_1_692' title='bbox 893 4910 925 4949; x_wconf 89' lang='lat' dir='ltr'>ec</span> <span class='ocrx_word' id='word_1_693' title='bbox 977 4896 1005 4947; x_wconf 91' lang='lat' dir='ltr'>et</span> <span class='ocrx_word' id='word_1_694' title='bbox 1017 4890 1100 4964; x_wconf 92' lang='lat' dir='ltr'>pueri</span> <span class='ocrx_word' id='word_1_695' title='bbox 1114 4889 1278 4945; x_wconf 86' lang='lat' dir='ltr'>defuerunt.</span> <span class='ocrx_word' id='word_1_696' title='bbox 1291 4885 1443 4942; x_wconf 85' lang='lat' dir='ltr'>Beatorum</span> <span class='ocrx_word' id='word_1_697' title='bbox 1460 4889 1619 4959; x_wconf 89' lang='lat' dir='ltr'>martyrum</span> <span class='ocrx_word' id='word_1_698' title='bbox 1634 4906 1700 4962; x_wconf 84' lang='lat' dir='ltr'>pars</span> <span class='ocrx_word' id='word_1_699' title='bbox 1711 4907 1789 4950; x_wconf 88' lang='lat' dir='ltr'>coro·</span> 
     </span>
     <span class='ocr_line' id='line_1_52' title="bbox 104 4979 1787 5059; baseline 0.002 -19"><span class='ocrx_word' id='word_1_700' title='bbox 104 4985 224 5059; x_wconf 89' lang='lat' dir='ltr'>publice</span> <span class='ocrx_word' id='word_1_701' title='bbox 240 4983 319 5040; x_wconf 91' lang='lat' dir='ltr'>omni</span> <span class='ocrx_word' id='word_1_702' title='bbox 334 4984 513 5042; x_wconf 87' lang='lat' dir='ltr'>humanitate</span> <span class='ocrx_word' id='word_1_703' title='bbox 532 4985 656 5056; x_wconf 84' lang='lat' dir='ltr'>iuvisset,</span> <span class='ocrx_word' id='word_1_704' title='bbox 676 4991 774 5059; x_wconf 88' lang='lat' dir='ltr'>postea</span> <span class='ocrx_word' id='word_1_705' title='bbox 794 4985 925 5044; x_wconf 87' lang='lat' dir='ltr'>ldacriani</span> <span class='ocrx_word' id='word_1_706' title='bbox 975 4991 1050 5053; x_wconf 89' lang='lat' dir='ltr'>nata,</span> <span class='ocrx_word' id='word_1_707' title='bbox 1066 5000 1130 5055; x_wconf 90' lang='lat' dir='ltr'>pars</span> <span class='ocrx_word' id='word_1_708' title='bbox 1143 4983 1172 5038; x_wconf 93' lang='lat' dir='ltr'>in</span> <span class='ocrx_word' id='word_1_709' title='bbox 1187 4997 1300 5038; x_wconf 84' lang='lat' dir='ltr'>earcere</span> <span class='ocrx_word' id='word_1_710' title='bbox 1320 4979 1475 5048; x_wconf 89' lang='lat' dir='ltr'>remansit;</span> <span class='ocrx_word' id='word_1_711' title='bbox 1497 4980 1544 5036; x_wconf 88' lang='lat' dir='ltr'>alii</span> <span class='ocrx_word' id='word_1_712' title='bbox 1567 4984 1688 5040; x_wconf 90' lang='lat' dir='ltr'>metallis</span> <span class='ocrx_word' id='word_1_713' title='bbox 1704 4986 1787 5044; x_wconf 87' lang='lat' dir='ltr'>dam·</span> 
     </span>
     <span class='ocr_line' id='line_1_53' title="bbox 106 5075 1788 5154; baseline 0.002 -20"><span class='ocrx_word' id='word_1_714' title='bbox 106 5079 219 5134; x_wconf 88' lang='lat' dir='ltr'>artibus</span> <span class='ocrx_word' id='word_1_715' title='bbox 234 5077 378 5147; x_wconf 89' lang='lat' dir='ltr'>inductus,</span> <span class='ocrx_word' id='word_1_716' title='bbox 395 5095 532 5152; x_wconf 89' lang='lat' dir='ltr'>magnum</span> <span class='ocrx_word' id='word_1_717' title='bbox 546 5098 575 5136; x_wconf 89' lang='lat' dir='ltr'>se</span> <span class='ocrx_word' id='word_1_718' title='bbox 591 5082 743 5153; x_wconf 86' lang='lat' dir='ltr'>quemdam</span> <span class='ocrx_word' id='word_1_719' title='bbox 758 5097 790 5136; x_wconf 89' lang='lat' dir='ltr'>ac</span> <span class='ocrx_word' id='word_1_720' title='bbox 812 5081 924 5137; x_wconf 79' lang='lat' dir='ltr'>reticem</span> <span class='ocrx_word' id='word_1_721' title='bbox 974 5079 1034 5135; x_wconf 90' lang='lat' dir='ltr'>nati</span> <span class='ocrx_word' id='word_1_722' title='bbox 1048 5081 1124 5148; x_wconf 89' lang='lat' dir='ltr'>sunt,</span> <span class='ocrx_word' id='word_1_723' title='bbox 1144 5076 1191 5131; x_wconf 93' lang='lat' dir='ltr'>ubi</span> <span class='ocrx_word' id='word_1_724' title='bbox 1216 5077 1286 5149; x_wconf 89' lang='lat' dir='ltr'>quot</span> <span class='ocrx_word' id='word_1_725' title='bbox 1308 5091 1450 5130; x_wconf 67' lang='lat' dir='ltr'>[erumnas</span> <span class='ocrx_word' id='word_1_726' title='bbox 1473 5075 1643 5146; x_wconf 89' lang='lat' dir='ltr'>pertulerint</span> <span class='ocrx_word' id='word_1_727' title='bbox 1665 5081 1788 5154; x_wconf 89' lang='lat' dir='ltr'>perspici</span> 
     </span>
     <span class='ocr_line' id='line_1_54' title="bbox 106 5167 1789 5248; baseline 0.002 -20"><span class='ocrx_word' id='word_1_728' title='bbox 106 5173 316 5246; x_wconf 88' lang='lat' dir='ltr'>imperatorem</span> <span class='ocrx_word' id='word_1_729' title='bbox 331 5172 395 5228; x_wconf 81' lang='lat' dir='ltr'>iore</span> <span class='ocrx_word' id='word_1_730' title='bbox 415 5174 537 5246; x_wconf 91' lang='lat' dir='ltr'>speravit</span> <span class='ocrx_word' id='word_1_731' title='bbox 561 5175 583 5230; x_wconf 91' lang='lat' dir='ltr'>si</span> <span class='ocrx_word' id='word_1_732' title='bbox 605 5175 795 5233; x_wconf 86' lang='lat' dir='ltr'>Christianam</span> <span class='ocrx_word' id='word_1_733' title='bbox 812 5175 926 5248; x_wconf 90' lang='lat' dir='ltr'>religio·</span> <span class='ocrx_word' id='word_1_734' title='bbox 974 5177 1068 5247; x_wconf 80' lang='lat' dir='ltr'>potest</span> <span class='ocrx_word' id='word_1_735' title='bbox 1080 5189 1112 5226; x_wconf 88' lang='lat' dir='ltr'>ex</span> <span class='ocrx_word' id='word_1_736' title='bbox 1126 5171 1244 5244; x_wconf 87' lang='lat' dir='ltr'>epistola</span> <span class='ocrx_word' id='word_1_737' title='bbox 1256 5173 1300 5238; x_wconf 77' lang='lat'>77,</span> <span class='ocrx_word' id='word_1_738' title='bbox 1316 5183 1402 5240; x_wconf 92' lang='lat' dir='ltr'>quam</span> <span class='ocrx_word' id='word_1_739' title='bbox 1424 5167 1458 5224; x_wconf 87' lang='lat' dir='ltr'>ad</span> <span class='ocrx_word' id='word_1_740' title='bbox 1478 5184 1527 5224; x_wconf 88' lang='lat' dir='ltr'>eos</span> <span class='ocrx_word' id='word_1_741' title='bbox 1546 5171 1657 5242; x_wconf 82' lang='lat' dir='ltr'>scripsit</span> <span class='ocrx_word' id='word_1_742' title='bbox 1673 5175 1789 5247; x_wconf 83' lang='lat' dir='ltr'>Cypria·</span> 
     </span>
     <span class='ocr_line' id='line_1_55' title="bbox 106 5261 1789 5340; baseline 0.003 -18"><span class='ocrx_word' id='word_1_743' title='bbox 106 5284 176 5322; x_wconf 88' lang='lat' dir='ltr'>nem</span> <span class='ocrx_word' id='word_1_744' title='bbox 189 5271 385 5340; x_wconf 83' lang='lat' dir='ltr'>oppugnaret.</span> <span class='ocrx_word' id='word_1_745' title='bbox 393 5267 463 5324; x_wconf 90' lang='lat' dir='ltr'>Cum</span> <span class='ocrx_word' id='word_1_746' title='bbox 478 5269 635 5340; x_wconf 89' lang='lat' dir='ltr'>persecutio</span> <span class='ocrx_word' id='word_1_747' title='bbox 648 5269 769 5325; x_wconf 90' lang='lat' dir='ltr'>instaret</span> <span class='ocrx_word' id='word_1_748' title='bbox 780 5271 809 5324; x_wconf 91' lang='lat' dir='ltr'>iu</span> <span class='ocrx_word' id='word_1_749' title='bbox 820 5268 923 5336; x_wconf 76' lang='lat' dir='ltr'>Africa,</span> <span class='ocrx_word' id='word_1_750' title='bbox 974 5285 1028 5324; x_wconf 92' lang='lat' dir='ltr'>nus</span> <span class='ocrx_word' id='word_1_751' title='bbox 1041 5264 1203 5338; x_wconf 90' lang='lat' dir='ltr'>gratulandi</span> <span class='ocrx_word' id='word_1_752' title='bbox 1215 5263 1305 5334; x_wconf 86' lang='lat' dir='ltr'>magis</span> <span class='ocrx_word' id='word_1_753' title='bbox 1317 5279 1402 5336; x_wconf 91' lang='lat' dir='ltr'>quam</span> <span class='ocrx_word' id='word_1_754' title='bbox 1415 5261 1583 5318; x_wconf 89' lang='lat' dir='ltr'>consolandi</span> <span class='ocrx_word' id='word_1_755' title='bbox 1594 5269 1789 5327; x_wconf 88' lang='lat' dir='ltr'>causa.Vincti</span> 
     </span>
     <span class='ocr_line' id='line_1_56' title="bbox 108 5357 1789 5436; baseline 0.002 -19"><span class='ocrx_word' id='word_1_756' title='bbox 108 5363 280 5417; x_wconf 80' lang='lat' dir='ltr'>Fortunatus</span> <span class='ocrx_word' id='word_1_757' title='bbox 306 5361 467 5434; x_wconf 90' lang='lat' dir='ltr'>episcopus,</span> <span class='ocrx_word' id='word_1_758' title='bbox 488 5361 564 5418; x_wconf 91' lang='lat' dir='ltr'>idem</span> <span class='ocrx_word' id='word_1_759' title='bbox 589 5363 661 5419; x_wconf 82' lang='lat' dir='ltr'>forte</span> <span class='ocrx_word' id='word_1_760' title='bbox 682 5363 732 5434; x_wconf 88' lang='lat' dir='ltr'>qui</span> <span class='ocrx_word' id='word_1_761' title='bbox 754 5363 784 5418; x_wconf 93' lang='lat' dir='ltr'>in</span> <span class='ocrx_word' id='word_1_762' title='bbox 815 5363 924 5436; x_wconf 90' lang='lat' dir='ltr'>synodo</span> <span class='ocrx_word' id='word_1_763' title='bbox 974 5365 1057 5418; x_wconf 90' lang='lat' dir='ltr'>erant</span> <span class='ocrx_word' id='word_1_764' title='bbox 1074 5359 1162 5432; x_wconf 88' lang='lat' dir='ltr'>pedes</span> <span class='ocrx_word' id='word_1_765' title='bbox 1182 5357 1356 5414; x_wconf 88' lang='lat' dir='ltr'>traversariis</span> <span class='ocrx_word' id='word_1_766' title='bbox 1374 5361 1403 5413; x_wconf 93' lang='lat' dir='ltr'>et</span> <span class='ocrx_word' id='word_1_767' title='bbox 1424 5357 1627 5429; x_wconf 87' lang='lat' dir='ltr'>compedibus;</span> <span class='ocrx_word' id='word_1_768' title='bbox 1655 5361 1736 5418; x_wconf 89' lang='lat' dir='ltr'>humi</span> <span class='ocrx_word' id='word_1_769' title='bbox 1746 5365 1789 5436; x_wconf 74' lang='lat' dir='ltr'>Ja-</span> 
     </span>
     <span class='ocr_line' id='line_1_57' title="bbox 109 5450 1787 5530; baseline 0.001 -19"><span class='ocrx_word' id='word_1_770' title='bbox 109 5455 333 5527; x_wconf 86' lang='lat' dir='ltr'>Carthaginensi</span> <span class='ocrx_word' id='word_1_771' title='bbox 353 5455 459 5511; x_wconf 87' lang='lat' dir='ltr'>dicitur</span> <span class='ocrx_word' id='word_1_772' title='bbox 474 5457 624 5529; x_wconf 87' lang='lat' dir='ltr'>episcopus</span> <span class='ocrx_word' id='word_1_773' title='bbox 645 5475 661 5512; x_wconf 98' lang='lat' dir='ltr'>a</span> <span class='ocrx_word' id='word_1_774' title='bbox 684 5455 845 5525; x_wconf 87' lang='lat' dir='ltr'>Tuccabori,</span> <span class='ocrx_word' id='word_1_775' title='bbox 871 5459 921 5530; x_wconf 91' lang='lat' dir='ltr'>Cy·</span> <span class='ocrx_word' id='word_1_776' title='bbox 973 5456 1075 5513; x_wconf 91' lang='lat' dir='ltr'>cebant</span> <span class='ocrx_word' id='word_1_777' title='bbox 1088 5454 1149 5510; x_wconf 92' lang='lat' dir='ltr'>sine</span> <span class='ocrx_word' id='word_1_778' title='bbox 1163 5454 1252 5522; x_wconf 89' lang='lat' dir='ltr'>lecto;</span> <span class='ocrx_word' id='word_1_779' title='bbox 1267 5451 1347 5524; x_wconf 90' lang='lat' dir='ltr'>panis</span> <span class='ocrx_word' id='word_1_780' title='bbox 1360 5450 1480 5522; x_wconf 82' lang='lat' dir='ltr'>exiguus</span> <span class='ocrx_word' id='word_1_781' title='bbox 1492 5451 1690 5524; x_wconf 74' lang='lat' dir='ltr'>prebebatur3</span> <span class='ocrx_word' id='word_1_782' title='bbox 1703 5458 1787 5514; x_wconf 91' lang='lat' dir='ltr'>vestis</span> 
     </span>
     <span class='ocr_line' id='line_1_58' title="bbox 108 5544 1788 5623; baseline 0 -19"><span class='ocrx_word' id='word_1_783' title='bbox 108 5551 241 5621; x_wconf 77' lang='lat' dir='ltr'>priunum</span> <span class='ocrx_word' id='word_1_784' title='bbox 254 5550 368 5621; x_wconf 90' lang='lat' dir='ltr'>rogavit</span> <span class='ocrx_word' id='word_1_785' title='bbox 379 5553 413 5605; x_wconf 89' lang='lat' dir='ltr'>ut</span> <span class='ocrx_word' id='word_1_786' title='bbox 425 5549 463 5606; x_wconf 93' lang='lat' dir='ltr'>ad</span> <span class='ocrx_word' id='word_1_787' title='bbox 474 5550 676 5623; x_wconf 83' lang='lat' dir='ltr'>praeparandas</span> <span class='ocrx_word' id='word_1_788' title='bbox 689 5557 716 5607; x_wconf 90' lang='lat' dir='ltr'>et</span> <span class='ocrx_word' id='word_1_789' title='bbox 731 5552 921 5608; x_wconf 88' lang='lat' dir='ltr'>eorroboran-</span> <span class='ocrx_word' id='word_1_790' title='bbox 973 5548 1134 5622; x_wconf 87' lang='lat' dir='ltr'>algentibus</span> <span class='ocrx_word' id='word_1_791' title='bbox 1147 5547 1264 5616; x_wconf 88' lang='lat' dir='ltr'>deerat;</span> <span class='ocrx_word' id='word_1_792' title='bbox 1288 5544 1434 5600; x_wconf 89' lang='lat' dir='ltr'>semitonsi</span> <span class='ocrx_word' id='word_1_793' title='bbox 1453 5544 1561 5616; x_wconf 86' lang='lat' dir='ltr'>capitis,</span> <span class='ocrx_word' id='word_1_794' title='bbox 1580 5547 1699 5618; x_wconf 89' lang='lat' dir='ltr'>capillus</span> <span class='ocrx_word' id='word_1_795' title='bbox 1723 5550 1788 5607; x_wconf 87' lang='lat' dir='ltr'>hor·</span> 
     </span>
     <span class='ocr_line' id='line_1_59' title="bbox 109 5639 1790 5718; baseline 0.001 -20"><span class='ocrx_word' id='word_1_796' title='bbox 109 5643 158 5698; x_wconf 87' lang='lat' dir='ltr'>das</span> <span class='ocrx_word' id='word_1_797' title='bbox 184 5643 305 5698; x_wconf 77' lang='lat' dir='ltr'>fratrum</span> <span class='ocrx_word' id='word_1_798' title='bbox 332 5650 445 5699; x_wconf 88' lang='lat' dir='ltr'>mentes</span> <span class='ocrx_word' id='word_1_799' title='bbox 465 5645 500 5700; x_wconf 94' lang='lat' dir='ltr'>de</span> <span class='ocrx_word' id='word_1_800' title='bbox 524 5645 626 5701; x_wconf 83' lang='lat' dir='ltr'>divinis</span> <span class='ocrx_word' id='word_1_801' title='bbox 651 5646 805 5718; x_wconf 81' lang='lat' dir='ltr'>scripturis</span> <span class='ocrx_word' id='word_1_802' title='bbox 826 5646 922 5701; x_wconf 87' lang='lat' dir='ltr'>horta·</span> <span class='ocrx_word' id='word_1_803' title='bbox 973 5645 1063 5700; x_wconf 87' lang='lat' dir='ltr'>rebat.</span> <span class='ocrx_word' id='word_1_804' title='bbox 1078 5641 1218 5713; x_wconf 85' lang='lat' dir='ltr'>inscripta</span> <span class='ocrx_word' id='word_1_805' title='bbox 1234 5642 1277 5694; x_wconf 90' lang='lat' dir='ltr'>est</span> <span class='ocrx_word' id='word_1_806' title='bbox 1294 5639 1416 5712; x_wconf 85' lang='lat' dir='ltr'>epistola</span> <span class='ocrx_word' id='word_1_807' title='bbox 1436 5641 1607 5710; x_wconf 82' lang='lat' dir='ltr'>coepiscopis,</span> <span class='ocrx_word' id='word_1_808' title='bbox 1627 5643 1790 5712; x_wconf 72' lang='lat' dir='ltr'>preshyteris</span> 
     </span>
    </p>
   </div>
   <div class='ocr_carea' id='block_1_5' title="bbox 109 5731 1789 5814">
    <p class='ocr_par' dir='ltr' id='par_1_9' title="bbox 109 5731 1789 5814">
     <span class='ocr_line' id='line_1_60' title="bbox 109 5731 1789 5814; baseline -0.001 -20"><span class='ocrx_word' id='word_1_809' title='bbox 109 5743 206 5795; x_wconf 85' lang='lat' dir='ltr'>menta</span> <span class='ocrx_word' id='word_1_810' title='bbox 219 5743 418 5810; x_wconf 86' lang='lat' dir='ltr'>componeret.</span> <span class='ocrx_word' id='word_1_811' title='bbox 433 5738 567 5796; x_wconf 81' lang='lat' dir='ltr'>Libenter</span> <span class='ocrx_word' id='word_1_812' title='bbox 581 5740 788 5814; x_wconf 86' lang='lat' dir='ltr'>obtemperavit</span> <span class='ocrx_word' id='word_1_813' title='bbox 807 5740 921 5814; x_wconf 88' lang='lat' dir='ltr'>Cypria·</span> <span class='ocrx_word' id='word_1_814' title='bbox 973 5746 999 5796; x_wconf 85' lang='lat' dir='ltr'>et</span> <span class='ocrx_word' id='word_1_815' title='bbox 1015 5735 1171 5794; x_wconf 83' lang='lat' dir='ltr'>diaconibus</span> <span class='ocrx_word' id='word_1_816' title='bbox 1184 5736 1321 5791; x_wconf 78' lang='lat' dir='ltr'>attestaris</span> <span class='ocrx_word' id='word_1_817' title='bbox 1334 5732 1478 5802; x_wconf 68' lang='lat' dir='ltr'>frutribus.</span> <span class='ocrx_word' id='word_1_818' title='bbox 1497 5731 1590 5789; x_wconf 88' lang='lat' dir='ltr'>Simul</span> <span class='ocrx_word' id='word_1_819' title='bbox 1614 5733 1690 5790; x_wconf 89' lang='lat' dir='ltr'>misit</span> <span class='ocrx_word' id='word_1_820' title='bbox 1702 5753 1789 5808; x_wconf 84' lang='lat' dir='ltr'>pecu·</span> 
     </span>
    </p>
   </div>
   <div class='ocr_carea' id='block_1_6' title="bbox 270 5830 1628 5902">
    <p class='ocr_par' dir='ltr' id='par_1_10' title="bbox 270 5830 1628 5902">
     <span class='ocr_line' id='line_1_61' title="bbox 270 5830 1628 5902; baseline -0.003 0"><span class='ocrx_word' id='word_1_821' title='bbox 270 5833 417 5902; x_wconf 75' lang='lat' dir='ltr'>Persou.</span> <span class='ocrx_word' id='word_1_822' title='bbox 441 5835 492 5902; x_wconf 86' lang='lat' dir='ltr'>lv.</span> <span class='ocrx_word' id='word_1_823' title='bbox 1609 5830 1628 5898; x_wconf 90' lang='grc'><strong>6</strong></span> 
     </span>
    </p>
   </div>
   <div class='ocr_carea' id='block_1_7' title="bbox 0 0 2042 6184">
    <p class='ocr_par' dir='ltr' id='par_1_11' title="bbox 0 0 2042 6184">
     <span class='ocr_line' id='line_1_62' title="bbox 0 0 2042 6184; baseline 0 0"><span class='ocrx_word' id='word_1_824' title='bbox 0 0 2042 6184; x_wconf 95' lang='lat' dir='ltr'> </span> 
     </span>
    </p>
   </div>
  </div>
 </body>
</html>
