4076 6190
234 209 284 268 tat
419 245 420 248 ι
929 199 1232 278 tricameratam.
1302 226 1305 234 ·
1852 211 1897 276 ιιι

233 333 328 408 pretio
341 332 417 405 apud
432 333 557 403 collegas
578 331 704 387 luerunt.
718 331 829 387 Enituit
848 330 933 387 etiam
951 331 980 386 in
998 333 1051 388 Oc·
1064 351 1091 422 χ
1103 331 1142 385 ιιι
1156 331 1183 385 in
1196 329 1317 386 concilio
1329 331 1546 404 Carthaginensi
1561 331 1899 410 166ccllegasalloqui-

240 427 353 482 sidente
374 426 472 481 odium
488 429 516 480 et
538 425 607 498 luga
629 425 796 482 schismatis.
819 429 923 480 Auctor
937 425 1001 480 libri
1021 426 1055 482 de
1104 429 1151 480 tur
1166 443 1171 477 :
1188 445 1203 474 ιι
1216 427 1349 495 Superest
1363 431 1394 480 ιιι
1409 425 1444 480 da
1460 426 1513 482 hec
1527 425 1588 497 ipsa
1601 444 1631 482 re
1652 429 1718 498 quid
1736 430 1832 503 singuli
1846 449 1901 488 seu-

239 521 452 592 Rebaptismute,
473 519 525 574 etsi
547 520 718 592 cyprianum
743 519 871 590 indignis
894 519 1055 590 opprobriis
1105 519 1212 572 tiamne
1225 518 1409 590 proteramus,
1425 519 1572 576 neminem
1584 520 1742 591 judicantes
1757 527 1830 580 aute
1843 527 1901 596 jure

240 619 269 669 et
297 613 431 669 conviciis
457 613 574 682 lacerat,
603 613 706 669 latetur
736 617 834 668 tamen
865 617 951 668 totam
982 613 1056 669 hanc
1105 611 1318 668 conrmunionis
1342 613 1513 685 aliquem,si
1536 615 1677 670 diversum
1700 617 1904 688 senseritamo·

238 707 429 780 questionem
440 706 516 762 inter
528 706 774 778 tratrasagitatam
785 707 881 762 luisse.
896 727 909 758 ιι
921 706 1057 762 Αιιιιιιιιιι-
1105 709 1219 760 rentes.
1236 727 1249 756 ιι
1265 706 1416 762 Donatistae
1425 707 1493 762 olim
1508 708 1543 762 de
1556 711 1653 762 sancto
1664 709 1797 780 Cypriane
1806 733 1819 760 ιι
1830 714 1905 783 quasi

238 807 329 870 verto,
344 823 358 850 ιι
384 801 478 873 inquit
498 801 578 857 initio
598 800 673 872 libri,
687 821 701 850 ιι
726 801 878 873 quaesitum
903 800 980 873 apud
1004 801 1057 856 lra-
1106 815 1172 854 cnm
1189 799 1276 870 ipsius
1290 800 1371 855 laude
1390 799 1586 855 »dictitabant
1599 817 1665 856 eom
1688 803 1832 860 mentitum
1851 821 1904 860 esse

238 899 297 951 tres
321 895 389 966 quid
412 894 506 966 potius
531 894 676 949 observari
698 897 828 966 oporteat
851 895 880 949 in
902 909 1055 964 personam
1110 915 1123 944 ιι
1137 897 1165 948 ιι
1178 893 1364 964 simpliciores
1374 894 1540 966 collegasin'
1554 895 1640 950 verbo
1654 911 1753 966 capere
1767 897 1904 968 cogitasse,

238 1005 339 1044 eorum
364 988 415 1060 qui
433 988 462 1043 in
486 987 588 1043 haerasi
610 987 724 1060 quidem
744 987 796 1043 sed
817 988 845 1043 in
865 987 986 1043 nomine
1005 988 1055 1044 liei
1109 990 1149 1056 ut,
1163 1003 1228 1042 cum
1244 1003 1274 1042 se
1286 986 1428 1060 diversum
1439 989 1546 1044 sentire
1563 988 1764 1060 prodidissent,
1775 996 1837 1045 tunc
1846 1008 1905 1050 con·

240 1082 330 1138 nostri
359 1083 423 1137 Jesu
448 1080 550 1138 Christi
576 1079 633 1136 sint
656 1081 747 1148 tincti,
776 1085 866 1136 ιιι.»
892 1081 1057 1152 Stephanus
1107 1087 1152 1136 tra
1165 1097 1251 1152 quam
1265 1080 1446 1152 promiserat,
1461 1083 1748 1138 excommunicandos
1770 1100 1826 1138 esse
1843 1101 1903 1140 ceu-

235 1176 314 1248 justo
340 1173 538 1230 vehementior
556 1173 628 1242 luit3
652 1190 704 1228 nec
724 1174 829 1230 idcirco
846 1179 944 1230 ιιιιιιιι
965 1174 1058 1232 Africa
1108 1178 1192 1230 seret.
1215 1195 1230 1224 ιι
1254 1172 1308 1230 Sed
1331 1174 1510 1246 Augustinus
1531 1175 1606 1230 hauc
1624 1175 1792 1232 calumniam
1813 1178 1906 1236 retellit

244 1285 308 1326 cum
325 1268 388 1324 aliia
403 1267 533 1326 Ecclesiis
547 1271 574 1322 et
590 1283 653 1322 cnm
673 1270 801 1324 Romana
820 1269 906 1323 etiam
926 1284 1057 1323 commu·
1108 1267 1158 1322 lib.
1184 1284 1212 1322 ιιι
1231 1268 1264 1322 de
1278 1271 1372 1338 nupt,
1390 1285 1415 1323 c·
1439 1271 1465 1324 3.
1488 1268 1601 1324 Calidas
1623 1285 1692 1324 sano
1718 1269 1770 1324 fuit
1788 1287 1818 1326 ac
1835 1271 1906 1342 justo

241 1363 339 1419 ninere
360 1363 454 1418 desiit.
471 1362 555 1417 Nullo
577 1376 646 1416 sane
665 1364 757 1416 exstat
779 1366 967 1417 monunsento
987 1361 1059 1417 alios
1110 1361 1305 1416 vehementior
1320 1362 1523 1430 Firmilianus3
1539 1363 1587 1418 sed
1606 1368 1702 1417 mmen
1716 1363 1825 1418 unitatis
1837 1381 1908 1420 amor

242 1457 391 1528 episcopos
415 1471 498 1510 suam
521 1455 595 1510 Afris
620 1454 855 1510 communionem
882 1471 1011 1527 negasse,
1032 1457 1060 1509 et
1109 1456 1138 1509 in
1153 1457 1212 1510 tota
1230 1454 1291 1525 ejus
1306 1455 1396 1527 spirat
1417 1456 1547 1527 epistola,
1561 1472 1613 1512 nec
1632 1456 1785 1528 quidquam
1807 1457 1839 1512 de
1853 1459 1908 1513 nni-

241 1549 452 1620 rebaptizantes
478 1548 660 1604 abstinendos
685 1553 819 1620 putasse,
849 1553 881 1602 ut
901 1549 1061 1620 Stephanus
1109 1554 1166 1604 tate
1180 1549 1310 1604 Ecclesiae
1322 1549 1530 1620 significantius
1543 1549 1599 1605 dici
1612 1556 1713 1622 potest.
1731 1549 1805 1618 ilinc,
1822 1568 1908 1622 quam-

241 1648 399 1716 putmerat.
425 1641 598 1711 Quinetiam,
628 1659 693 1698 cum
721 1642 749 1696 in
774 1641 834 1714 ipsa
855 1642 979 1700 Ecclesia
1006 1643 1060 1698 lto·
1110 1642 1150 1697 vis
1183 1643 1333 1698 veritatem
1366 1643 1482 1698 maximi
1513 1643 1654 1698 momenti
1688 1643 1834 1700 detondere
1861 1644 1907 1700 sibi

242 1752 328 1792 mano
349 1736 405 1792 duo
424 1736 657 1808 prestantissimi
676 1735 848 1808 presbyteri,
862 1736 1008 1792 Philemon
1031 1720 1097 1792 etB
1110 1737 1266 1805 videretur,
1281 1736 1348 1808 qnia
1371 1742 1466 1792 temen
1490 1737 1619 1792 Ecclesiae
1635 1737 1774 1808 judicium
1794 1737 1907 1794 nonduin

245 1829 406 1903 Dionysius,
422 1835 454 1885 ut
468 1829 555 1886 modo
568 1830 698 1900 vidimus,
715 1831 828 1884 mature
847 1828 1060 1885 animadverte·
1111 1834 1276 1898 accesserat,
1293 1830 1397 1886 eodem
1411 1831 1495 1886 modo
1515 1831 1658 1903 agendum
1678 1834 1762 1903 putat
1777 1848 1808 1887 ac
1825 1831 1853 1886 in
1872 1849 1910 1885 va·

243 1925 303 1980 rint
325 1923 394 1995 quid
415 1922 504 1979 nimia
527 1923 667 1996 Stephani
686 1922 818 1978 severitas
839 1927 979 1995 peccaret,
1004 1939 1063 1978 me·
1111 1922 1160 1979 riis
1182 1922 1316 1978 institutis
1337 1923 1373 1978 ad
1396 1923 1573 1994 disciplinam
1596 1924 1812 1996 pertinentibus.
1833 1945 1845 1976 ιι
1865 1924 1909 1980 Se·

243 2019 300 2074 rita
322 2017 393 2072 mihi
407 2017 572 2072 existimare
588 2016 685 2072 videor
705 2019 796 2073 totam
812 2017 891 2072 illam
914 2015 1063 2072 dissensio
1112 2017 1239 2072 cundum
1258 2017 1345 2088 quod,
1368 2016 1460 2089 inquit
1481 2017 1520 2089 (p.
1537 2017 1607 2090 tlt),
1623 2019 1653 2072 in
1673 2018 1782 2074 ceteris
1803 2034 1906 2090 quoquc

243 2128 312 2168 nem
339 2127 376 2166 ne
397 2110 449 2166 sub
474 2110 528 2166 hoc
550 2109 667 2184 quidem
692 2109 826 2166 Pontifice
851 2127 899 2166 eos
928 2111 1061 2166 habuisse
1112 2110 1246 2184 plurimis
1260 2109 1415 2182 provinciis
1428 2111 1578 2182 multapro
1593 2111 1721 2168 locorum
1736 2117 1764 2166 et
1776 2112 1911 2168 nominum

245 2206 338 2262 exitus
364 2206 414 2276 qui
442 2221 475 2258 ex
502 2204 596 2276 primo
620 2205 782 2260 animorum
810 2204 904 2260 calore
927 2204 1063 2276 consequi
1113 2204 1273 2261 diversitate
1296 2204 1451 2272 variantur,
1475 2221 1528 2260 nec
1552 2211 1649 2262 tamen
1672 2211 1790 2278 propter
1814 2205 1863 2259 hoc
1882 2203 1912 2258 ab

246 2303 389 2372 poterant.
413 2298 470 2354 Sub
492 2297 521 2354 S.
544 2299 636 2370 Xysto,
659 2297 796 2370 Stephani
820 2314 989 2366 successore,
1010 2296 1064 2354 etsi
1113 2297 1245 2354 Ecclesiae
1266 2313 1336 2370 pace
1358 2300 1444 2370 atque
1466 2297 1578 2353 unitate
1598 2299 1754 2370 aliquando
1775 2298 1914 2354 discessum

244 2391 407 2466 persecutio
423 2392 594 2448 domesticas
608 2391 682 2446 rixas
695 2407 874 2463 compescere
894 2395 943 2448 aut
964 2393 1063 2446 saltem
1114 2398 1165 2448 est.
1180 2412 1193 2442 ιι

248 2486 378 2543 inducias
395 2485 499 2542 atlerre
525 2485 673 2554 debuerat,
701 2502 759 2541 non
781 2491 878 2541 tamen
899 2485 1010 2540 videtur
1027 2484 1064 2539 de
1114 2504 1227 2561 χχχιιιΙ
1251 2533 1286 2543 ..
1309 2505 1348 2558 ιιι,
1369 2505 1486 2573 ely-3201„
1510 2507 1543 2559 53
1571 2504 1706 2574 cymm-
1731 2504 1854 2560 ,dmm
1879 2517 1916 2558 ιιι

248 2581 396 2652 Baptismo
428 2579 526 2634 statim
560 2578 706 2636 contentio
739 2579 891 2646 refrixisse,
924 2579 1065 2650 siquidem
1150 2588 1199 2654 qui
1225 2597 1326 2654 nquam
1347 2586 1433 2639 salom
1454 2587 1485 2640 in
1512 2590 1649 2642 matutino
1669 2589 1798 2656 semideis
1816 2585 1915 2640 adbibe-

247 2675 400 2746 Dionysius
428 2672 664 2738 Alexandrinus,
691 2671 769 2727 inter
797 2672 889 2728 exsilii
917 2673 1065 2728 molestias
1151 2666 1225 2718 batti·

245 2773 331 2840 atque
354 2768 383 2822 in
410 2767 468 2838 ipso
490 2766 697 2838 persecutionis
718 2766 861 2834 incendio,
875 2770 934 2821 tres
955 2765 1066 2822 litteras
1150 2766 1261 2820 Praeter
1285 2763 1392 2820 litteras
1418 2781 1488 2836 quas
1513 2766 1671 2840 Cyprianus
1696 2769 1732 2823 ad
1756 2784 1844 2824 causa
1867 2781 1917 2822 sue

246 2861 281 2918 ad
302 2862 419 2934 Xystnm
439 2859 561 2932 scripsit,
581 2865 612 2915 ut
632 2876 700 2915 eum
722 2860 757 2914 ad
779 2859 927 2916 lenitatem
952 2865 981 2915 et
1002 2877 1067 2916 con·
1117 2859 1316 2914 defensionem
1330 2858 1453 2932 scripsit,
1465 2860 1561 2930 aliam,
1576 2877 1634 2916 non
1648 2862 1750 2918 eadem
1770 2861 1804 2918 de
1823 2879 1862 2928 re,
1875 2861 1918 2915 sed

247 2955 373 3011 cordiam
396 2958 518 3010 vocaret.
535 2955 606 3009 Usus
627 2957 670 3008 est
692 2953 819 3009 consiliis
844 2953 969 3026 Dionysii
991 2970 1066 3010 sanc·
1116 2952 1193 3008 circa
1217 2952 1319 3008 eadem
1346 2957 1477 3025 tempora
1502 2954 1638 3026 scriptam
1662 2956 1798 3026 conjicio,
1824 2969 1919 3026 nempe

247 3047 378 3105 tissimus
400 3049 521 3120 llartyr;
545 3050 574 3103 et
602 3047 707 3102 idcirco
727 3068 742 3096 ιι
763 3047 855 3104 honus
878 3053 907 3102 et
936 3046 1067 3118 pacificus
1077 3089 1104 3163 C
1117 3046 1323 3118 sexagesimam
1344 3047 1470 3116 tertiam,
1486 3048 1522 3103 ad
1540 3049 1684 3105 cecilium
1702 3049 1873 3120 episcopum,
1892 3049 1921 3102 nt

247 3142 382 3200 sacerdos
404 3163 418 3192 ιι
442 3159 459 3197 a
481 3140 581 3197 Pontio
602 3143 717 3196 vocatus
740 3141 874 3210 creditur,
892 3146 920 3196 et
933 3141 1065 3199 Ecclesiae
1117 3139 1356 3196 verisimillimum
1371 3147 1422 3206 est,
1440 3157 1456 3196 a
1473 3141 1554 3209 Bilta,
1568 3143 1617 3214 qui
1634 3143 1744 3214 primus
1760 3143 1789 3197 in
1807 3141 1919 3198 concilio

249 3236 392 3292 Africanae
423 3234 566 3306 diptychis
597 3233 674 3290 inter
706 3239 847 3306 martyres
883 3235 1064 3307 adscriptas,
1120 3233 1337 3306 Carthaginensi
1358 3235 1528 3290 sententiam
1552 3235 1630 3290 dixit.
1647 3236 1828 3292 Occasionem
1850 3234 1921 3290 dedit

251 3329 327 3401 quod
342 3333 439 3384 natam
453 3327 505 3382 suh
526 3326 673 3401 Stephano
688 3327 910 3383 controversiam
930 3328 1064 3384 sedasset.
1115 3328 1183 3384 huic
1205 3327 1331 3401 epistolae
1352 3344 1438 3400 prava
1461 3328 1537 3400 apud
1559 3329 1712 3386 nonrrullos
1727 3329 1839 3386 inducta
1859 3344 1920 3384 con-

249 3423 333 3478 lllum
354 3421 431 3477 inter
452 3425 481 3478 et
501 3421 674 3494 Cyprianum
697 3421 925 3478 communionem
946 3438 1003 3478 non
1024 3422 1066 3478 in·
1115 3421 1246 3489 suetudo,
1261 3422 1337 3476 utin
1358 3422 1498 3477 matutino
1517 3422 1656 3479 sacrificio
1677 3439 1782 3494 aquam
1805 3429 1922 3478 tautum-

251 3520 414 3588 terruptam
428 3515 515 3571 tuisse
530 3515 622 3586 liquet
638 3531 673 3570 ex
693 3515 776 3587 epist.
791 3517 835 3582 82,
849 3515 877 3571 in
894 3532 951 3588 qua
969 3519 1066 3570 narrat
1116 3516 1201 3571 modo
1222 3514 1403 3571 adhiberent.
1428 3515 1526 3587 Neque
1544 3516 1572 3570 id
1596 3519 1703 3585 mmen,
1720 3521 1751 3572 ut
1772 3517 1921 3580 Encratitre,

250 3610 408 3684 Cyprianus
423 3626 453 3667 se
474 3609 595 3666 Romam
610 3607 719 3664 misisse
740 3609 788 3680 qni
809 3610 843 3665 de
865 3609 950 3665 rebus
970 3611 1063 3666 Eccle-
1115 3610 1179 3664 odio
1194 3609 1279 3664 vinia
1296 3611 1352 3664 lieo
1371 3610 1467 3676 creati,
1484 3610 1714 3678 committebant,
1727 3627 1795 3666 nam
1814 3623 1922 3680 vespere

250 3707 299 3762 siae
313 3707 391 3760 certa
403 3703 553 3760 referrent.
565 3704 603 3759 De
619 3703 859 3775 Dionysioautem
874 3720 931 3760 non
945 3704 1064 3760 dubium
1116 3703 1234 3759 calicem
1255 3703 1319 3758 vino
1342 3703 1463 3758 mixtum
1489 3703 1658 3760 offerebant.
1673 3705 1852 3760 Demonstrat
1873 3702 1922 3772 Cy-

250 3803 294 3856 est
320 3798 388 3872 quin
415 3813 481 3854 cum
506 3797 581 3854 Afris
602 3797 756 3852 liberaliter
776 3797 878 3871 egerit,
901 3797 949 3870 qui
972 3797 1066 3854 adhuc
1116 3797 1236 3870 prianus
1265 3813 1352 3869 prava
1378 3797 1656 3854 hacconsuetudine
1681 3802 1710 3854 et
1732 3798 1835 3856 Christi
1858 3810 1922 3867 pre·

249 3895 401 3968 presbyter
425 3893 546 3949 nimiam
575 3892 712 3964 Stephani
741 3893 918 3949 severitatem
947 3893 1066 3966 probare
1116 3890 1844 3964 ceptumviolari‚etsacramentumpenituseverti
1867 3902 1925 3944 cum

250 3987 383 4044 desierat.
410 3987 517 4044 Eadem
543 3985 710 4042 humanitas
735 3985 770 4040 ab
797 3985 860 4043 aliis
885 3987 1066 4059 pontificibus
1117 3985 1237 4057 sanguis
1251 3984 1355 4041 Christi
1369 3985 1398 4039 in
1412 3985 1498 4041 calice
1511 4001 1571 4040 esse
1584 4001 1642 4040 non
1657 3986 1749 4056 possit
1765 3985 1819 4040 nisi
1834 3984 1924 4039 vinum

251 4086 372 4149 servata,
396 4101 410 4134 ιι
435 4081 535 4148 donec,
556 4101 569 4132 ιι
597 4085 628 4136 ut
652 4079 692 4134 ait
715 4081 890 4152 Augustinus
919 4082 976 4154 (lib.
1002 4099 1011 4137 1
1034 4083 1066 4138 de
1116 4079 1299 4158 adhiheatur.
1315 4081 1354 4136 Er
1368 4078 1412 4134 his
1426 4082 1524 4134 autam
1546 4078 1650 4148 verbis,
1667 4100 1680 4129 ιι
1703 4085 1733 4136 ιι
1755 4077 1865 4145 viderit,
1876 4075 1925 4131 fra·

250 4175 357 4248 Rapa),
373 4197 387 4226 ιι
408 4173 537 4248 plenario
558 4174 644 4232 totius
666 4174 742 4230 orbis
759 4175 880 4231 concilio
899 4176 974 4245 quod
996 4176 1067 4232 salu·
1116 4177 1161 4228 ter
1185 4171 1363 4243 charissime,
1385 4173 1408 4227 si
1433 4174 1496 4244 quis
1523 4172 1558 4229 de
1582 4173 1813 4229 antecessoribus
1831 4168 1926 4226 nostris

249 4270 378 4326 berrimc
400 4267 578 4325 sentiebatur
591 4269 675 4324 etiam
699 4267 818 4324 remotis
841 4247 1077 4326 cantationibus
1117 4265 1160 4322 vcl
1174 4266 1344 4338 ignoranter
1358 4267 1400 4321 vel
1414 4266 1583 4338 simpliciter
1597 4283 1654 4322 noa
1669 4266 1723 4322 hoc
1733 4263 1898 4330 observarit,
1914 4279 1926 4311 ι

250 4361 425 4420 firmaretur.
441 4383 455 4412 ιι
1117 4359 1199 4416 facile
1225 4360 1395 4434 perspicitur
1421 4361 1474 4418 hoc
1502 4361 1601 4416 vitium
1629 4377 1688 4416 non
1713 4367 1785 4418 tunc
1809 4359 1928 4432 primum

289 4457 343 4513 Sed
358 4471 487 4512 amorem
502 4455 617 4510 unitatis
630 4456 769 4528 precipue
787 4455 941 4512 declaravit
954 4456 1290 4539 Cypria-Dobrepsisse,
1312 4454 1362 4510 sed
1388 4455 1424 4510 ab
1447 4455 1529 4510 annis
1552 4455 1723 4512 inveterasse
1744 4453 1881 4527 pluribus,
1899 4466 1927 4504 nc

250 4565 315 4622 nus,
330 4549 375 4606 cni
399 4549 547 4605 veritatem
568 4571 582 4600 ιι
604 4550 739 4604 nimirum
760 4555 907 4622 propterea
931 4551 1070 4608 Dominus
1119 4549 1240 4622 proinde
1262 4566 1318 4604 non
1343 4548 1372 4603 in
1393 4549 1533 4621 insignem
1552 4539 1676 4622 aliqu'am
1701 4549 1861 4616 ecclesiam,
1883 4543 1928 4601 scd

251 4663 308 4701 non
335 4644 456 4718 aperuit,
483 4663 496 4696 ιι
517 4643 611 4716 inquit
635 4644 810 4716 Augustinus
824 4643 884 4716 (lib.
903 4661 910 4699 ι
929 4647 962 4701 de
976 4649 1068 4718 liopt,
1119 4644 1215 4716 potins
1231 4642 1260 4698 in
1276 4658 1364 4716 pagos
1378 4643 1515 4715 quosdam
1532 4643 1680 4698 inductum
1693 4643 1782 4699 luisse
1796 4660 1803 4698 ε
1819 4657 1894 4704 nam,
1908 4637 1928 4692 si

251 4757 275 4796 c.
301 4739 358 4812 ta),
380 4761 394 4790 ιι
418 4738 529 4810 atejus
552 4737 598 4810 pia
623 4743 651 4794 et
670 4737 817 4794 humilitas
840 4744 869 4794 et
893 4739 1018 4795 charitas
1039 4739 1069 4794 iu
1119 4736 1189 4810 quid
1205 4737 1348 4810 ejusmodi
1361 4739 1547 4794 commissum
1561 4737 1663 4794 fnisset
1679 4737 1709 4793 in
1723 4733 1928 4809 majoribusci·

255 4831 442 4889 custodienda
455 4832 606 4888 salubriter
619 4832 749 4890 Ecclesiae
769 4848 841 4904 pace
862 4835 1028 4903 patesceret,
1042 4839 1071 4890 et
1121 4831 1265 4900 vitatibus,
1282 4833 1336 4886 cito
1351 4848 1396 4888 res
1407 4831 1470 4886 aliis
1491 4833 1617 4886 ecclesiis
1632 4831 1748 4904 cognita
1765 4824 1930 4903 indignatio·

252 4944 309 4982 non
334 4927 428 4983 solum
450 4926 524 4981 illius
545 4925 683 5000 temporis
710 4926 886 4996 Christianis,
909 4926 959 4982 sed
983 4927 1069 4984 etiam
1120 4943 1187 4982 nem
1202 4926 1333 4982 oninium
1348 4925 1559 4982 commovisset.
1573 4927 1666 4990 otiare
1689 4926 1838 4982 immerito
1854 4925 1932 4979 Peer-

252 5019 377 5093 posteris
400 5019 435 5074 ad
459 5019 669 5088 medicinalem,
694 5025 723 5074 ιιι
747 5020 787 5076 ιιι
808 5020 912 5087 ιιιιιιιι,
937 5021 1069 5078 notitiam
1120 5019 1218 5076 sanius
1234 5019 1261 5075 id
1283 5020 1319 5076 ab
1340 5019 1537 5092 episcoporum
1556 5020 1825 5093 Carthaginensium
1844 5018 1932 5088 aliquo

254 5111 427 5185 signaretur.
442 5133 456 5162 ιι
470 5113 603 5176 Quamvis
617 5129 754 5186 maguum
777 5129 903 5170 errorem
922 5115 951 5170 in
973 5115 1071 5172 adrer-
1121 5114 1291 5187 profluxisse
1311 5115 1466 5170 existimet.
1481 5114 1550 5171 lllud
1570 5114 1659 5181 enim,
1676 5135 1691 5164 ιι
1710 5115 1733 5170 si
1753 5113 1817 5188 quis
1839 5112 1874 5168 de
1889 5127 1933 5166 aa·

254 5207 337 5262 seriis
359 5206 522 5278 perspicere
548 5205 602 5260 sibi
629 5207 783 5275 videretur,
806 5214 901 5264 tamen
929 5231 943 5259 ιι
971 5209 1000 5266 in
1028 5209 1071 5265 his
1121 5209 1308 5265 tecessoribus
1319 5208 1433 5276 nostris,
1446 5229 1460 5258 ιι
1475 5225 1533 5264 non
1549 5208 1642 5280 magis
1656 5209 1690 5264 ad
1704 5207 1838 5282 Cypriani
1850 5219 1933 5278 quam

258 5300 473 5374 questionibus,
488 5317 562 5372 qua,
577 5321 590 5350 ιι
609 5305 639 5356 ιιι
656 5301 695 5356 ιιι
715 5302 891 5374 Augustinus
911 5303 972 5374 (lib.
988 5319 1018 5360 nr
1038 5305 1071 5359 de
1122 5303 1156 5358 ad
1176 5302 1282 5360 (tacitit
1301 5309 1496 5358 antecessores
1526 5302 1673 5370 refertur3
1703 5301 1752 5356 sed
1776 5317 1840 5356 cum
1868 5313 1935 5354 unus

252 5396 346 5470 Sept„
361 5411 386 5450 c.
404 5396 440 5466 3),
458 5415 472 5444 ι
495 5393 624 5450 nondum
647 5395 849 5466 ebquatissima
871 5397 1070 5470 perspectione
1120 5397 1157 5452 sit
1170 5397 1363 5468 episcopatus,
1378 5413 1444 5454 suos
1468 5411 1502 5451 ac
1519 5395 1621 5452 Caeeilii
1639 5401 1836 5452 antecessores
1860 5392 1935 5448 vocat

253 5489 514 5558 discussissent»
538 5487 655 5546 ιιιιιιιιιιι
678 5489 810 5545 dubitans
835 5493 903 5563 quin
927 5512 941 5541 ιι
967 5492 1072 5549 haheat
1121 5491 1280 5564 Cyprianus
1294 5491 1406 5564 eosqui
1420 5489 1528 5546 dudum
1540 5489 1869 5561 Ecclesiaeprsstuerant.

255 5581 352 5640 omnis
365 5583 514 5655 episcopus
528 5599 579 5654 pro
593 5583 710 5639 licentia
723 5582 861 5640 libertatis
877 5592 905 5641 et
925 5585 1072 5657 potestatis
1157 5587 1214 5642 Cur
1228 5589 1322 5641 autem
1346 5586 1420 5641 hanc
1441 5584 1596 5658 epistolam
1619 5587 1717 5640 exorta
1736 5583 1774 5638 de
1798 5581 1936 5654 baptismo

254 5695 314 5734 sure
334 5677 487 5734 arbitrium
508 5677 669 5748 proprium,
684 5683 801 5750 tamque
817 5679 938 5750 judicari
957 5679 992 5734 ab
1015 5681 1072 5736 alio
1123 5680 1315 5738 conhoversia
1330 5679 1463 5752 scriptam
1486 5685 1596 5750 ιιιιιιιιι,
1611 5679 1807 5750 conjecturam
1823 5675 1936 5732 larices

254 5791 312 5832 non
327 5773 525 5850 possit,quam
536 5788 588 5828 nec
601 5771 660 5846 ipsc
675 5777 768 5846 potest
781 5775 902 5830 alterum
913 5773 1072 5850 judicarem
1122 5774 1167 5831 his
1181 5775 1298 5832 verbis:
1316 5797 1330 5826 ιι
1345 5776 1377 5831 Ει
1393 5774 1460 5850 quia
1479 5773 1539 5848 jam
1562 5773 1704 5830 secundus
1726 5772 1788 5846 rjus
1802 5771 1937 5826 adrentus
