4090 6188
262 231 330 286 1067
709 225 753 282 DE
771 213 882 280 LlBlth
901 223 946 279 AD
966 222 1172 280 Damaratou.
1192 221 1234 278 ET
1253 221 1297 278 DE
1311 219 1399 276 leot.
1421 221 1530 276 VANlT.
1846 222 1904 279 1018

256 353 336 408 misit
365 351 396 406 15
427 348 576 418 exsilium,
609 351 660 402 aut
688 349 780 418 capite
813 347 978 403 damnavit?
1008 345 1333 437 OrraAproconsnlem,
1356 343 1603 416 quemadmodum
1631 343 1810 414 superioribus
1833 361 1907 415 argu·

254 447 370 502 tandem
387 442 495 498 ratione
513 441 556 496 vir
574 440 630 508 illc,
649 444 709 496 tani
726 441 839 496 ardenti
860 447 888 496 ct
907 457 981 497 caseo
1001 441 1066 497 reli·
1117 440 1220 496 mentis
1247 439 1313 493 satis
1337 438 1492 510 probatum
1519 453 1579 492 esse
1606 439 1763 508 opinantur.
1790 439 1853 492 Nam
1881 439 1906 492 hi

257 537 348 610 gloriis
384 552 442 591 succ
478 534 570 590 studio
607 550 772 604 succensus,
809 535 860 589 soli
897 534 1068 606 pepercisset
1118 533 1230 590 tametsi
1256 531 1399 588 inferioris
1433 530 1559 586 subsellii
1581 530 1708 602 judices,
1735 547 1790 586 non
1817 531 1908 585 minori

256 628 403 704 Cypriane,
428 629 477 700 qui
499 645 638 683 summam
663 628 738 683 illius
762 627 791 682 in
814 627 986 683 Christianos
1008 645 1069 684 eru·
1119 643 1207 702 quam
1222 626 1403 698 proconsules
1422 625 1587 694 crudelitate
1601 624 1738 696 jubebant
1757 625 1908 680 Christianos

257 721 404 778 delitatem
424 721 468 776 his
493 721 584 776 verbis
605 720 753 791 explicat:
779 741 793 770 u
809 721 951 788 innoxius,
965 721 1067 791 justos.
1120 721 1245 792 torqueri
1267 737 1299 774 ac
1323 719 1428 774 necari.
1449 720 1484 774 At
1498 717 1626 790 quamvis
1650 734 1695 772 res
1717 718 1757 772 ita
1781 721 1856 782 esset,
1876 733 1911 770 ar·-

256 815 316 870 Deo
347 815 461 882 charos,
493 814 579 868 domo
613 813 722 884 privas,
754 813 925 886 patrimonio
955 815 1067 885 spolias,
1120 818 1210 885 guent
1223 813 1280 880 elii,
1295 813 1347 868 hos
1358 811 1514 884 Cyprianus
1528 828 1587 866 non
1604 811 1697 864 minus
1710 826 1792 882 quom
1805 828 1907 882 procon-

257 907 365 962 catenis
389 906 507 979 promis,
534 922 645 962 earcere
670 906 799 974 includiS,
827 907 935 974 hostiis,
964 907 1068 977 gladio,
1120 908 1209 962 sulem
1231 905 1333 960 timere
1358 904 1489 960 debebat.
1512 907 1542 958 ln
1568 920 1669 958 eorum
1693 903 1767 958 enim
1789 908 1911 976 potestate

255 1000 371 1072 ignibus
397 1000 489 1071 punis.
506 1001 562 1054 Neo
587 999 687 1054 saltem
714 1002 863 1054 contentus
886 1016 915 1053 es
938 999 1069 1054 dolorum
1120 1000 1206 1054 situm
1227 1003 1287 1054 erat
1312 1014 1413 1053 manus
1439 998 1467 1051 in
1493 998 1574 1052 illum
1597 997 1727 1068 injicere,
1751 1004 1870 1068 torquere
1891 1005 1913 1054 01

257 1095 420 1148 nostrorum
440 1091 611 1163 compendio
633 1095 661 1146 01
680 1093 814 1164 simplici,
839 1110 870 1147 ac
893 1092 981 1148 veloci
1003 1093 1068 1147 bre-
1119 1093 1272 1160 trucidare,
1290 1096 1339 1146 out
1355 1093 1455 1146 saltem
1476 1091 1513 1146 ad
1534 1091 1659 1146 tribunal
1679 1091 1837 1162 pertrahere
1858 1111 1912 1164 pro-

257 1187 344 1241 vitatc
376 1201 540 1257 poenarum,
574 1185 708 1240 admones
739 1185 879 1240 laniandis
906 1186 1070 1258 corporibus
1120 1186 1368 1242 consonaverunt
1393 1185 1460 1256 qnia
1481 1186 1568 1256 longe
1587 1185 1681 1254 major
1695 1190 1755 1240 crat
1772 1185 1849 1254 hrrjus
1864 1187 1913 1258 dig-

258 1280 348 1351 longa
369 1281 527 1348 tormenta,
550 1278 723 1349 multiplicas
743 1279 898 1334 lacerandis
917 1279 1070 1334 visceribus
1120 1281 1192 1335 nitas
1212 1282 1241 1333 et
1260 1279 1396 1350 potentia,
1418 1295 1522 1349 parurn
1546 1277 1693 1348 probabile
1719 1279 1825 1332 ridetur
1849 1279 1914 1334 illurn

258 1389 411 1429 numerosa
434 1371 581 1443 supplicia,
605 1388 656 1426 nec
683 1373 778 1426 feritas
803 1376 888 1444 atque
909 1373 1070 1428 immanitas
1121 1373 1257 1444 Cypriane
1283 1377 1361 1426 tanta
1384 1371 1574 1442 indignitate,
1601 1376 1720 1442 tamque
1740 1371 1815 1426 duris
1838 1374 1915 1427 verbis

257 1471 307 1520 tua
331 1464 441 1519 usitatis
464 1469 556 1535 potest
582 1481 642 1520 csse
670 1468 804 1520 contenta
830 1467 1003 1521 tormentis:
1026 1483 1071 1522 ex·
1120 1467 1246 1538 potuisse
1267 1465 1369 1536 excipi.
1386 1467 1420 1520 lit
1434 1464 1586 1535 cujuslibet
1604 1463 1715 1519 ordinis
1730 1464 1817 1535 judex
1834 1467 1915 1535 fucrit,

258 1557 365 1628 cogitat
378 1573 464 1612 novas
481 1573 580 1628 poenas
597 1556 744 1628 ingeniosa
760 1559 910 1614 crudelitas
927 1559 1069 1630 (Cyprian.
1121 1563 1231 1615 constat
1248 1576 1316 1614 sane
1338 1559 1420 1614 illum
1435 1559 1574 1613 indomito
1589 1575 1705 1630 prorsus
1717 1559 1747 1613 in
1765 1559 1843 1614 falsos
1860 1561 1915 1614 deos

257 1667 287 1721 p.
316 1649 386 1720 1110).
419 1670 434 1701 u
462 1651 563 1720 Ecquis
590 1668 658 1722 ergo
686 1651 738 1705 sibi
769 1652 952 1723 persuadebit
985 1655 1071 1707 tantae
1118 1670 1186 1708 suos
1211 1653 1313 1707 ardore
1338 1651 1378 1706 ita
1400 1651 1485 1706 fuisse
1509 1651 1737 1720 inflammatum,
1762 1654 1792 1706 51
1812 1653 1916 1708 clamosa

257 1742 414 1814 potestatis,
431 1747 547 1814 quantas
561 1743 781 1799 inhumanitatis
801 1746 1002 1817 proconsulem
1018 1762 1069 1816 pe·
1081 1753 1109 1824 B
1121 1751 1232 1802 tantum
1256 1762 1332 1812 voco,
1360 1761 1413 1799 nec
1439 1744 1496 1798 ulla
1515 1760 1644 1816 unquam
1664 1745 1779 1800 minimi
1801 1746 1915 1817 ponderis

257 1835 382 1906 percisse
412 1835 567 1905 Cypriane,
601 1837 827 1892 Christianorum
862 1838 1009 1908 episcop0,
1044 1842 1072 1892 et
1121 1841 1230 1895 ratione
1253 1839 1348 1905 allata,
1372 1840 1472 1892 contra
1488 1837 1662 1893 Christianos
1688 1839 1792 1910 saepius
1814 1839 1916 1911 disputa·

258 1927 456 1997 antesignano,
487 1927 516 1982 in
545 1945 630 1998 quern
656 1929 781 2000 quotidie
809 1933 838 1984 ct
863 1931 945 1985 facile
969 1947 1071 1984 manus
1120 1933 1203 1998 verit,
1226 1937 1259 1986 ut
1280 1948 1327 1987 cos
1347 1931 1382 1985 ad
1402 1930 1546 1985 nefarium
1571 1931 1709 1986 horumce
1735 1931 1849 1986 deorum
1869 1932 1914 1984 cul·

257 2019 374 2091 injicere
388 2019 517 2092 poterat‘f
530 2021 628 2076 Nonne
647 2021 722 2076 illias
741 2039 809 2077 nece
824 2027 883 2076 tam
901 2022 965 2092 sibi,
983 2040 1070 2096 quana
1121 2028 1182 2080 turn
1196 2024 1357 2095 adduceret,
1375 2026 1425 2078 aut
1439 2023 1467 2078 ia
1482 2027 1636 2078 renuentes
1651 2025 1804 2096 gentilium
1817 2030 1916 2096 augeret

259 2113 368 2166 crateris
396 2113 530 2167 omnibus
557 2114 686 2183 ethnicis,
713 2115 940 2187 implacabilibus
970 2133 1071 2170 corum
1123 2119 1257 2174 15505051.

258 2205 387 2262 hostibus
400 2206 601 2261 satisfecisset?
1430 2227 1579 2266 15555550
1599 2228 1625 2265 u.

293 2299 397 2364 Quidni
414 2302 510 2354 11110111
533 2299 705 2372 cyprianum
729 2301 883 2356 occidessd0
910 2303 1072 2358 tentavisset
1122 2312 1224 2379 Quibus
1236 2312 1387 2366 rutiouibus
1403 2309 1557 2379 Cyprianus
1569 2310 1606 2363 od
1618 2311 1690 2363 10115
1708 2310 1806 2363 librum
1819 2311 1917 2364 5051155-

256 2391 388 2447 illossibi
402 2392 554 2460 demereri,
571 2393 760 2466 quiquidem,
777 2411 833 2465 quo
852 2394 882 2449 in
899 2395 1071 2450 Christianos
1182 2406 1185 2414 ’
1250 2391 1315 2444 dum
1333 2394 1358 2443 et
1376 2390 1573 2456 dturrcfporulum
1592 2389 1746 2457 corepulsus
1766 2391 1810 2442 sit.

257 2485 374 2540 ardebat
397 2485 474 2553 odie,
501 2486 612 2540 nullum
638 2503 696 2540 non
723 2489 857 2543 movebat
879 2489 1017 2559 lapidem,
1042 2493 1072 2542 ut
1157 2492 1280 2546 Tametsi
1301 2491 1457 2562 Cyprianus
1476 2492 1602 2562 primum
1620 2491 1779 2546 censuisset
1797 2489 1862 2544 nihil
1878 2489 1917 2542 lle-

259 2578 388 2633 omnium
400 2578 429 2632 in
447 2578 509 2632 illos
525 2579 596 2634 iram
611 2583 816 2650 commoveret,
838 2598 957 2654 suasque
976 2583 1068 2636 traho·
1122 2585 1272 2646 metriano,
1284 2585 1313 2638 in
1327 2583 1516 2638 Christianam
1531 2583 1701 2654 religionem
1716 2583 1837 2650 latranti,
1849 2581 1917 2652 eique

256 2677 301 2726 ret
313 2671 342 2726 in
357 2671 471 2744 partes?
481 2673 552 2726 Nam
566 2673 621 2728 hoe
636 2673 792 2744 Cyprianus
806 2674 845 2729 illi
859 2676 955 2746 palam
968 2676 1071 2746 hisque
1121 2677 1218 2748 impiis
1242 2677 1379 2730 duntaxat
1396 2677 1486 2731 uerbis
1507 2677 1684 2747 obstrepenti
1704 2675 1918 2746 respondendnm

258 2765 439 2836 exprobravit
452 2765 546 2819 verbis
564 2783 570 2820 :
591 2767 1069 2837 «110550510011111,Βο510111050,
1122 2771 1352 2838 0550,51105115111
1375 2769 1562 2824 nihilominus
1582 2785 1666 2824 surim
1687 2785 1821 2840 rumpere
1840 2773 1919 2838 postea

259 2859 370 2930 pariter
383 2857 540 2925 attentaris,
552 2875 621 2930 quos
634 2864 665 2914 tu
677 2860 795 2915 forsitan
810 2861 1073 2929 concitastimdvcr-
1122 2868 1235 2918 coactus
1255 2866 1307 2918 est.
1326 2865 1402 2918 Tune
1425 2861 1503 2917 onim
1527 2864 1652 2918 exitialia
1680 2863 1757 2917 bella
1778 2865 1918 2918 llomanuro

260 2969 323 3006 som
350 2967 404 3006 nos
428 2951 493 3007 odia
514 2950 570 3006 tuis
591 2953 737 3008 maledicis
755 2955 870 3009 vocibus
893 2955 1070 3024 serninand0,
1121 2956 1276 3028 imperium
1291 2956 1500 3025 correnticbant,
1515 2973 1547 3010 ac
1561 2957 1705 3011 dirissima
1719 2957 1817 3022 fames,
1832 2957 1857 3008 01
1870 2955 1920 3007 hor·

258 3046 419 3117 complures
442 3045 545 3100 radicis
565 3052 650 3117 atquo
671 3037 790 3118 originis
813 3055 867 3104 tuoe
887 3049 1072 3120 pullulatione
1122 3051 1211 3104 rcnda
1224 3051 1310 3120 pestis
1326 3051 1420 3118 urbes,
1436 3050 1520 3117 vicos,
1539 3067 1571 3104 ac
1590 3051 1719 3121 singulas
1738 3050 1834 3104 domos
1850 3048 1919 3100 miso·

257 3138 348 3194 fecisti
360 3139 453 3210 (thid,
469 3157 498 3212 p.
525 3143 593 3210 189),
616 3160 628 3190 u
648 3141 793 3212 Numquid
813 3146 841 3196 et
859 3143 945 3212 istud,
964 3158 1014 3197 ore
1035 3145 1070 3210 to,
1083 3113 1110 3186 C
1122 3143 1248 3197 5111111105
1262 3143 1411 3198 vastabant
1430 3151 1457 3198 01
1474 3143 1736 3214 depopulabantur.
1760 3143 1825 3196 Data
1841 3142 1919 3194 051051

184 3287 187 3295 ,
257 3232 436 3304 proconsulis
455 3231 557 3286 Africae
579 3233 702 3288 officium
720 3235 776 3289 fait
793 3235 873 3302 alios,
893 3236 916 3290 si
933 3235 994 3290 freri
1011 3252 1074 3306 pos·
1123 3239 1174 3292 hac
1195 3236 1342 3291 occasione
1366 3237 1572 3304 Demetrianus,
1592 3237 1689 3290 accitis
1710 3253 1768 3290 suae
1786 3231 1919 3306 impietatis

259 3329 312 3394 set,
335 3327 371 3380 ad
392 3325 529 3381 falsorum
554 3326 673 3382 deorum
693 3329 801 3383 cultum
824 3328 977 3396 adducere,
999 3329 1073 3383 exci-
1123 3336 1151 3385 et
1178 3330 1363 3386 contumacias
1392 3330 1490 3398 sociis,
1520 3329 1615 3400 palanr
1646 3329 1824 3384 conclamare
1853 3324 1920 3395 cupit

258 3425 316 3476 tato
336 3418 551 3490 impudentibus
569 3421 720 3476 calumniis
742 3421 772 3476 in
792 3422 967 3477 Christianos
988 3421 1073 3477 odio?
1124 3405 1262 3496 plurimos
1276 3423 1412 3496 conqueri
1434 3440 1492 3478 non
1515 3423 1599 3476 aliam
1623 3425 1772 3477 tantarum
1793 3421 1920 3476 calamita-

259 3513 359 3568 Nonne
375 3512 427 3567 hos
441 3512 623 3568 atrocissimis
643 3514 737 3584 potius
752 3514 898 3586 suppliciis
913 3516 1073 3588 torquendo
1123 3521 1184 3572 turn
1208 3535 1269 3572 esse
1289 3533 1416 3586 causam,
1432 3517 1487 3570 nisi
1510 3516 1753 3582 Christianorum,
1773 3514 1853 3569 falsos
1869 3511 1921 3566 deos

260 3610 289 3662 et
303 3606 439 3675 necando,
464 3605 536 3660 illud
560 3605 670 3661 facilius
695 3608 913 3680 promptiusque
940 3607 1074 3680 consequi
1124 3613 1216 3665 colere
1229 3611 1400 3678 nolentium,
1417 3609 1606 3682 pertinaciam
1620 3611 1649 3663 01
1662 3608 1849 3680 impietatem.
1863 3606 1922 3670 Qua-

259 3699 393 3772 poterat?
420 3699 565 3772 Numquid
589 3700 704 3755 15511051
727 3701 885 3772 Cyprianus
910 3701 1023 3774 publico
1044 3702 1075 3756 in
1124 3708 1241 3778 propter
1260 3705 1427 3776 Cyprianus,
1443 3721 1477 3758 ne
1500 3703 1621 3774 gentiles
1641 3719 1727 3758 more
1750 3702 1840 3768 solito,
1859 3696 1920 3770 quod

260 3791 363 3866 scripto
388 3798 449 3849 tarn
473 3794 551 3848 deiris
577 3799 605 3850 et
629 3794 736 3865 asperis
759 3795 852 3850 verbis
875 3795 1075 3868 proconsulem
1124 3799 1184 3870 ipsc
1204 3799 1311 3853 tamdiu
1339 3800 1475 3864 tacuerat,
1503 3795 1699 3868 respondendi
1725 3793 1880 3850 diffidentia
1900 3793 1922 3844 et

260 3887 489 3962 perstrinxisset?
1124 3891 1300 3964 impotentiae
1314 3891 1482 3960 tribuerent,
1497 3889 1534 3944 ad
1551 3907 1637 3945 vanas
1651 3889 1807 3961 fertilesque
1824 3887 1920 3943 illorum

296 3982 351 4036 Alii
364 3987 461 4038 tamen
475 3984 580 4052 urgent
593 3983 683 4038 citatis
696 3983 780 4054 paulo
793 3988 857 4038 ante
868 3983 942 4039 illius
952 3983 1075 4038 adhunc
1124 3985 1280 4041 calumnias
1305 3985 1358 4040 hoc
1381 3985 1454 4040 libro
1479 3983 1660 4057 repellendas
1686 3999 1838 4056 aggressus
1858 3983 1893 4036 est
1914 3995 1920 4031 ι

260 4075 475 4131 Demetrianum
497 4075 600 4146 verbis,
621 4094 679 4132 non
708 4077 827 4133 obscure
851 4077 970 4133 indicari
994 4077 1075 4132 illum
1126 4101 1140 4130 «
1155 4081 1268 4148 Tacere,
1288 4079 1389 4151 inquit,
1412 4081 1488 4133 ultra
1513 4095 1570 4132 nun
1598 4081 1724 4150 oportet,
1748 4095 1784 4134 ne
1804 4077 1921 4148 jamnon

262 4185 360 4225 revera
373 4166 463 4242 981
480 4169 565 4224 fuisse
577 4170 678 4226 Africus
691 4171 902 4242 proconsulem.
918 4171 986 4236 Quis
997 4171 1074 4226 eninr
1124 4173 1313 4241 verecundius,
1330 4173 1378 4228 sod
1394 4173 1561 4227 (1111510511ιο
1580 4187 1641 4227 0550
1661 4171 1791 4244 incipiat,
1809 4169 1877 4243 quod
1890 4171 1921 4220 ta·

261 4255 437 4318 Christianos
450 4265 494 4316 tot
505 4264 648 4335 tantisque
663 4271 690 4318 et
706 4265 858 4320 ordinariis
876 4271 904 4320 01
922 4265 1076 4321 extraordi·
1126 4285 1237 4336 cemus3
1250 4271 1278 4322 et
1293 4267 1361 4321 dum
1372 4265 1582 4322 criminationes
1596 4263 1693 4339 982
1711 4266 1795 4322 falsas
1813 4267 1920 4319 conten·

262 4356 888 4428 5155115055015111155105050500115105110050
903 4361 1006 4431 potuit,
1021 4360 1076 4415 nisi
1125 4363 1220 4418 nimus
1242 4361 1376 4428 refutare,
1403 4361 1549 4415 videamur
1574 4361 1684 4415 crimen
1705 4375 1855 4432 agnoscere
1873 4355 1920 4428 {Cy-

262 4451 441 4522 proconsulis
455 4450 594 4521 dignitato
609 4451 707 4507 fuisset
719 4453 878 4524 praeditus?
892 4453 999 4509 Deinde
1008 4470 1075 4508 uero
1085 4479 1115 4552 D
1126 4457 1220 4528 prian.
1238 4473 1266 4527 p.
1285 4453 1357 4524 186).

263 4545 421 4618 Cyprianus
432 4546 513 4600 illurn
524 4545 652 4616 judicem
667 4563 726 4602 esse
741 4549 878 4618 agnoseit,
894 4565 981 4619 quem
999 4548 1076 4603 hunc
1162 4553 1261 4622 ltaque
1275 4549 1380 4604 mirum
1394 4547 1466 4604 nulli
1481 4563 1543 4603 esse
1557 4547 1643 4602 debet
1656 4547 1734 4619 quod
1750 4551 1809 4603 tarn
1823 4543 1921 4600 insulsas

262 4639 415 4712 compellat
429 4639 459 4695 in
471 4640 606 4696 modum:
620 4663 633 4692 u
643 4640 696 4706 Qui
711 4641 912 4718 aliosy‘udicas,
922 4642 1075 4713 aliquando
1127 4644 1348 4711 criminationes,
1367 4644 1402 4698 ab
1417 4643 1479 4697 aliis
1500 4645 1606 4697 nostrae
1621 4641 1771 4712 religionis
1792 4635 1922 4696 defensori·

264 4729 325 4790 esto
338 4733 378 4789 tui
388 4734 476 4806 judex
491 4735 583 4805 (ibid,
603 4753 632 4806 p.
651 4735 722 4808 189).
737 4757 751 4787 u
766 4734 852 4808 Atqui
868 4736 890 4790 si
910 4735 999 4805 judex
1011 4735 1075 4804 fuit,
1125 4739 1178 4794 bus
1191 4738 1304 4810 saepius,
1319 4743 1350 4793 ut
1363 4737 1496 4803 diximus,
1514 4736 1651 4807 repulsas,
1667 4735 1716 4790 ille
1731 4750 1828 4791 rursus
1841 4732 1920 4788 diluat.

262 4829 417 4902 proconsul
436 4831 535 4901 procul
556 4829 644 4886 dubio
665 4846 725 4886 esse
744 4829 874 4886 debebat.
890 4830 961 4884 Nam
979 4837 1077 4902 postea
1126 4831 1236 4889 Ethnici
1262 4831 1403 4904 siquidem
1428 4835 1455 4884 01
1481 4829 1658 4902 frequentius
1683 4833 1712 4884 et
1741 4827 1868 4883 audacius
1889 4823 1921 4875 his

262 4925 344 4980 illurn
366 4924 407 4979 ita
429 4924 522 4979 adhuc
545 4923 702 4996 alloquitur·
722 4947 727 4977 :
749 4945 763 4973 a
784 4924 899 4980 Laedere
915 4941 1007 4980 seruos
1027 4925 1076 4979 Dei
1126 4925 1233 4983 acerbis
1244 4925 1354 4980 casibus
1365 4923 1564 4991 abutebantur,
1579 4928 1606 4978 et
1617 4923 1681 4978 inde
1693 4923 1791 4978 focum
1802 4915 1922 4991 imperitis

264 5025 292 5076 et
310 5017 414 5076 Christi
435 5017 679 5090 persecutionibus
698 5019 752 5074 tuis
774 5018 879 5087 desine,
903 5035 973 5090 quos
994 5019 1077 5075 laesos
1127 5011 1921 5088 [10055510511011115500100111551501011551,055111515-

263 5113 335 5168 ultio
354 5112 449 5167 divina
471 5111 601 5166 defendit
623 5113 715 5184 (11111,
731 5130 759 5184 p.
777 5115 847 5184 rsa).
868 5135 882 5164 1
901 5113 1076 5169 Christianos
1126 5131 1172 5168 res
1192 5118 1283 5182 erant,
1304 5114 1453 5184 majusque
1475 5112 1526 5167 toti
1546 5111 1653 5165 mundo
1672 5109 1836 5165 inferebant
1853 5101 1923 5160 detri-

264 5221 332 5276 orgo
358 5222 474 5260 sumnia
496 5204 707 5261 inhumanitate
733 5207 966 5278 persequebatur,
993 5211 1021 5263 ot
1048 5208 1077 5262 in
1127 5213 1257 5263 mentum
1275 5208 1429 5280 (Disscrtot.
1450 5209 1480 5261 ia
1500 5205 1602 5261 drach.
1622 5221 1685 5275 cap.
1702 5205 1729 5271 -t,
1748 5207 1799 5257 art.
1820 5207 1921 5268 150555

262 5303 402 5374 potestate
420 5301 481 5372 ejus
499 5299 584 5355 situm
606 5305 669 5354 erat
691 5300 766 5354 hanc
786 5301 885 5357 sedare
905 5301 1077 5373 persecutio·
1127 5305 1155 5358 io
1179 5303 1291 5358 Tortult.
1312 5319 1375 5374 cap.
1403 5303 1418 5356 1
1444 5299 1546 5371 seqq).
1570 5303 1604 5354 at
1624 5314 1709 5370 quarn
1735 5295 1856 5352 saeriset
1873 5289 1922 5345 eri·

264 5411 341 5449 nem.
359 5395 444 5466 Cujus
458 5397 553 5450 autem
569 5399 628 5450 erat
644 5395 706 5450 heac
728 5397 860 5466 potestas,
879 5395 933 5451 nisi
951 5412 1075 5468 procon-
1126 5395 1239 5451 tialibus
1265 5395 1347 5450 bellis
1369 5397 1528 5450 Romanum
1548 5393 1702 5464 imperium
1728 5397 1795 5445 tunc
1822 5383 1920 5447 arserit,

263 5487 351 5544 salis?
1126 5490 1193 5545 hinc
1218 5489 1338 5560 conjice,
1364 5487 1440 5560 quod
1463 5486 1564 5540 Decius
1588 5491 1651 5557 post
1672 5501 1751 5539 suain
1773 5479 1922 5550 aPhilippo

299 5585 404 5639 Verum
423 5581 470 5638 eiii
492 5581 619 5637 fatentur
636 5582 680 5636 his
698 5581 790 5638 verbis
805 5583 905 5639 confici
926 5601 1007 5656 posse
1021 5586 1077 5640 De-
1127 5589 1297 5655 imperatore
1317 5583 1515 5650 defectionem,
1539 5585 1567 5636 et
1584 5579 1690 5636 bellum
1710 5577 1798 5643 civile,
1818 5574 1859 5628 uir
1876 5577 1922 5624 ter·

262 5677 436 5736 metrionum
459 5675 545 5732 fuisse
565 5677 720 5749 quemdam
740 5678 918 5750 Carthaginis
935 5679 1074 5750 judicem,
1126 5678 1199 5732 tium
1213 5677 1326 5751 imperii
1338 5677 1380 5732 sui
1392 5693 1500 5732 annum
1515 5676 1668 5747 inceperat,
1679 5663 1918 5744 quandoaCothis,

259 5791 291 5830 ac
314 5774 387 5830 forte
410 5770 586 5846 proconsulis
607 5787 790 5842 assessorem,
814 5772 864 5828 sed
888 5788 947 5830 non
972 5772 1076 5829 idcirco
1127 5775 1159 5826 ut
1172 5771 1239 5827 alibi
1252 5772 1386 5843 dicemus,
1398 5769 1509 5842 ingenti
1522 5767 1621 5842 praelio
1632 5767 1730 5834 uictus,
1740 5759 1917 5821 nriseraodum
