4080 6200
249 289 297 343 su
715 285 743 342 s.
765 287 921 344 cuniam
940 288 1077 345 ornnuu
1097 285 1182 344 runs
1201 287 1223 342 1.
1239 313 1273 326 -
1288 287 1468 343 ansreun.
1856 301 1901 358 ³72
1974 249 1975 328 ἶ

250 411 431 466 siderandum
459 414 554 466 umen
579 409 633 466 hcc
659 411 688 466 in
712 411 772 466 loco
800 411 854 466 luit
880 412 929 467 Dei
955 413 1064 480 templa
1075 411 1225 497 Aclausus
1240 415 1269 466 et
1282 411 1392 466 rinctus
1406 410 1483 482 apud
1501 409 1641 466 Barbaros
1657 411 1742 486 jacui,
1759 419 1786 472 et
1803 419 1834 474 dc
1847 438 1900 476 cnr·

250 521 313 560 osse
326 521 390 576 quae
403 510 486 576 cepta
500 507 577 574 sunt,
595 521 647 559 nec
661 504 719 576 pati
736 521 787 562 nos
804 507 890 577 longa
908 505 1063 560 cessatione
1117 521 1180 562 cere
1193 505 1241 561 illo
1260 504 1400 560 servitutis
1417 503 1558 560 liberastis
1574 520 1631 574 me,
1648 525 1662 556 u
1677 507 1839 579 cumjudicii
1851 514 1903 570 dics

252 603 281 652 et
294 599 421 668 neglecto
436 597 532 653 dolore
547 597 649 654 debere
665 598 758 654 uldin
774 599 823 654 liei
836 600 941 670 templa
955 599 1067 671 captiva
1117 598 1226 656 venerit
1246 598 1400 670 praemium
1422 599 1458 654 de
1480 597 1602 654 Domino
1623 601 1776 670 recepturi?
1791 605 1904 680 lienique

251 690 320 761 sint,
346 690 398 745 sed
426 690 530 762 qulbus
556 707 707 764 possumus
734 692 840 748 viribus
867 692 1013 748 elaborare
1039 697 1068 750 et
1116 694 1258 749 maximas
1281 693 1360 748 robis
1387 691 1492 764 gratias
1514 691 1625 764 agimus
1651 692 1726 764 quod
1748 711 1796 750 nos
1818 705 1905 756 restra

252 785 385 842 velociter
404 799 503 857 gerere
522 789 554 839 nt
568 785 711 842 Christum
728 785 856 856 judicem
873 791 901 841 et
914 786 1067 841 Dominum
1117 786 1312 844 sollicitudinis
1331 790 1359 844 et
1375 790 1434 842 tam
1454 785 1538 842 honre
1556 801 1589 841 ac
1604 787 1765 844 necessariae
1781 793 1905 862 operatio:

253 883 282 935 et
299 879 390 934 licum
411 883 541 934 nostrum
561 895 779 950 promereamur
797 878 939 951 ohsequiis
954 879 1065 935 nostris.
1117 881 1160 937 nis
1184 880 1336 954 participes
1367 895 1427 935 esse
1453 878 1594 948 voluistis,
1621 882 1653 935 ut
1681 879 1812 937 offerretis
1835 885 1907 941 nobis

251 975 333 1041 Nam,
361 988 427 1028 cum
459 971 534 1028 dicat
563 972 665 1030 Paulus
695 974 848 1044 apostolus,
876 975 1011 1043 Qualem
1036 975 1067 1027 iu
1117 973 1325 1046 agrosuberes,
1342 973 1492 1045 inquibus
1509 973 1569 1044 spei
1586 975 1690 1028 nostras
1708 975 1906 1033 seminamitte-

253 1067 359 1128 Cbristc
371 1067 504 1137 baptizoti
517 1069 588 1130 estis,
603 1065 739 1122 Christum
755 1067 885 1122 induistis
899 1065 1013 1136 (Galat,
1027 1081 1066 1134 ιιι,
1117 1084 1226 1138 remus,
1241 1066 1431 1140 exspectaturi
1447 1082 1570 1122 messem
1587 1065 1622 1120 de
1639 1066 1812 1138 amplissimis
1824 1069 1907 1126 tructi-

252 1162 312 1233 ιι),
340 1161 370 1215 in
401 1159 516 1231 captivis
542 1159 677 1215 iratribus
703 1159 806 1214 nostris
833 1159 1068 1230 contemplandus
1117 1160 1170 1216 bus
1196 1160 1246 1233 qui
1277 1161 1312 1216 dc
1343 1161 1398 1215 hac
1424 1158 1531 1214 ooelestl
1555 1162 1585 1214 et
1616 1159 1733 1215 salutari
1763 1163 1907 1232 operatione

253 1259 295 1310 est
311 1253 449 1320 Christus,
464 1257 492 1308 et
504 1252 689 1308 redimendus
705 1253 738 1308 de
753 1251 879 1325 periculo
896 1252 1069 1324 captivitatis
1118 1254 1299 1326 proveniunt.
1322 1253 1447 1310 llisimus
1469 1255 1565 1308 autem
1587 1253 1716 1310 sestertia
1738 1253 1790 1324 (til
1811 1259 1910 1312 centum

253 1348 303 1421 qni
317 1364 368 1403 nos
381 1346 504 1402 redemit
521 1346 556 1401 de
574 1346 700 1418 periculo
719 1345 831 1416 mortis;
848 1350 879 1401 ut
897 1344 947 1419 qui
965 1362 1016 1400 nos
1032 1345 1067 1401 de
1118 1348 1207 1404 millia
1234 1364 1431 1418 nummorum,
1457 1363 1521 1420 quae
1545 1347 1607 1402 istic
1630 1347 1660 1402 iu
1688 1346 1799 1402 ecclesie
1821 1349 1860 1402 cui
1880 1349 1910 1404 de

255 1441 358 1498 diaboli
385 1439 512 1495 faucibus
537 1439 626 1507 exuit,
653 1455 728 1494 nune
755 1439 816 1512 ipse
840 1439 890 1511 qui
916 1442 1016 1494 menet
1040 1442 1070 1494 et
1118 1441 1229 1498 Domini
1246 1440 1423 1513 indulgentia
1438 1456 1606 1512 presumas,
1620 1439 1689 1495 cleri
1708 1439 1833 1512 ctplehis
1847 1442 1911 1512 apud

254 1535 363 1590 habitat
382 1532 411 1588 in
428 1533 519 1600 nobis,
537 1533 572 1588 de
591 1532 779 1588 barbarorum
798 1533 929 1588 manibus
949 1537 1069 1588 exuatur
1119 1552 1171 1590 nos
1189 1533 1370 1590 consistentis
1388 1533 1539 1591 collatione
1560 1531 1679 1588 collecta
1700 1535 1774 1603 sunt,
1795 1549 1854 1606 quc
1871 1549 1912 1588 rus

254 1633 282 1684 et
302 1627 460 1683 redimatur
480 1626 644 1681 nummaria
663 1625 820 1699 quantitate
842 1626 891 1698 qui
912 1642 965 1682 nos
985 1641 1068 1682 cruce
1118 1627 1176 1684 illic
1190 1644 1244 1701 pro
1258 1632 1350 1684 restra
1363 1627 1512 1699 diligentia
1524 1625 1731 1698 dispensabitis.

254 1720 379 1778 redemit
389 1723 418 1775 et
430 1717 584 1791 sauguine;
597 1719 647 1791 qui
666 1719 773 1774 idcirco
792 1719 852 1775 haec
870 1719 932 1775 fleri
950 1719 1069 1774 interim
1155 1723 1198 1777 lv.
1215 1723 1249 1778 Et
1262 1726 1396 1794 optamus
1411 1719 1530 1792 quidem
1543 1719 1615 1776 nihil
1628 1720 1686 1775 talc
1704 1719 1740 1774 de
1754 1722 1848 1774 cetero
1859 1717 1914 1774 fieri

254 1815 362 1887 patitur
375 1819 407 1868 ut
419 1812 489 1868 fides
506 1816 601 1869 nostra
616 1815 744 1869 tentetur
760 1829 796 1868 an
814 1813 898 1868 iaciat
914 1813 1068 1884 unusquis·
1079 1789 1108 1860 Β
1120 1820 1148 1871 et
1165 1816 1268 1871 iratres
1289 1819 1409 1883 nostros,
1424 1813 1538 1870 Domini
1558 1813 1707 1886 mnesteus
1727 1814 1869 1884 protectus,
1884 1811 1914 1866 ab

257 1923 312 1980 que
334 1921 386 1978 pro
411 1905 498 1962 altero
520 1905 599 1978 quod
620 1922 672 1978 pro
694 1921 724 1962 se
744 1905 806 1961 fleri
827 1905 924 1974 vehet,
947 1905 969 1960 si
994 1906 1070 1978 apud
1120 1907 1263 1979 ejusmodi
1282 1907 1418 1979 periculis
1436 1907 1595 1964 incolumes
1613 1905 1761 1962 reservari.
1777 1903 1804 1961 Si
1820 1908 1914 1970 tumen,

256 1999 395 2057 barbaros
413 2003 559 2055 teneretur
578 1999 639 2071 ipse
660 1999 798 2072 captivus.
820 1998 887 2064 Quis
906 1998 993 2067 enim,
1012 2015 1070 2054 non
1120 2001 1155 2057 ad
1169 2001 1374 2074 explorandam
1391 2001 1482 2056 nostri
1495 1999 1584 2056 animi
1600 1998 1771 2055 charitatem
1783 1996 1916 2054 eierami·

256 2093 442 2151 humanitatis
457 2108 568 2149 memor
587 2095 616 2148 et
636 2096 744 2148 mutum
763 2092 922 2148 dilectionis
939 2092 1069 2148 admoui·
1119 2095 1245 2152 nandum
1264 2095 1354 2150 nostri
1372 2093 1494 2166 pectoris
1510 2093 1607 2164 iidem,
1621 2093 1678 2148 tale
1699 2091 1804 2164 aliquid
1820 2089 1918 2146 accide-

256 2193 312 2255 tus,
333 2187 357 2242 si
378 2190 461 2259 pater
483 2190 535 2256 est,
556 2185 614 2241 illic
637 2201 696 2241 esse
716 2201 791 2241 nunc
812 2185 885 2241 lilios
907 2202 972 2242 suos
992 2201 1069 2240 com·
1121 2189 1167 2257 rit,
1195 2188 1284 2244 nolite
1315 2187 1444 2242 cunctari
1470 2186 1602 2243 nuntiare
1632 2187 1696 2242 hrec
1725 2184 1803 2240 nobis
1832 2182 1918 2238 litteris

257 2285 345 2353 putet,
364 2280 387 2335 si
408 2280 527 2335 maritus
547 2283 598 2348 est,
620 2295 738 2334 uxorem
756 2295 836 2334 suem
855 2278 912 2334 illic
930 2279 1071 2351 captivam
1120 2282 1230 2350 restris,
1245 2297 1298 2353 pro
1319 2282 1396 2336 certo
1413 2279 1551 2336 habentes
1567 2279 1620 2352 (tr)
1636 2278 1789 2336 Ecclesiam
1807 2279 1920 2334 nestram

256 2373 347 2430 teneri
366 2389 432 2429 cum
455 2372 553 2428 dolore
574 2372 681 2445 pariter
704 2388 736 2428 ac
757 2373 864 2444 pudore
886 2373 942 2442 (le)
964 2372 1070 2427 vinculi
1121 2381 1149 2432 et
1168 2374 1376 2430 fraternitatem
1395 2373 1457 2428 istie
1473 2373 1634 2429 universam
1648 2389 1686 2428 nc
1702 2373 1763 2428 hnc
1778 2371 1847 2425 ultra
1858 2368 1919 2422 fiant

256 2466 392 2524 maritalis
405 2467 566 2524 existimet?
577 2467 704 2532 Quantus
715 2482 782 2522 vero
798 2466 959 2522 communis
975 2468 1069 2522 omni·
1120 2468 1251 2540 precihus
1270 2482 1365 2536 orare;
1385 2467 1407 2521 si
1427 2467 1501 2522 lacta
1521 2465 1618 2540 362
1638 2465 1756 2534 tuerint,
1769 2463 1882 2519 libenter
1896 2463 1920 2515 et

255 2563 308 2618 bus
335 2562 418 2617 nobis
447 2577 554 2617 moeror
582 2565 667 2633 atque
699 2560 837 2616 cruciatus
863 2564 905 2615 est
932 2560 967 2615 dc
995 2561 1069 2632 peri·
1119 2563 1239 2636 largiter
1253 2561 1376 2616 subsidia
1390 2562 1536 2632 praestare.
1552 2559 1920 2616 Utantemtratresnestros

257 2656 321 2712 culo
337 2641 483 2726 'virginum
501 2671 565 2727 qum
584 2654 641 2711 illic
656 2655 804 2710 tenenturl
820 2669 872 2726 pro
893 2653 1070 2726 quihusuen
1120 2672 1152 2711 ac
1180 2671 1306 2725 sorores,
1335 2654 1383 2727 qui
1409 2654 1445 2710 ad
1470 2654 1524 2709 hoc
1553 2669 1623 2726 opus
1650 2655 1713 2709 tam
1743 2651 1921 2708 necessarium

257 2753 368 2806 mutum
381 2748 529 2818 libertatis,
543 2749 592 2804 sed
607 2753 636 2804 ct
651 2748 767 2821 pudoris
782 2748 896 2820 jactura
909 2748 1071 2820 plangenda
1121 2751 1252 2822 prompte
1273 2765 1306 2804 ac
1324 2747 1446 2804 libenter
1464 2748 1573 2819 operati
1596 2751 1673 2818 sunt,
1689 2751 1723 2803 ut
1741 2759 1849 2816 semper
1866 2758 1922 2815 ope

258 2846 310 2914 cst,
326 2858 378 2899 nec
391 2848 451 2898 tam
466 2842 579 2898 vincula
590 2841 779 2898 barbarorum
792 2857 878 2914 quam
891 2842 1029 2897 lenonum
1044 2845 1072 2897 'et
1121 2838 1274 2912 rentur,'iu
1292 2847 1389 2898 mente
1407 2839 1536 2896 habeatis
1551 2841 1580 2896 in
1596 2839 1773 2896 orationibus
1785 2837 1887 2907 vestris,
1899 2839 1923 2890 et

256 2936 436 3009 lupanarium
447 2939 543 3008 stupra
553 2935 684 2994 deflenda
694 2941 771 3004 sunt,
781 2934 1072 2993 nemcmhrachristo
1122 2937 1162 2992 cis
1186 2935 1276 2992 vicem
1303 2933 1370 2990 boni
1400 2935 1494 3007 operis
1518 2933 1549 2990 in
1575 2933 1719 2990 sacrifieiis
1749 2937 1777 2990 et
1806 2929 1922 3004 precihus

256 3031 350 3088 dicata
369 3035 399 3086 et
418 3030 448 3085 in
470 3034 611 3086 actemum
635 3029 820 3086 continentie
842 3029 951 3084 honore
972 3026 1065 3101 361
1122 3029 1343 3102 repraesentetis,
1363 3026 1476 3084 subdidi
1497 3027 1613 3084 nemina
1634 3028 1821 3100 singulorum,
1839 3024 1883 3080 sed
1901 3023 1925 3077 et

255 3125 360 3198 pudica
372 3123 477 3180 virtute
495 3125 595 3180 devota
614 3122 813 3180 insultantium
826 3121 944 3178 libidine
961 3127 990 3177 et
1003 3137 1070 3177 eon·
1081 3150 1109 3225 G
1122 3124 1298 3195 collegarum
1321 3137 1435 3196 quoqne
1459 3125 1488 3178 ct
1507 3122 1744 3178 consacerdotum
1764 3123 1923 3183 nostrorum,

255 3219 373 3292 tagione
385 3219 536 3274 laedentur.
1121 3217 1171 3289 qui
1190 3220 1219 3272 et
1238 3217 1302 3288 ipsi,
1321 3233 1387 3272 cum
1407 3221 1562 3289 presentes
1574 3220 1680 3285 essent,
1695 3218 1724 3272 et
1738 3231 1791 3270 suo
1805 3216 1832 3270 et
1845 3209 1925 3284 plebis

1121 3327 1179 3366 susc
1193 3310 1311 3366 nomine
1327 3309 1460 3382 quadam
1477 3326 1529 3382 pro
1549 3309 1656 3366 viribus
1676 3307 1865 3372 contulerunt,
1879 3318 1924 3358 no·

292 3395 337 3451 111·
358 3393 428 3458 011OE
446 3391 544 3448 omitia
562 3391 634 3459 istie,
653 3391 808 3446 Secundum
829 3389 938 3446 litteras
952 3394 1069 3460 vestras,
1121 3403 1198 3459 mina
1213 3403 1324 3474 gddidj3
1339 3408 1368 3459 gt
1385 3407 1488 3475 pl'oetssl'
1503 3402 1699 3476 quantitatem
1712 3400 1858 3475 propriam
1871 3411 1925 3451 nos·

255 3487 416 3544 fraterna&
435 3490 532 3542 nostra
549 3484 675 3556 cogitans
695 3489 723 3540 et
743 3484 874 3540 dolenter
891 3481 1069 3554 effluimus,
1121 3503 1207 3567 tram,
1221 3513 1321 3553 gol-um
1340 3513 1453 3569 quoque
1473 3495 1627 3552 summulas
1648 3493 1807 3568 Sisslllflfflvi
1821 3494 1849 3546 et,
1861 3487 1925 3556 misi,

255 3586 387 3654 ΡΓΟΙὩΡῑΘ
414 3595 513 3636 ⁰ffl⁰⁰⁵
540 3581 569 3634 θῑ
594 3577 717 3633 fibfflief
743 3594 775 3634 ὅθ
798 3576 917 3648 lflrdster
946 3577 1072 3632 ³⁰b⁵idi³
1121 3607 1244 3663 quorum
1259 3589 1389 3646 emnium
1408 3589 1566 3646 secuudum
1584 3590 1661 3662 quod
1679 3589 1753 3646 lidos
1771 3590 1801 3642 et
1817 3585 1928 3642 charitas

255 3675 418 3731 nummaria
442 3672 575 3729 fratribus
599 3671 790 3739 fflssiulefflssb
814 3687 926 3742 Semper
953 3670 1072 3743 quidem
1122 3683 1219 3756 exigit,
1233 3684 1264 3740 in
1278 3679 1453 3740 orationibus
1466 3689 1495 3739 et
1511 3683 1643 3755 precibus
1655 3683 1759 3738 vestris
1777 3679 1927 3737 meminisse

256 3768 409 3824 mundum
424 3766 491 3822 fld‘li
505 3763 742 3820 suaefiffflimssm
762 3763 799 3818 ad
820 3779 891 3835 ⁰P¹¹⁵
908 3763 957 3819 ὓθῑ
975 3763 1070 3835 Pfflssii
1122 3777 1240 3834 debetis.
1263 3778 1398 3849 Optamus
1421 3793 1481 3846 ros,
1503 3778 1606 3833 iratres
1630 3775 1803 3846 charissimi,
1827 3783 1929 3842 semper

255 3877 332 3917 nunc
353 3866 451 3917 tamen
473 3858 564 3930 magis
586 3857 622 3913 ed
641 3873 725 3928 opera
747 3856 880 3913 salutaria
897 3857 1072 3928 contempla·
1121 3871 1194 3927 bene
1209 3871 1301 3928 „lgm
1315 3876 1345 3928 et
1358 3869 1448 3927 nomi
1464 3870 1639 3926 meminisse·

254 3956 333 4011 uene
349 3956 421 4010 tanti
440 3952 545 4009 doloris
562 3950 684 4006 accensi.
705 3951 787 4018 Nam,
804 3965 869 4006 cum
887 3949 1026 4006 Dominus
1041 3949 1070 4003 in

256 4047 408 4119 Evangelio
430 4063 479 4102 suo
496 4045 583 4114 dicet,
597 4047 723 4116 infirmus
743 4046 799 4114 fui,
820 4050 845 4100 et
866 4045 1002 4099 visitastis
1018 4058 1069 4106 use,
1370 4010 1531 4066 EPlSTOLA
1551 4010 1604 4066 m
1624 4007 1693 4080 (4⁸)-

256 4143 362 4213 quanto
386 4157 461 4196 nunc
488 4153 602 4211 qnoque
628 4153 694 4192 cum
721 4136 832 4207 maj0re
857 4136 951 4208 operis
981 4134 1072 4190 nestri
1122 4121 1239 4182 (mmo
1254 4131 1273 4184 ¹2
1288 4123 1332 4183 ¹⁰3
1350 4119 1459 4177 melu
1474 4120 1579 4202 ffissfflla
1597 4119 1694 4183 Belus,
1709 4129 1771 4183 1113
1789 4115 1931 4176 Peris.,u1;

257 4235 389 4290 mercede
412 4234 537 4290 dicturus
556 4237 599 4288 est
620 4249 628 4286 ι
649 4231 780 4302 captivus
801 4232 855 4298 lui,
877 4237 903 4286 et
923 4231 1072 4286 redemistis
1408 4190 1504 4253 ⁰¹⁰¹¹⁸’
1516 4193 1597 4256 ¹¹¹p⁸'’
1609 4193 1647 4253 ¹¹⁸)

255 4345 296 4384 me
310 4329 428 4400 (llotth,
445 4343 507 4394 xxv,
526 4326 581 4395 ³6).
602 4326 636 4380 Et
655 4339 721 4380 eum
742 4323 835 4380 denuo
854 4323 928 4380 dicat
942 4340 949 4378 :
962 4325 995 4380 lu
1010 4338 1071 4380 cur·
1296 4315 1330 4354 *⁰
1350 4314 1531 4368 sucasunun,
1552 4317 1586 4354 ⁰¹³
1606 4313 1763 4356 ffiSTRlOltE·

256 4437 315 4478 cere
334 4422 388 4490 lui,
411 4428 437 4477 et
456 4421 566 4476 uerutis
588 4420 625 4474 cd
647 4433 699 4482 me,
724 4418 917 4490 quantoplus
940 4419 1070 4472 estcum
1121 4417 1322 4473 Anonuaurun.
1350 4445 1385 4456 -
1409 4417 1590 4484 Histricuem,
1616 4420 1640 4472 si
1668 4419 1698 4472 iri
1726 4416 1804 4485 turpi
1827 4409 1932 4478 artificio

256 4515 374 4588 creperit
396 4513 491 4570 dicere
514 4529 522 4570 ι
546 4535 560 4563 ιι
587 4514 619 4569 lu
642 4529 756 4570 carcere
777 4511 948 4584 captivitatis
969 4509 1021 4580 tui,
1044 4511 1072 4564 et
1155 4507 1294 4576 persistat,
1311 4507 1506 4561 communicare
1525 4505 1647 4576 mobiba
1667 4507 1696 4560 in
1716 4504 1837 4561 inuria
1853 4502 1933 4568 Neque

901 4627 1014 4711 Steph.
1037 4625 1161 4690 baluzii
1181 4629 1279 4688 notes.

285 4763 333 4826 (ti)
356 4759 466 4811 Pudere.
481 4759 575 4812 Codex
597 4757 752 4821 Remensis,
766 4769 798 4808 oc
819 4755 920 4807 uiuculi
938 4752 1072 4806 modiolis
1080 4766 1110 4839 D
1121 4751 1155 4802 Et
1168 4751 1257 4804 Satira
1271 4754 1369 4816 quartu
1384 4765 1390 4799 ι

254 4847 483 4966 ατὲιζιθὲσεισνιία.
499 4901 595 4954 Secuti
618 4913 716 4953 sumus
734 4900 781 4951 hic
800 4897 952 4952 editionem
971 4897 1074 4948 Manu-

254 4975 294 5036 tii,
315 4974 430 5024 Pamelii
453 4977 481 5024 et
500 4973 623 5038 Rigaltli.
644 4972 726 5036 Angli
747 4974 899 5035 posuerunt
916 4969 1073 5032 ecsurtium,

255 5044 304 5093 sed
325 5044 431 5108 absque
451 5043 536 5094 ullius
553 5045 657 5094 vetusti
677 5043 781 5095 codicis
801 5042 953 5104 mentione,
966 5043 1073 5090 tantum
1123 5059 1193 5112 Vide
1213 5059 1340 5109 Lambini
1360 5058 1545 5109 Adummim,
1564 5057 1593 5106 in
1619 5056 1782 5108 Orationem
1803 5050 1938 5107 Ciceronis

256 5115 320 5177 quia
351 5115 655 5196 Rigaltiuslmonuerat
680 5115 717 5196 ita
740 5112 919 5194 scribendum
949 5123 1019 5170 esse,
1046 5113 1074 5162 el
1122 5146 1172 5196 pro
1196 5130 1261 5182 Sex.
1282 5131 1383 5182 Roscio
1409 5129 1549 5191 Amerino,
1569 5134 1598 5180 et
1619 5129 1759 5180 ioannem
1786 5127 1938 5179 Tristauum

258 5189 369 5248 propter
396 5185 551 5248 analogiam
573 5197 723 5245 sermonis,
748 5197 813 5234 eum
837 5187 941 5235 scirent
967 5185 1074 5234 veteres
1123 5205 1255 5254 amolo
1278 5202 1408 5252 Amantio
1432 5205 1450 5250 ιι
1475 5201 1499 5250 11
1523 5199 1796 5251 Commentariorum
1822 5207 1939 5256 suorum,

257 5259 385 5305 auctores
409 5255 513 5319 lingum
534 5256 639 5306 Latinas
660 5255 782 5306 scrihere
801 5257 949 5306 serrarium
969 5254 999 5304 in
1019 5267 1073 5304 nu·
1123 5289 1149 5340 p·
1179 5273 1236 5324 570,
1264 5272 1335 5324 vige
1365 5273 1448 5324 egum
1478 5271 1649 5334 Beronum,
1686 5283 1763 5322 mmo
1789 5270 1855 5332 255,
1891 5266 1938 5317 sup

257 5339 334 5376 mero
348 5326 457 5390 plurali.
473 5325 555 5390 Quod
574 5331 667 5378 tamen
688 5339 744 5377 neu
766 5338 828 5377 esse
847 5339 957 5390 semper
976 5336 1074 5375 verum
1122 5345 1216 5397 finem·

1230 4897 1261 4908 —
1276 4871 1383 4922 blullum
1396 4883 1442 4919 sex
1456 4867 1572 4920 millibus
1586 4869 1650 4919 emit

1231 4943 1388 5006 AEqusutem
1399 4953 1460 4990 sane
1472 4940 1578 5005 paribus
1589 4938 1707 4990 meteriis
1721 4939 1806 4990 libris.

256 5396 374 5462 probant
395 5396 456 5448 hoec
476 5398 561 5449 verba
582 5397 730 5463 sosipatris
750 5395 868 5448 Charisii
884 5411 890 5445 r
906 5413 920 5442 e
941 5397 998 5448 Nec
1018 5398 1074 5446 sta·
1154 5419 1204 5480 (47)
1223 5417 1274 5468 pm
1293 5421 1362 5468 cmo
1384 5414 1514 5466 pamm
1534 5413 1631 5468 Codex
1654 5413 1803 5466 nomm„
1827 5411 1899 5464 addit
1918 5414 1939 5458 ,ι
1974 5481 1975 5486 ¹

255 5469 304 5520 tim
322 5469 429 5520 centies
443 5481 590 5519 nummum
610 5467 703 5520 dicere
724 5481 882 5532 possumus,
896 5468 945 5519 sed
968 5467 1073 5520 centies
1121 5489 1238 5540 ,cmm

254 5540 413 5622 ⁸⁰⁸l⁰ffi¹¹ff¹¹
438 5554 444 5588 ²
472 5551 524 5622 ¹30⁰
550 5543 644 5592 ¹⁸m⁰¹²
671 5539 873 5622 fluinsslmimfl
906 5539 1072 5601 ⁸⁰⁵t⁰ffi¹¹m=
1154 5561 1202 5624 (se)
1217 5559 1298 5611 Hauc
1316 5558 1461 5624 epistolam
1483 5558 1577 5610 iuveni
1597 5559 1626 5608 iu
1643 5569 1716 5609 xxm
1739 5554 1938 5622 exemplaribus

254 5611 304 5662 ⁸⁰⁶
336 5613 538 5676 qu¹¹¹q¹¹⁸8¹¹¹¹⁸
570 5613 697 5662 mmm
724 5609 852 5662 d¹⁰¹m¹²⁵·
881 5627 896 5657 ’⁹
929 5608 1073 5661 Juv⁰¹¹⁸¹¹⁸
1122 5633 1253 5696 antiquis.
1276 5631 1346 5683 Sunt
1376 5643 1442 5682 vero
1465 5629 1601 5680 nonnulla
1628 5641 1663 5681 ex
1692 5629 1728 5680 ils
1753 5641 1819 5694 qum
1842 5637 1938 5677 nomen

254 5681 462 5745 81ηῘΝῙΨῨΠΠΗ
1122 5702 1268 5753 Euohratli
1290 5703 1365 5752 vorle
1385 5703 1515 5752 referunt.
1529 5700 1634 5752 Verum
1653 5701 1710 5752 lere
1732 5700 1828 5751 omnia
1841 5697 1939 5749 hebent

361 5775 511 5841 Simplexue
524 5775 597 5828 laror
614 5777 732 5830 scsurtiu
748 5779 852 5830 centum
1122 5774 1164 5823 nti
1185 5787 1237 5825 nos
1259 5771 1409 5824 edidimus.
1434 5771 1602 5824 Euchratius
1625 5771 1776 5837 episcopus
1799 5785 1816 5821 a
1839 5767 1937 5820 Thenis

363 5846 487 5902 Perdere.
903 5863 907 5872 ·
1121 5843 1246 5901 munuli
1289 5843 1408 5900 concilo
1448 5841 1749 5916 mmeramme
1793 5841 1937 5908 Cypriane·
