3986 6208
96 237 135 294 tit
710 237 808 300 LIBER
828 235 871 298 DE
890 237 1135 302 senissimis.
1699 255 1749 312 eit

104 365 151 434 rt).
165 364 238 420 Tales
251 381 304 422 nos
327 363 435 422 tuturos
461 370 490 424 et
510 368 639 426 Christus
653 367 749 444 598
764 369 899 428 Dominus
911 384 939 457 Α
949 371 978 428 in
992 372 1045 428 isto
1058 373 1168 429 mundo
1190 373 1297 431 diutius
1316 375 1519 444 immorentur,
1542 381 1644 448 mundi
1657 389 1769 440 contac-

95 463 238 538 pollicetur,
251 465 376 537 quando,
394 471 425 522 ut
444 483 510 524 earm
531 468 582 525 illo
610 485 709 541 sarnus,
723 476 751 526 et
765 487 831 527 cum
845 471 894 527 illo
948 467 1023 523 tibus
1049 467 1221 540 polluantur.
1248 473 1351 542 Raptus
1374 478 1412 530 est
1432 473 1497 544 (57),
1516 475 1619 548 iuquit,
1641 493 1674 534 ne
1692 481 1770 534 inoli-

95 560 119 614 in
136 557 244 613 eternis
265 559 382 615 sedibus
402 561 540 632 vivamus,
562 563 647 636 atque
676 563 706 618 in
729 565 824 636 regnis
837 581 894 620 coe·
947 564 1117 618 tiamutaret
1130 564 1292 620 intellectum
1305 565 1382 621 illius
1395 567 1482 638 (Sap,
1503 585 1540 638 rr,
1562 573 1605 638 ll,
1624 572 1676 643 ii).
1699 575 1763 628 Plo-

95 651 198 708 lestihus
225 652 412 724 gaudeamus,
438 655 552 711 Patrem
580 672 633 727 pro
660 657 743 716 uobis
765 664 896 730 precatur
946 658 1002 711 cito
1024 655 1095 712 enim
1113 659 1236 714 erotDeo
1253 660 1345 713 anima
1370 661 1439 728 ey‘us.
1459 663 1573 734 Propter
1591 663 1637 719 boc
1662 683 1760 738 prope-

95 745 180 801 diceus
211 762 218 800 :
243 747 332 813 Pater,
355 763 422 818 quos
441 751 510 804 milri
529 749 630 806 dedisti
651 751 711 807 uoto
727 757 760 807 ιιι
782 753 830 807 ubi
851 769 897 823 epo
947 752 1019 806 rouit
1043 752 1172 806 obducere
1194 767 1254 806 eum
1275 752 1414 808 demedio
1434 755 1582 826 iniquitate
1601 759 1635 812 ⁸⁵.
1668 759 1713 815 Sic
1739 763 1767 815 et

93 843 194 908 tueroet
212 841 267 911 ipsi
278 841 460 906 sintmecum,
478 847 503 899 et
520 844 633 900 uideant
643 847 800 901 claritatem
814 863 897 918 quam
947 843 978 898 in
998 843 1115 899 Psalmis
1127 843 1162 898 ad
1179 845 1333 901 Dominum
1348 853 1482 918 properat
1502 849 1621 920 spiritali
1637 851 1693 909 lide
1708 855 1779 909 Deo'

93 935 152 988 mibi
161 933 262 989 dedisti
283 936 447 1006 priusquam
472 937 591 994 mundus
615 941 691 1009 tieret
711 941 812 1010 (loun,
831 956 897 1010 xvn,
949 953 1000 992 suo
1014 937 1110 992 anima
1137 937 1238 995 devota
1256 937 1310 1012 (58)
1334 941 1430 996 dicens
1455 942 1566 1009 :Quam
1589 945 1768 1003 dilectissimae

94 1028 290 1096 retenturus
303 1029 339 1086 ad
353 1028 454 1086 Christi
479 1032 587 1101 sedem,
616 1033 653 1088 ad
674 1049 833 1105 regnorum
846 1051 899 1090 coe·
949 1031 1129 1087 habitationes
1143 1037 1204 1096 lun,
1230 1035 1300 1088 Deus
1317 1035 1465 1089 uirtutum!
1488 1037 1630 1092 Desiderat
1652 1043 1677 1093 et
1701 1057 1765 1110 pro·

94 1125 195 1180 testium
208 1125 378 1196 claritatem,
394 1127 494 1200 lugere
507 1145 564 1184 noa
580 1129 666 1186 debet
681 1147 734 1186 nec
747 1131 898 1204 plangore,
948 1129 1029 1198 pettit
1053 1127 1145 1182 aalma
1167 1142 1226 1182 mea
1249 1127 1286 1182 tid
1308 1129 1383 1183 ailla
1403 1129 1451 1184 Dei
1463 1129 1486 1164 ‘⁵
1511 1131 1594 1200 (Psoi.
1615 1147 1725 1204 ιιιιιιι,
1739 1136 1766 1204 2,

94 1219 133 1275 sed
153 1219 258 1290 potius,
273 1220 433 1278 seeundum
456 1221 688 1295 pollicitationem
716 1225 838 1294 Domini,
853 1242 898 1280 se·
950 1217 987 1289 6).

93 1313 208 1368 candum
223 1313 312 1370 fidem
326 1313 386 1370 veri
400 1315 466 1388 (el),
489 1315 519 1372 in
541 1317 718 1389 profectione
742 1317 795 1374 hac
809 1335 858 1375 sue
872 1323 901 1376 et
986 1313 1075 1370 lllth.
1101 1313 1167 1385 Ejus
1190 1319 1232 1370 est
1255 1314 1285 1370 in
1311 1316 1420 1372 mundo
1443 1316 1492 1372 diu
1521 1318 1592 1374 valle
1617 1336 1767 1378 remanare

93 1405 268 1462 translatione
282 1407 421 1480 gaudere.
951 1423 1034 1480 quem
1060 1408 1184 1464 mundus
1204 1408 1335 1478 oblectat,
1351 1427 1437 1482 qoem
1460 1413 1596 1468 seculum
1614 1413 1765 1472 blandiens

123 1501 205 1557 liiilii.
235 1501 281 1558 Sic
309 1501 434 1575 denique
461 1504 625 1560 invenimus
649 1511 678 1562 et
700 1505 902 1564 Enoahimns-
951 1503 1036 1574 atquo
1065 1501 1210 1573 decipiens
1228 1501 1369 1558 illecebris
1392 1507 1513 1561 terrenae
1539 1507 1695 1580 voluptatis
1723 1509 1766 1564 iu·

93 1595 258 1664 latumesse,
286 1593 335 1667 qai
361 1597 418 1652 Deo
439 1599 556 1670 placuit,
575 1599 646 1656 sicut
668 1598 697 1655 in
724 1599 826 1656 Genesi
849 1607 902 1656 tes-
951 1597 1030 1652 vitat.
1061 1596 1157 1666 Porro,
1185 1611 1251 1651 cum
1279 1597 1404 1652 mundus
1431 1598 1523 1655 oderit
1562 1600 1765 1674 Christianum,

92 1693 158 1743 tatur
180 1693 209 1744 et
235 1689 364 1760 loquitur
387 1689 532 1764 Scriptura
553 1692 647 1748 divina
665 1709 672 1748 t
693 1697 737 1758 ,Et
760 1695 864 1764 placuit
877 1694 901 1730 ⁴³
953 1690 1019 1763 quid
1036 1705 1198 1744 amaseam
1215 1690 1392 1762 quiteodit‚
1413 1695 1442 1746 at
1460 1708 1516 1748 non
1533 1694 1623 1766 magis
1637 1699 1765 1768 sequeris

93 1781 171 1837 laceb
193 1786 258 1846 Dee,
283 1787 309 1838 et
336 1799 388 1839 non
412 1789 452 1840 est
471 1789 599 1842 inuentus
626 1787 808 1858 postmortem,
835 1791 901 1859 quta
913 1755 939 1828 Β
952 1783 1106 1854 Christum,
1121 1783 1168 1856 qui
1183 1789 1212 1840 te
1226 1789 1256 1839 et
1273 1783 1395 1840 redemit
1418 1788 1446 1841 et
1467 1786 1722 1859 diligittloannes
1736 1791 1763 1846 in

92 1879 148 1931 Deus
174 1877 253 1932 tillem
275 1879 419 1934 transtulit
440 1879 529 1950 (ileu,
552 1895 579 1936 ι.
602 1882 657 1951 ιι).
684 1881 740 1936 lloc
762 1881 816 1936 tuit
838 1884 899 1955 pla·
950 1877 1074 1950 Epistola
1104 1895 1155 1933 sua
1184 1878 1286 1933 clamat
1313 1883 1341 1934 et
1364 1880 1500 1951 loquitur,
1521 1885 1549 1936 et
1575 1899 1622 1952 no,
1639 1885 1765 1940 carnalia

93 1971 170 2026 ruisse
183 1971 210 2025 in
227 1977 386 2044 conspectu
403 1973 462 2040 Dei,
486 1973 521 2032 de
545 1974 599 2030 hoc
620 1977 752 2048 contagio
771 1973 824 2048 (56)
847 1993 898 2032 sae-
951 1971 1093 2028 desideria
1108 1975 1260 2040 sectantes,
1275 1973 1414 2028 mundum
1437 1973 1588 2046 diligamus
1608 1977 1760 2035 bortatur:

92 2065 138 2118 culi
152 2065 295 2121 meruisse
309 2067 469 2123 transferri.
482 2067 537 2124 Sed
550 2069 831 2142 etpchalomouem
842 2070 897 2144 (56)
950 2067 1049 2134 Nolite,
1077 2065 1180 2138 iuquit,
1208 2067 1321 2137 diligere
1343 2068 1474 2123 muudum
1497 2086 1583 2140 rreqree
1605 2087 1636 2126 eo
1655 2087 1715 2142 puae
1733 2075 1764 2128 iu

93 2159 164 2214 docet
176 2160 301 2230 Spiritus
319 2167 433 2217 sanctus
456 2177 503 2218 eos
523 2163 573 2236 qrri
589 2165 645 2220 Deo
659 2164 790 2236 placeant
805 2168 899 2220 matu·
949 2161 1050 2216 munda
1073 2165 1146 2216 sunt.
1169 2161 1201 2217 Si
1225 2163 1285 2230 quis
1309 2160 1435 2217 dileaeril
1462 2164 1606 2229 mundum,
1642 2181 1697 2220 non
1726 2173 1765 2222 est

92 2253 140 2308 rius
154 2253 234 2310 istinc
248 2254 336 2310 eximi
360 2260 388 2311 et
410 2256 493 2313 citius
513 2257 639 2328 liberari,
653 2275 700 2328 ne,
717 2255 813 2333 599
830 2259 900 2316 dum
950 2255 1068 2311 clemins
1089 2255 1180 2310 Petris
1202 2256 1232 2310 in
1255 2255 1321 2324 illae
1344 2257 1412 2326 quin
1439 2271 1514 2313 omne
1527 2259 1599 2328 quod
1621 2261 1763 2317 inmundo

773 2367 878 2434 llariae
906 2366 1074 2431 lectiones.

117 2465 135 2495 ι’
147 2464 262 2528 Placuit,
277 2465 371 2532 iuquit
386 2465 454 2516 Lam.
469 2465 544 2517 libor.
557 2467 612 2518 ΝΟ.
629 2469 650 2518 i.
684 2470 706 2502 *ι
721 2468 762 2519 Da
778 2467 871 2519 medio
884 2465 1051 2532 iniquitatis.
1067 2463 1144 2514 Oeen.
1163 2463 1186 2499 ⁴⁵
1198 2461 1242 2514 Ad
1256 2463 1326 2514 atria
1339 2465 1394 2526 tua,
1407 2463 1483 2516 Deus
1503 2465 1558 2516 Ver.

747 2586 860 2668 Steph.
884 2584 1007 2650 Baluzii
1029 2587 1128 2646 notae.

92 2685 185 2747 prareti
215 2685 345 2750 episcopi
365 2683 545 2736 relationibus
565 2683 626 2750 ipse
651 2683 781 2737 lauderis.
809 2701 825 2734 a
848 2684 901 2750 l‘ro
951 2681 1102 2746 pontilicis,
1126 2691 1235 2744 sparsas
1258 2679 1362 2744 passim
1387 2679 1543 2732 Salomonis
1564 2681 1714 2733 sententias
1736 2685 1765 2734 iu

21 2763 22 2826 j
93 2769 139 2820 quo
151 2760 202 2807 tres
220 2757 321 2821 optimi
335 2760 362 2808 et
380 2757 568 2819 antiquissimi
589 2757 652 2807 libri
673 2756 778 2808 habent
795 2755 902 2806 relatio·
951 2767 1040 2803 uuum
1060 2751 1114 2803 hoc
1131 2753 1306 2816 congessisse
1328 2751 1767 2818 volumemltomagisquodlll
1861 2787 1872 2804 .

92 2825 156 2875 nibus
175 2827 362 2890 informemur.
380 2826 463 2890 Quod
486 2840 537 2891 ago
554 2827 655 2878 melius
681 2841 742 2879 osse
766 2829 843 2892 puto.
869 2827 903 2876 ιιι
952 2825 1018 2887 lieg.
1043 2823 1093 2873 ult.
1122 2836 1181 2886 cap.
1205 2822 1342 2874 scribatur
1366 2822 1476 2873 locutus
1502 2822 1552 2872 tria
1574 2823 1662 2874 millia
1683 2837 1766 2888 para-

93 2895 195 2948 tortasse
209 2898 363 2964 legendum
383 2903 426 2950 est
447 2897 623 2948 relationibus
637 2896 810 2962 informemur
834 2903 858 2948 et
878 2901 908 2946 tu
952 2895 1089 2958 bolarum,
1113 2895 1268 2946 carminum
1288 2895 1413 2960 quinque
1436 2893 1532 2958 millia,
1556 2899 1582 2946 et
1603 2895 1767 2948 disseruisse

20 3015 21 3036 χ
94 2967 139 3028 ipre
150 2967 279 3020 innueris,
951 2967 985 3018 de
1003 2967 1145 3031 jumentis,
1160 2967 1331 3027 volueribus,
1351 2965 1496 3030 reptilibus
1519 2969 1547 3017 et
1564 2966 1696 3031 piscibus,
1710 2973 1766 3020 stc.

119 3039 162 3098 ist)
188 3039 341 3090 secundum
369 3039 445 3105 fidem
483 3041 548 3090 seri.
580 3041 644 3093 llaec
676 3042 783 3102 lectio,
816 3053 900 3105 quam
951 3038 1204 3102 Confirmat,quod
1227 3039 1286 3102 ipsa
1303 3037 1379 3088 illius
1400 3037 1629 3100 Proverbla,non
1651 3038 1765 3104 abillo,

94 3107 213 3160 exhibent
236 3111 372 3161 undecim
391 3111 567 3176 exemplaria,
583 3113 611 3161 in
632 3112 736 3177 quibus
757 3125 831 3178 pono
847 3111 938 3205 Sec
951 3109 1000 3161 sed
1013 3109 1060 3160 diu
1079 3113 1203 3173 posteaa
1226 3107 1360 3159 ministris
1374 3108 1501 3160 Ezechiae
1523 3109 1595 3174 regis
1614 3109 1672 3174 (aut
1683 3112 1765 3174 juxta

93 3181 266 3241 galesianum,
290 3187 332 3232 est
352 3183 465 3247 optima.
494 3183 525 3233 ln
547 3182 658 3235 duobus
681 3185 743 3235 aliis
766 3185 899 3248 scriptum
951 3181 1030 3233 rabbi
1054 3182 1169 3244 Moysen
1193 3181 1229 3230 ah
1255 3180 1333 3244 isaia)
1353 3181 1380 3230 ln
1405 3193 1493 3230 unum
1512 3180 1636 3244 collecta,
1659 3187 1769 3234 constet

94 3255 127 3298 ast
145 3252 224 3302 verbi
248 3251 395 3304 Moreltius
414 3253 526 3304 adnotat
548 3255 695 3306 sevidisse
714 3257 850 3319 scripturn
871 3256 900 3305 in
951 3265 985 3304 ex
999 3251 1129 3304 Proverb.
1144 3265 1168 3302 o.
1190 3263 1263 3301 xxv.
1278 3250 1346 3302 Utut
1365 3251 1409 3312 stt,
1426 3264 1477 3315 pro
1497 3251 1625 3303 doctrina
1646 3251 1767 3317 Spiritus

94 3323 201 3386 antiquis
218 3325 289 3386 ocri,
309 3323 380 3374 elios
403 3323 484 3374 verbi.
504 3324 586 3387 Quod
610 3327 756 3377 coufirmat
778 3331 900 3376 nostram
950 3326 1039 3376 sancti
1055 3325 1107 3376 hoc
1121 3325 1182 3376 loco
1197 3327 1224 3374 et
1245 3323 1360 3388 epistola
1378 3323 1586 3387 annuncia
1605 3326 1766 3378 Demetrion.

93 3389 235 3444 lectionem.
249 3393 282 3444 ln
299 3394 397 3445 codice
412 3395 543 3446 Becceasi
558 3402 586 3446 et
599 3397 627 3446 in
641 3397 763 3448 aditione
782 3397 899 3448 Moreltil
950 3409 999 3460 pro
1024 3395 1166 3460 Scriptura
1189 3394 1283 3445 divina
1304 3395 1432 3459 agnoscit
1453 3393 1619 3460 Cyprianus,
1636 3409 1690 3449 nec
1710 3399 1768 3448 mi-

93 3461 325 3526 legitaroerr'tutis.
950 3480 1004 3518 nus
1017 3467 1063 3518 alii
1077 3471 1186 3519 veteres
1204 3465 1252 3516 ubi
1274 3465 1351 3516 bunc
1369 3464 1471 3515 librum
1489 3466 1585 3529 citant,
1603 3468 1767 3520 nominatim

118 3536 162 3596 leel
190 3535 227 3586 De
253 3536 305 3587 boe
328 3537 460 3602 cantapia.
484 3536 619 3600 Quamvis
647 3538 721 3590 hanc
748 3540 899 3590 lectionem
949 3538 1065 3603 Dionys.
1088 3540 1224 3602 Areopag.
1240 3549 1302 3601 cap.
1322 3537 1347 3598 t,
1371 3536 1404 3587 de
1426 3536 1484 3586 Dio.
1504 3537 1590 3600 Nom,
1610 3541 1637 3587 et
1657 3538 1766 3592 Concil.

94 3607 207 3666 preferat
224 3610 317 3672 major
338 3620 401 3672 pars
423 3613 550 3660 vetorum
566 3609 777 3674 exemplarium,
796 3611 823 3660 in
839 3610 900 3660 aliis
951 3609 1129 3670 summense,
1154 3609 1270 3673 epistole
1300 3607 1335 3658 ad
1370 3619 1468 3660 omues
1494 3607 1648 3673 episcopos.
1674 3609 1767 3672 Quare

94 3679 171 3728 tamen
184 3678 315 3742 pluribus
333 3683 360 3728 et
380 3680 408 3728 in
428 3680 551 3744 antiquis
568 3679 738 3732 editionibus
757 3680 856 3745 legitur
869 3680 901 3732 da
950 3680 1026 3730 hunc
1040 3681 1132 3731 locum
1146 3680 1235 3730 citans
1255 3678 1288 3728 D.
1312 3679 1394 3743 Aug,
1412 3677 1461 3729 lib.
1478 3677 1510 3728 da
1529 3679 1652 3730 Prndasl.
1675 3682 1765 3734 Senot.

93 3745 133 3798 lac
149 3751 313 3814 contapiona.
332 3751 440 3801 Primus
460 3751 601 3802 Manutius
616 3753 796 3803 invexiteam
815 3765 900 3817 quam
949 3764 1009 3816 cap.
1030 3753 1082 3801 tt:
1107 3767 1122 3796 a
1144 3749 1215 3813 Ques
1240 3763 1303 3800 curn
1328 3750 1364 3800 lta
1381 3750 1446 3812 sint,
1466 3750 1567 3816 lnquit,
1591 3764 1646 3802 uon
1670 3751 1767 3804 debuit

94 3831 137 3868 uos
148 3823 324 3872 retinuimus.
339 3821 462 3886 Utraque
477 3821 549 3872 hona
562 3827 610 3872 est.
950 3821 1089 3884 repudiari
1113 3819 1249 3872 seruantia
1274 3819 1337 3870 libri
1361 3819 1519 3884 Sapientia,
1544 3821 1592 3886 qui
1615 3823 1717 3875 meruit
1738 3825 1765 3874 in

119 3891 161 3950 lbtit
185 3893 236 3942 Sed
263 3897 289 3942 et
320 3904 368 3956 per
394 3891 570 3944 Salomonem.
591 3893 663 3945 Vide
692 3894 898 3945 annotationem
950 3893 1077 3944 Ecclesia
1087 3891 1198 3953 Christi,
1212 3890 1248 3940 de
1260 3891 1348 3955 gradu
1363 3890 1498 3942 lectorum
1514 3891 1648 3944 Ecclesia
1663 3893 1766 3946 Christi

95 3959 196 4013 Pamelii
216 3963 253 4014 ad
275 3961 352 4014 bunc
375 3963 476 4014 locum.
492 3991 522 4002 -
543 3964 593 4016 Sed
620 3969 643 4015 et
666 3979 714 4027 per
735 3965 899 4016 Salomonem
950 3970 1005 4016 tam
1023 3965 1105 4029 longa
1127 3963 1283 4014 annositate
1298 3963 1417 4025 recitari,
1432 3965 1460 4016 ot
1476 3962 1511 4013 ab
1526 3963 1657 4016 omnibus
1672 3965 1766 4018 Chris·

94 4031 175 4082 doeens
202 4034 323 4098 Spiritus
346 4039 460 4085 careotas.
485 4055 498 4082 a
520 4035 633 4086 Libmm
653 4035 802 4100 Sapientiae
823 4036 901 4087 Salo·
950 4037 1047 4100 tiauis,
1080 4034 1115 4085 ab
1148 4035 1285 4098 episcopis
1316 4046 1407 4100 usque
1440 4033 1475 4084 ad
1509 4038 1647 4086 extremos
1680 4036 1766 4089 laicos

94 4105 158 4153 moni
175 4105 319 4166 adscribit,
339 4119 395 4156 non
411 4105 568 4171 Cyprianus
590 4108 672 4158 modo
694 4111 754 4158 tum
771 4107 818 4158 bic
839 4112 899 4158 tum
949 4107 1046 4158 fideles
1061 4106 1236 4170 poenitentes,
1260 4105 1486 4165 catechumenos,
1499 4117 1563 4156 cum
1587 4109 1766 4160 veneratione

95 4175 154 4225 intra
177 4177 226 4228 tib.
250 4178 285 4227 dc
306 4177 415 4228 Debere.
437 4179 529 4239 Mart,
548 4193 607 4243 cap.
634 4181 656 4240 l,
683 4179 717 4230 ad
744 4181 844 4230 Testim.
870 4192 898 4242 u,
949 4179 1052 4229 divinar
1065 4178 1237 4229 auctoritatis
1248 4177 1347 4228 audiri.
1365 4177 1427 4228 »Et
1447 4177 1530 4241 paulo
1544 4181 1605 4242 post
1622 4179 1766 4244 :aOpor-

95 4257 144 4308 cap.
164 4249 199 4308 is,
224 4252 251 4299 at
273 4261 313 4309 ru,
335 4261 396 4311 cap.
419 4250 457 4310 tii,
481 4249 568 4310 5659
592 4264 626 4302 ac
643 4251 683 4309 oo,
707 4249 756 4301 sed
781 4255 808 4302 et
830 4251 899 4316 Ege·
949 4253 987 4300 tet
1008 4252 1039 4300 ut
1067 4249 1152 4300 istum
1176 4247 1278 4298 librum
1303 4247 1452 4311 Sapientlae
1478 4247 1609 4299 omuibus
1629 4253 1765 4302 tractato-

94 4317 177 4380 sippus
194 4324 222 4370 et
244 4321 379 4380 lrenaeus,
401 4324 429 4372 ot
442 4323 533 4372 ornnis
550 4323 650 4388 (inquit
674 4321 812 4373 Eusebius
831 4323 897 4373 illst.
949 4321 1026 4372 ribus
1042 4323 1220 4385 anteponant,
1234 4321 1367 4384 quoniam
1386 4319 1439 4369 sibi
1461 4333 1526 4370 eum
1545 4323 1767 4386 anteposuerunt

94 4389 218 4440 ecclesiast.
248 4391 298 4440 lib.
329 4396 438 4455 quarto,
466 4405 525 4456 cap.
551 4394 592 4448 ιιι
623 4395 800 4458 antiquorum
834 4393 899 4443 cho
949 4394 1032 4444 aliam
1067 4391 1237 4456 temporibus
1272 4389 1406 4456 proximis
1443 4390 1630 4455 apostolorum
1662 4395 1766 4460 egregii

95 4473 150 4520 rus,
165 4463 280 4513 Tertuli.
297 4463 381 4513 etiam
393 4463 441 4514 lib.
461 4464 494 4514 de
507 4465 699 4526 eraseripaon.
714 4463 774 4514 ado.
788 4465 898 4528 barel.;
950 4465 1110 4514 tractatores
1120 4478 1127 4523 ;
1152 4463 1199 4526 qui
1222 4473 1286 4511 eum
1317 4465 1417 4510 testem
1441 4460 1616 4523 adhibentes,
1640 4464 1710 4514 nihil
1734 4478 1764 4515 se

97 4529 296 4596 Orig.lib.vr11,
318 4533 346 4584 in
367 4533 518 4598 Epistulam
542 4535 576 4586 ad
598 4533 698 4596 Rom.;
721 4536 753 4585 D.
773 4535 805 4586 D.
820 4498 1083 4585 HttaDarihthera
1106 4533 1158 4582 uisi
1179 4533 1306 4582 divinum
1327 4531 1518 4583 testimouium
1539 4532 1726 4585 crediderunt.
1752 4553 1766 4582 a

95 4601 151 4664 rias,
163 4603 189 4654 in
202 4605 272 4655 Psoi.
292 4615 402 4666 axxru;
417 4607 545 4668 Basilius,
558 4606 606 4658 lib.
624 4609 899 4669 moechationem:
949 4604 1007 4656 imo
1032 4605 1091 4668 ipse
1116 4603 1258 4668 apostolus
1275 4603 1388 4662 Paulus,
1413 4601 1492 4652 Rom.
1517 4615 1547 4653 ιιι
1568 4609 1596 4654 et
1618 4603 1701 4655 Hahr.
1723 4619 1763 4665 ιιι,

96 4671 226 4726 decasius
251 4677 369 4740 epistola
390 4677 426 4726 uel
453 4676 557 4742 Airie.;
576 4677 692 4738 belini
718 4679 844 4744 epistola,
864 4678 900 4729 od
950 4675 984 4726 ad
1007 4677 1032 4740 D,
1057 4677 1074 4727 e
1101 4679 1128 4726 et
1152 4677 1190 4725 ιδ.
1217 4673 1366 4740 Sapientiae
1382 4673 1446 4723 libri
1475 4687 1536 4738 cap.
1560 4675 1666 4726 alludit.
1695 4676 1765 4728 Haec

97 4743 191 4808 Galles,
218 4747 308 4810 Felix,
328 4747 344 4797 ι
364 4747 481 4812 epistola
502 4747 538 4800 ad
562 4749 591 4797 D.
618 4748 812 4811 Athanasium·
833 4748 899 4814 llpi-
949 4747 1185 4812 pauloproltxius,
1201 4748 1381 4809 proptersos,
1397 4745 1447 4808 qui
1465 4743 1568 4796 librum
1584 4745 1661 4798 huuc
1680 4749 1764 4798 etiam

96 4813 212 4880 phanius,
241 4819 341 4869 llarss.
369 4819 411 4881 re,
434 4824 462 4870 st
479 4819 526 4870 lib.
558 4819 590 4871 de
614 4821 726 4870 Pondsr.
752 4827 775 4870 at
797 4822 899 4884 licus.;
948 4817 1033 4870 bodie
1059 4819 1087 4867 ln
1110 4828 1246 4868 canonem
1271 4815 1477 4880 Scripturarum
1506 4817 1629 4880 recipere
1656 4818 1764 4880 uolunt,

96 4883 211 4940 Damaso.
231 4889 282 4940 lib.
304 4902 343 4950 ιν,
362 4903 422 4954 cap.
448 4891 494 4950 re;
520 4891 613 4954 amb,
634 4895 662 4940 tn
683 4891 753 4942 Psoi.
769 4905 788 4954 r,
801 4897 828 4942 et
850 4891 897 4942 lib.
949 4890 1015 4956 qula
1031 4890 1062 4940 D.
1079 4890 1201 4951 Hieron„
1216 4886 1245 4937 la
1258 4887 1538 4938 canonsludaeorum
1552 4887 1648 4939 haberi
1664 4893 1765 4955 negat3

97 4957 124 5004 de
149 4959 285 5024 saranica,
311 4974 335 5012 c.
365 4961 412 5023 ιι;
440 4965 467 5012 et
494 4961 538 5014 vel
562 4963 620 5028 ipse
642 4963 676 5013 D.
702 4962 900 5027 Hieronymus,
949 4975 1014 5014 cum
1041 4965 1133 5010 tamen
1158 4961 1186 5008 in
1216 4957 1350 5009 Ecclesiae
1377 4971 1483 5008 canona
1509 4963 1672 5010 numeretur
1694 4975 1708 5010 a
1731 4961 1767 5011 D.

97 5029 200 5090 epistota
221 5032 258 5083 ad
279 5031 423 5084 Paulinam
445 5033 477 5083 ds
502 5033 586 5085 instit.
604 5033 640 5098 fil.
668 5033 786 5086 Causam
809 5035 900 5088 reddit
950 5035 1033 5099 Aug,
1066 5030 1187 5083 concilio
1217 5029 1359 5095 carthag,
1391 5030 1571 5092 innocentio,
1597 5030 1707 5082 Gelasio
1741 5035 1769 5084 et

97 5097 124 5150 D.
135 5105 200 5170 Aug.
215 5106 242 5156 in
256 5104 318 5156 haec
330 5105 414 5157 verba
428 5105 476 5156 lib.
491 5119 551 5158 xva
565 5107 596 5157 tle
612 5107 688 5156 Ciuil.
707 5107 762 5164 Del,
776 5121 835 5170 cap.
849 5105 898 5158 so:
950 5103 1063 5166 Isidoro,
1079 5103 1148 5154 locis
1161 5101 1233 5152 intra
1245 5101 1336 5153 citatis
1349 5101 1396 5152 lib.
1416 5102 1479 5152 rese.
1492 5114 1511 5161 1,
1525 5115 1586 5165 cap.
1599 5101 1640 5152 w.

98 5174 172 5224 «liiii
190 5176 245 5226 duo
272 5175 343 5236 libri,
359 5190 478 5241 quorum
492 5190 565 5229 unus
586 5178 735 5242 Sapientia,
751 5178 900 5230 alternare
1496 5175 1628 5236 (Ριιιιιι.)

98 5241 298 5299 Ecclesiasticus
322 5246 438 5310 dicitur,
465 5253 577 5313 propter
604 5249 708 5314 eloquii
737 5249 900 5300 nonnullam
981 5247 1030 5308 lbi)
1055 5246 1154 5310 Raptus
1175 5249 1222 5296 esi.
1244 5244 1314 5296 Vide
1334 5248 1463 5296 sanctum
1487 5246 1686 5312 augustinum,
1705 5261 1767 5314 cap.

98 5313 306 5378 similitudinem,
322 5323 352 5370 ut
370 5319 527 5371 Salomonis
546 5320 675 5372 dicautur
690 5321 811 5372 obtinuit
830 5335 900 5372 con·
950 5321 981 5370 lt
992 5319 1024 5368 de
1040 5317 1272 5369 Praedsstinatione
1285 5317 1454 5368 Sanctorum.

99 5387 213 5440 suetudo.
239 5405 254 5438 ι
282 5389 361 5452 Quod
386 5393 478 5456 ipsum
503 5397 597 5444 tamen
631 5393 724 5443 adhuc
755 5397 901 5444 retractare
982 5391 1032 5454 (68)
1051 5391 1104 5441 Deo
1124 5404 1171 5440 suo
1193 5389 1286 5440 anima
1305 5389 1406 5440 deuota.
1430 5389 1630 5454 Hieronymus,
1650 5391 1679 5442 iu
1704 5393 1768 5442 Dia·

100 5454 196 5510 utetur
215 5461 264 5512 lib.
290 5475 317 5525 u,
340 5475 365 5513 c.
388 5465 423 5513 t:
449 5479 464 5512 a
486 5461 520 5514 Et
543 5467 617 5516 certe
640 5464 733 5515 mallee
755 5467 815 5529 ejus
838 5463 900 5514 libri
951 5463 1008 5526 logo
1032 5461 1161 5512 aduersus
1183 5460 1415 5524 luciferianum
1435 5459 1606 5525 Simplicitas
1628 5463 1719 5514 cordis
1740 5467 1769 5514 et

101 5533 233 5582 aasentias
247 5545 296 5594 vu,
317 5547 365 5586 vra
385 5539 412 5587 et
432 5547 462 5586 ιιι
482 5547 543 5598 cap.
559 5536 610 5586 soli
635 5536 806 5586 conveniunt
823 5535 901 5586 Salo·
950 5533 1047 5585 derota
1061 5534 1120 5584 Deo
1135 5545 1186 5583 suo
1207 5533 1308 5583 anima.
1327 5547 1341 5580 a
1360 5532 1468 5583 Auctor
1486 5531 1617 5597 Epistoiee
1631 5533 1668 5584 ad
1688 5535 1768 5584 Orac·

102 5603 176 5662 moni,
194 5603 305 5656 Titulus
323 5607 404 5656 etiam
429 5605 545 5658 Graecus
569 5611 610 5658 est
632 5607 785 5670 Σοιόμοπος.
808 5605 900 5670 Quare
949 5619 1023 5666 num,
1038 5605 1069 5655 dc
1081 5603 1208 5654 Fereudis
1226 5603 1387 5668 opprobriis,
1409 5602 1484 5655 edita
1501 5604 1554 5655 sub
1571 5605 1682 5656 nomine
1698 5605 1766 5654 ilie-

102 5671 220 5733 probatur
234 5675 303 5726 mibi
320 5677 374 5727 Dn.
389 5677 505 5740 loanais
516 5677 663 5729 Driedonis
683 5679 775 5743 opinio
789 5679 821 5729 de
834 5681 899 5744 Dop.
951 5677 1058 5741 ronymi
1075 5691 1080 5725 :
1098 5693 1112 5724 a
1132 5675 1232 5727 Videat
1248 5688 1314 5741 ergo
1333 5676 1426 5727 aalma
1445 5675 1502 5728 Deo
1521 5675 1620 5727 devota
1641 5688 1677 5726 ue
1698 5677 1766 5725 insi·

103 5739 178 5794 ιιιιει.
200 5745 249 5796 tib.
275 5757 291 5806 ι,
315 5747 459 5800 Philonem
487 5747 566 5798 illum
588 5747 729 5813 Judaeum,
751 5763 834 5815 supra
855 5749 901 5802 too
949 5750 1085 5815 pientiam
1097 5749 1171 5799 risus
1181 5761 1242 5798 sam
1256 5747 1300 5798 val
1316 5747 1464 5801 stultorum
1481 5747 1627 5800 bominum
1647 5745 1766 5798 vanissi-

104 5822 181 5868 tunos
203 5821 269 5872 aute
299 5823 394 5873 uatum
429 5819 582 5887 Christum,
617 5821 789 5892 temporibus
821 5821 900 5878 Ouios
951 5817 1320 5874 musssrmocouiundat.»
