4012 6192
107 295 147 358 til
689 289 788 356 ttoen
810 288 855 354 DE
869 289 983 355 LAUDE
1004 285 1176 352 muman.
1708 291 1761 357 834

106 423 262 492 confidimus,
276 423 379 481 werilo
395 423 499 479 mortui
517 439 578 480 esse
593 423 741 480 debemus.
755 426 823 479 lt'am
844 440 895 482 uec
906 435 1024 508 Amam
1040 426 1120 476 tuem
1141 437 1231 494 ponas
1245 436 1297 476 uec
1314 417 1435 478 fundere
1454 417 1626 494 sanguinem
1646 425 1759 480 metuas

104 519 192 592 poteris
202 523 301 590 optare
315 505 483 591 martyrium
494 518 548 574 nisi
562 521 628 573 ante
642 518 735 574 oderis
749 518 894 584 soeculum,
946 515 1083 587 martyrio
1102 517 1197 570 totum
1212 531 1326 570 necesse
1346 520 1388 570 est
1401 517 1492 572 cedet.
1509 516 1634 588 llertyrii
1651 517 1757 573 intesti-

103 630 144 668 neo
152 612 295 686 pervenire
306 613 341 668 sd
352 611 401 668 llsi
413 611 576 684 premium,
589 611 643 668 uisi
653 611 793 668 amaveris
802 611 895 668 Chris-
944 608 1057 664 mobilis
1070 607 1174 679 glorie,
1188 607 1302 662 infinita
1317 623 1460 678 mensura,
1476 609 1660 666 immaculata
1672 609 1758 666 victo-

102 705 893 774 tum.0uiautemamatChristum,nouamatsaeculum.
944 701 997 770 ria,
1024 701 1233 758 inestimabilis
1259 699 1369 768 titulus,
1393 701 1557 773 triumphus
1582 703 1755 773 immensus3

25 809 26 832 ¹
101 799 209 855 Christus
232 799 310 855 euim
332 799 458 871 abjectus
477 801 520 855 est
541 798 643 854 soeculo
662 798 734 854 sicut
752 795 851 872 802
867 803 895 853 et
944 796 1050 868 quippe
1066 795 1116 868 qui
1129 799 1157 850 et
1169 792 1282 866 propria
1296 792 1584 850 confitentislaude⁷¹
1596 797 1755 869 praelertur,

25 905 26 914 ¹
99 893 217 949 seculum
238 893 361 961 Christo,
385 899 418 948 ut
436 893 574 964 seriptum
596 897 638 948 est
661 892 807 948 :blundus
827 891 895 946 mitt
943 889 1020 944 velut
1031 889 1106 944 socio
1120 887 1225 945 Christi
1238 903 1338 944 cruore
1352 887 1508 943 decoratur.

25 981 26 1024 ἶ
98 985 693 1058 motomest,stepomuadottiolat.,s1,
712 984 893 1054 ll).lt'emini
978 983 1050 1038 XXX.
1071 983 1182 1054 ltaque,
1203 981 1363 1037 charissimi
1382 981 1580 1049 iratres,licet
1598 981 1758 1039 sithocto·

97 1079 208 1134 amabilis
222 1078 279 1134 fuit
297 1079 423 1136 muudus
442 1097 531 1152 quem
551 1081 695 1135 nonanta
716 1077 893 1134 damuaverit
942 1079 1005 1130 tum
1029 1075 1183 1132 Dominices
1205 1075 1399 1148 promissionis
1421 1078 1449 1130 et
1473 1074 1611 1144 muneris,
1635 1076 1756 1148 licetque

96 1171 223 1240 Dominus,
236 1189 289 1229 neo
309 1174 400 1229 saluto
420 1174 514 1246 potuit
531 1173 588 1229 irai
602 1179 711 1230 aterna
724 1172 772 1245 qui
790 1171 892 1227 muudi
944 1170 1084 1225 tribuatur
1103 1187 1135 1226 er
1157 1169 1224 1238 olto,
1245 1185 1299 1224 nec
1320 1168 1448 1241 capiatur
1466 1168 1521 1223 nisi
1542 1169 1604 1240 ojus
1622 1169 1757 1241 imperio,

96 1265 215 1336 gloriatus
230 1271 272 1320 ost
288 1265 353 1322 vita.
370 1267 428 1322 Vox
444 1269 488 1322 est
500 1267 553 1324 ista
566 1266 670 1324 Christi
683 1265 803 1322 dicentis
819 1288 824 1319 :
841 1265 893 1332 Qui
942 1264 992 1320 sed
1013 1279 1065 1319 uec
1083 1266 1133 1318 aut
1151 1268 1247 1318 mente
1265 1261 1375 1334 concipi
1391 1267 1440 1318 eut
1455 1261 1575 1333 exprimi
1591 1263 1692 1332 verbis,
1708 1266 1757 1318 sut

24 1381 25 1426 p
95 1363 118 1414 in
137 1359 178 1413 too
197 1360 294 1414 secato
323 1362 456 1416 amoverit
486 1363 607 1416 unimam
630 1375 723 1422 saum.
745 1363 775 1415 in
795 1361 891 1427 futuro
942 1356 1073 1413 oratioue
1082 1355 1212 1429 percurri
1224 1358 1274 1411 aut
1285 1355 1461 1428 quibuslibet
1471 1356 1642 1428 cloquentiae
1651 1355 1758 1411 viribus

92 1451 170 1522 perdet
181 1452 275 1518 illam
293 1455 341 1523 qui
361 1458 451 1510 aiaton
469 1457 500 1510 tn
513 1454 562 1509 boo
581 1454 679 1510 seculo
696 1454 783 1509 oderit
802 1454 889 1524 illum,
941 1449 1030 1522 possit
1042 1449 1167 1522 impleri,
1179 1454 1278 1505 muron
1291 1449 1345 1504 erit
1361 1449 1415 1504 hoc
1426 1447 1754 1518 benevolentioescstrae,

94 1547 117 1598 ia
134 1547 224 1611 dataro
248 1548 365 1602 iaceam
382 1561 440 1602 cem
454 1547 573 1618 (Mutet,
589 1565 616 1615 x,
632 1545 687 1617 39).
703 1546 758 1603 Sed
775 1553 804 1602 et
817 1563 889 1620 apo·
942 1548 996 1602 erit
1017 1544 1161 1603 charitatis
1185 1549 1214 1602 et
1235 1546 1351 1615 amoris,
1372 1546 1396 1602 si
1416 1546 1562 1602 volueritis
1583 1547 1672 1602 nostri
1691 1563 1753 1602 rne-

93 1639 166 1694 stolus
186 1640 290 1696 Paulus
308 1657 315 1694 :
333 1643 494 1710 lms‘tatores,
513 1639 618 1712 inquit,
632 1643 685 1697 met
707 1645 797 1710 estote,
821 1643 891 1696 sicut
942 1657 1036 1696 mores
1056 1657 1117 1696 csse
1135 1657 1202 1696 cum
1221 1639 1344 1696 iurabis
1360 1639 1493 1696 Dominus
1511 1640 1680 1712 martyrium
1698 1657 1754 1697 oue·

92 1735 111 1785 et
125 1748 165 1800 epo
184 1732 285 1790 Christi
303 1733 324 1806 (l
338 1735 410 1798 Cor..
431 1750 469 1802 er,
490 1733 526 1804 l).
547 1735 582 1790 Et
601 1733 704 1790 alibi²⁰
722 1733 804 1805 ipsc:
825 1735 891 1792 l'oto
941 1733 1014 1806 perit
1032 1734 1185 1792 honorare.
1208 1735 1259 1790 Vos
1276 1735 1350 1790 intra
1367 1749 1397 1790 se
1419 1738 1550 1790 sanctum
1566 1733 1636 1789 illud
1655 1735 1752 1803 altare,

92 1841 129 1880 uos
146 1841 240 1894 omno,
258 1827 314 1896 ait,
337 1828 438 1897 sitien
458 1831 557 1898 potest,
579 1829 729 1884 imitatores
746 1842 816 1884 meos
837 1799 989 1884 esseros
1007 1827 1083 1884 intre
1102 1843 1131 1884 se
1152 1843 1255 1900 magna
1274 1827 1321 1883 illa
1343 1827 1496 1882 venerandi
1519 1827 1642 1882 nominis
1661 1827 1752 1895 sedes,

93 1919 109 1990 il
122 1917 185 1982 cor„
198 1935 249 1988 vu,
265 1919 304 1992 7).
940 1920 1027 1977 veluti
1048 1921 1112 1976 sinu
1135 1921 1257 1992 quodam
1281 1919 1386 1992 gremii
1409 1919 1609 1992 amplectentis
1624 1919 1753 1989 includit,

119 2013 198 2068 XXlX.
217 2012 296 2069 llisit
320 2013 374 2069 hoc
395 2013 445 2069 ille
466 2014 516 2086 qui
541 2030 640 2088 passus
662 2016 755 2069 estet
779 2013 827 2086 qui
855 2015 890 2070 ad
939 2030 990 2070 vos
1011 2014 1133 2086 imperis
1153 2014 1286 2086 perennis
1309 2013 1446 2085 temporis
1468 2012 1620 2082 sustinent,
1636 2019 1664 2068 ct
1684 2013 1752 2070 illud

91 2105 134 2160 hoc
149 2123 244 2178 passus
261 2110 304 2162 est
321 2113 355 2162 ut
375 2106 541 2164 imitaretur
561 2107 723 2176 Dominum,
744 2108 842 2179 utique
862 2111 891 2163 et
940 2124 996 2180 quo
1015 2107 1164 2180 regnaturi
1185 2123 1301 2179 semper
1321 2107 1389 2162 estis
1408 2122 1580 2177 semperque
1602 2107 1711 2162 victuri.
1732 2107 1754 2162 0

92 2215 132 2253 uos
150 2201 184 2254 ad
203 2200 260 2256 hoe
279 2200 370 2256 voluit
391 2201 449 2272 pati
467 2206 501 2256 ut
520 2217 572 2274 per
592 2201 688 2273 ipsum
710 2200 892 2258 imitaremur
939 2201 1016 2258 beati
1042 2205 1071 2258 et
1096 2201 1201 2273 quibus
1227 2217 1290 2257 esre
1318 2199 1437 2256 dimissa
1466 2203 1533 2254 sunt
1565 2204 1699 2272 peccate,
1731 2201 1754 2256 si

91 2292 230 2349 Christum.
252 2293 281 2350 Si
297 2293 391 2365 justus
410 2310 442 2348 es
462 2297 492 2348 et
507 2294 566 2350 Deo
588 2293 690 2361 credis,
706 2294 775 2366 quid
790 2310 842 2366 pro
857 2311 890 2351 eo
939 2300 1037 2351 tamen
1059 2294 1108 2367 qui
1129 2294 1233 2352 Christi
1253 2309 1402 2366 compares
1422 2292 1500 2361 estis,
1518 2293 1673 2365 aliquando
1691 2309 1755 2367 pec-

91 2385 246 2457 sanguinem
261 2385 383 2442 tundere
399 2387 503 2442 metuis
517 2402 602 2458 quem
623 2403 674 2460 pro
687 2391 715 2442 te
731 2387 814 2444 toties
829 2404 890 2460 pas-
940 2388 1034 2444 castis.
1063 2389 1085 2444 0
1111 2387 1188 2444 beati
1213 2403 1286 2460 quos
1310 2403 1327 2442 a
1350 2385 1507 2458 primordio
1531 2384 1628 2461 803
1653 2387 1754 2444 mundi

91 2495 142 2532 sum
155 2495 213 2535 esse
234 2477 407 2552 cognoscis?
424 2481 456 2535 lu
475 2481 545 2536 lsaia
560 2485 661 2550 sectus,
683 2481 713 2537 iu
730 2482 799 2538 abel
816 2483 888 2538 occi·
939 2481 1050 2538 [lomim
1073 2480 1192 2552 sangaris
1215 2480 1324 2548 intecit,
1345 2485 1373 2536 et
1399 2495 1470 2551 quos
1495 2481 1596 2536 merito
1618 2481 1754 2551 splendor

22 2561 23 2570 ’
91 2587 137 2640 sus,
154 2571 181 2628 in
196 2574 276 2628 lseao
291 2572 467 2643 immolatus,
484 2573 632 2645 inJossph
649 2575 839 2640 venundatus,
859 2577 888 2631 in
940 2575 993 2630 iste
1015 2574 1092 2630 nivei
1113 2573 1234 2630 amictus
1255 2573 1392 2642 induerit,
1415 2575 1444 2628 et
1464 2573 1570 2629 candor
1593 2575 1672 2628 stolae
1695 2591 1755 2630 am·

90 2665 194 2721 homins
213 2665 366 2722 cmdfixus
386 2672 436 2722 est.
456 2669 502 2734 lit,
523 2666 557 2722 de
577 2667 689 2724 caeteris
708 2668 825 2741 quidem
847 2673 888 2724 ta·
939 2667 1044 2724 biantis
1072 2667 1188 2724 ornarit.
1217 2667 1320 2724 Videor
1346 2665 1472 2737 denique
1498 2667 1559 2738 ipse
1592 2667 1664 2722 mihi
1693 2667 1755 2738 jam

91 2774 140 2828 ceo,
153 2775 214 2831 quac
228 2776 283 2815 nec
301 2760 391 2815 oratio
411 2761 505 2832 potest
519 2759 614 2818 dicere
632 2777 685 2817 nec
700 2761 813 2818 animus
827 2779 888 2818 sus·
939 2777 1054 2818 cernere
1070 2777 1180 2834 proque
1201 2759 1318 2818 arbitrio
1337 2759 1441 2816 mentis
1457 2760 1592 2815 humanas
1605 2765 1670 2816 aute
1685 2776 1753 2816 ocu·

90 2851 179 2908 tinere.
203 2853 332 2908 Vincitur
355 2853 527 2910 conscientia
549 2853 717 2910 humilitatis
739 2857 888 2928 exemplo;
939 2856 980 2910 los
1007 2860 1035 2910 et
1064 2857 1210 2927 aspectum
1235 2853 1365 2909 divium
1390 2853 1461 2910 illud
1486 2853 1557 2908 mihi
1586 2858 1615 2908 at
1640 2853 1754 2925 insigne

91 2946 228 3017 siquando
242 2945 404 3002 considerat
414 2962 478 3018 quse
488 2947 557 3003 dum
568 2951 716 3020 peteretur
724 2949 888 3020 acciderint,
939 2949 1098 3015 concurrit;
1112 2947 1220 3016 videor,
1233 2947 1363 3020 iuquam,
1376 2945 1447 3002 mihi
1456 2947 1517 3018 jam
1530 2962 1648 3002 cernere
1661 2952 1694 3002 ut
1705 2947 1753 3004 ille

90 3037 195 3095 miratur
208 3055 325 3112 possum
344 3043 464 3112 propter
483 3057 568 3114 quem
588 3045 690 3098 cuncta
706 3042 888 3116 trepidarint.
939 3058 1004 3098 vere
1025 3039 1132 3097 nobilis
1152 3057 1289 3098 uumerus
1307 3039 1410 3098 Christi
1432 3039 1477 3096 sui
1499 3041 1619 3114 gloriam
1641 3040 1753 3114 iterque

90 3132 143 3188 llies
158 3133 232 3206 logit
251 3134 283 3189 in
303 3137 431 3204 noctem,
447 3134 477 3190 in
493 3134 626 3191 tenebras
640 3135 688 3191 lux
703 3139 805 3193 cuncta
820 3153 925 3237 con-(s
939 3136 1103 3192 comitatur.
1128 3135 1181 3191 lbit
1203 3139 1272 3191 ente
1292 3135 1421 3206 orosius
1444 3134 1513 3190 felix
1536 3137 1648 3192 caterva
1670 3135 1755 3192 victo-

89 3226 168 3294 eessit,
185 3231 275 3299 atque
295 3226 430 3284 inclinato
451 3245 504 3300 per
518 3229 640 3285 alternas
656 3229 731 3285 vices
750 3230 887 3302 pondere,
914 3211 1004 3285 'rom
1015 3230 1050 3298 ⁷⁸,
1066 3235 1095 3284 ci
1108 3245 1137 3286 se
1150 3227 1335 3284 densantibus
1352 3225 1450 3302 804
1469 3228 1580 3299 turmis,
1595 3229 1673 3286 velut
1687 3229 1754 3286 solis

89 3321 168 3375 omnis
196 3327 277 3378 terra
305 3327 449 3378 commota
472 3321 609 3391 dissiluit,
639 3319 746 3380 turbati
779 3339 888 3394 manes,
939 3329 1040 3379 exortu
1061 3326 1152 3380 totum
1174 3322 1366 3378 illuminatum
1382 3336 1488 3394 agmen
1509 3323 1615 3379 inierat
1634 3324 1754 3394 potesta·

89 3417 266 3471 monomenta
285 3415 394 3472 nardulo
416 3420 492 3485 suut,
516 3418 545 3470 et
565 3415 703 3488 sepulcris
725 3417 754 3472 in
775 3417 888 3473 hiatum
938 3421 1008 3473 tem.
1030 3417 1063 3471 tlt
1079 3415 1188 3472 utinam
1203 3431 1255 3486 per
1270 3414 1382 3486 abjecto
1397 3414 1468 3470 mihi
1483 3413 1557 3470 istud
1576 3414 1674 3471 videre
1688 3432 1754 3471 cou-

89 3505 289 3564 dehisoentibas
307 3511 403 3577 terrm
425 3508 537 3566 redditu
558 3508 614 3564 luci
636 3525 754 3582 corpora
777 3510 888 3566 restite·
939 3509 1049 3582 liugetl
1075 3510 1132 3567 Sed
1158 3508 1214 3565 hoc
1239 3509 1374 3564 Dominus
1401 3507 1507 3579 poterit
1534 3508 1648 3564 elllccro
1675 3508 1751 3580 qaod

88 3607 145 3656 root
156 3603 189 3673 ²¹,
210 3603 291 3658 iluxu
314 3602 463 3675 sanguinis
480 3601 607 3658 mundus
625 3602 783 3671 intremuit,
804 3604 891 3662 scisso
939 3603 1018 3660 vobis
1032 3603 1194 3675 petentibus
1207 3602 1333 3658 creditur
1347 3617 1406 3658 uon
1420 3617 1537 3674 negare.

89 3707 143 3763 que
154 3696 265 3752 loribus
278 3695 480 3768 dependebant
489 3695 561 3763 sela,
575 3696 717 3769 templum
730 3713 817 3754 omne
830 3715 892 3754 ma·
975 3699 1023 3754 llis
1037 3699 1071 3753 D.
1086 3696 1221 3768 Cypriani
1238 3697 1362 3768 operibus
1376 3695 1466 3752 dubiis
1484 3697 1515 3750 s‘n
1534 3696 1650 3752 editione
1669 3697 1752 3754 aota-

88 3786 141 3856 giit.
154 3789 234 3844 Unde
246 3805 384 3860 maguum
399 3788 636 3845 estimitarieum
649 3790 889 3862 quimorieudo⁷¹
939 3793 1020 3846 &aaa
1037 3789 1169 3862 subjectas
1186 3791 1330 3860 caumatum
1351 3791 1482 3859 anoopms’
1498 3790 1532 3844 dc
1552 3789 1755 3860 lteboptismate

88 3881 726 3955 argaitsaeculom.lgitur,cumadexcmplum
737 3884 890 3942 [lominica
940 3885 1056 3949 libellus,
1070 3899 1148 3956 qaam
1166 3885 1356 3956 oppmtunioss'
1377 3883 1432 3938 loco
1450 3883 1480 3938 tn
1504 3887 1572 3938 tomo
1592 3883 1755 3952 precedenti

87 3973 213 4044 potonis
230 3980 319 4048 atque
337 3975 374 4032 ad
394 3991 480 4032 omna
494 3975 691 4034 testimonium
709 3977 812 4036 Christi
828 3980 888 4036 eni·
939 3980 1116 4036 inseruimus.

761 4102 866 4170 Variae
893 4103 1063 4170 lectiones.

111 4221 183 4277 ug„
199 4227 272 4280 mm.
285 4222 361 4277 litor.
374 4227 430 4280 Cin.
446 4228 499 4282 ΝΟ.
519 4228 541 4278 l.
590 4223 811 4282 ”Constiterant
822 4229 899 4282 Oros.
924 4243 963 4282 ss.
981 4227 1055 4280 codd.
1066 4231 1138 4282 mm.
1154 4227 1229 4282 libor.
1244 4229 1298 4286 Nu.
1313 4231 1336 4281 t.
1351 4229 1430 4294 liupr.
1443 4225 1630 4281 restituerunt.
1679 4221 1700 4261 ⁷¹
1711 4227 1753 4278 Sic

88 4297 150 4346 lum.
163 4297 240 4347 libor.
258 4299 312 4352 NG.
328 4299 349 4349 l.
361 4299 440 4364 impr.
457 4297 549 4351 Scissa
563 4312 625 4365 quse
643 4300 749 4352 loribus
764 4299 957 4367 dependebant
966 4301 1037 4363 vela,
1059 4300 1194 4366 templum
1215 4314 1299 4354 omne
1322 4300 1422 4366 mugiit
1437 4316 1443 4351 ε
1458 4301 1509 4368 qut
1532 4297 1684 4352 moriendo.
1731 4295 1753 4335 ⁷³

87 4363 265 4420 Consistentls
278 4371 349 4420 mm.
364 4369 439 4420 litor.
450 4371 506 4422 bia.
520 4372 574 4426 NG·
587 4371 611 4422 l.
643 4369 664 4406 ²⁴
675 4371 718 4423 sa
729 4374 803 4424 lem.
818 4371 898 4440 impr.
913 4370 1056 4424 vivorum.
