3986 6208
246 244 297 299 m
703 239 1470 304 smmfflwfflwmffi.
1641 329 1644 340 .
1850 253 1892 305 m

139 419 141 429 ,
248 369 299 423 LII.
315 367 448 424 Credeudi
461 368 502 420 vel
521 382 576 421 non
593 365 721 423 credendi
739 368 888 424 libertatem
901 371 932 424 iu
944 370 1060 432 arbitrio
1071 378 1100 451 Α
1110 367 1240 422 LXXXIV.
1251 369 1314 425 Nan
1325 366 1479 422 vellendum
1490 374 1522 420 ⁸¹.

282 463 410 532 positam.
1110 461 1225 516 LXXXV.
1249 461 1420 531 suspendam
1450 475 1511 516 cum
1543 461 1678 531 episcopus
1705 466 1750 517 aut
1776 464 1896 533 multator
1965 493 1966 504 κ

249 555 315 610 LIII.
331 555 382 608 Ilei
395 569 498 608 arcana
513 556 631 625 perspici
649 571 703 610 non
719 571 805 625 posse,
822 560 847 611 et
865 556 964 612 idcirco
981 557 1060 627 {Idem
1144 556 1245 611 ueniat.
1965 559 1966 562 ’

283 652 404 703 nostram
416 648 562 718 simplicem
575 662 628 703 esse
642 649 743 704 deine.
1110 649 1239 704 LXXXVI.
1262 647 1382 703 secema
1408 663 1462 704 non
1488 647 1662 716 fodendum
1684 651 1783 704 etiamsi
1801 652 1827 704 in
1850 667 1897 707 una

248 741 311 796 LIV.
326 744 464 800 Neminem
476 744 533 796 sine
546 742 624 796 sorde
636 747 662 796 et
675 743 732 798 sine
744 748 853 814 peccato
866 759 930 800 esse.
1144 743 1196 811 ide
1229 747 1254 797 et
1273 744 1303 796 in
1326 741 1419 797 eadem
1441 741 1589 798 traditione
1604 747 1760 812 pannoneat
1780 746 1823 812 qni
1842 759 1898 800 rece-

248 837 301 892 LV.
319 838 379 894 Non
390 836 550 898 dominibus,
564 835 610 890 sed
624 839 686 902 lico,
699 838 871 906 placendum.
1146 835 1197 892 dit.

248 929 313 986 LVI.
329 931 413 984 Deum
427 928 497 983 niIii
512 930 595 984 latere
608 945 641 984 ecc
652 931 694 985 lais
707 946 767 1000 quse
781 936 923 1000 petuntur.
1110 929 1254 985 LXXXVII.
1281 929 1384 986 Fu'deles
1403 930 1536 1001 simplices
1556 945 1616 985 cum
1634 930 1778 1000 prudentia
1795 945 1842 987 esse
1860 933 1897 988 de-

250 1025 328 1079 LVII.
340 1024 460 1086 ¹Fidelem
473 1025 610 1079 ernendart
624 1030 649 1078 et
662 1026 804 1079 resecutsri.
1146 1024 1214 1079 lere.

250 1118 338 1173 LVIII.
359 1118 498 1174 Neminem
523 1121 680 1172 contristari
704 1122 787 1172 morte
813 1115 915 1184 aecae,
940 1133 1000 1172 cum
1024 1120 1061 1173 sit
1110 1116 1265 1172 IXXXVIII.
1280 1119 1402 1172 Fratrem
1414 1132 1469 1172 non
1480 1117 1751 1173 mrcumueniandum.

285 1214 315 1266 in
330 1213 443 1266 uiuendo
458 1211 534 1266 labar
554 1215 579 1266 et
595 1211 758 1280 periculum,
777 1213 805 1264 in
823 1211 960 1266 moriendo
973 1209 1062 1281 ”pau
1111 1211 1237 1265 LXXXIX.
1253 1210 1345 1266 Subito
1359 1213 1448 1267 uenire
1461 1213 1540 1280 duan
1551 1211 1657 1266 mundi.

287 1309 312 1359 et
323 1304 482 1373 resumendi
493 1306 621 1359 securitas
629 1303 659 1357 ⁷⁸.
1110 1303 1161 1359 XC.
1186 1307 1299 1359 Umorem
1319 1320 1336 1357 a
1357 1306 1416 1359 uiro
1434 1319 1490 1358 non
1511 1305 1644 1368 recedere,
1666 1310 1715 1360 out
1733 1307 1756 1358 si
1775 1311 1899 1368 recesserit,

251 1397 313 1453 LIX.
328 1401 366 1452 De
378 1397 457 1452 idolis
469 1412 528 1467 qun
540 1397 651 1466 pentiles
664 1396 725 1450 deos
735 1401 848 1467 putant.
1146 1401 1291 1469 innuptam
1303 1413 1412 1453 manem
1423 1395 1454 1451 ⁸¹.

251 1491 303 1546 LX.
321 1490 445 1546 Cibotum
464 1492 576 1544 nimiam
595 1491 838 1560 concupiscentiam
856 1507 910 1546 non
929 1497 1060 1561 appeten·
1111 1492 1173 1548 XCI.
1197 1495 1315 1547 Tantam
1334 1506 1550 1562 unumquemque
1569 1495 1674 1547 tentam
1690 1497 1817 1562 quantum
1830 1499 1902 1563 potest

285 1585 358 1638 darn.
1146 1588 1285 1641 sustinere.

250 1678 313 1733 LXI.
332 1677 493 1732 Possidendi
512 1679 752 1747 concupiscentiam
773 1684 798 1733 et
816 1680 958 1748 pecuniam
977 1693 1030 1734 non
1041 1676 1062 1712 ⁷⁸
1112 1678 1186 1733 XCII.
1200 1680 1261 1735 Non
1274 1679 1410 1748 quidquid
1426 1679 1487 1734 licet
1501 1693 1555 1734 esse
1567 1679 1736 1747 facundum.

284 1771 473 1841 appetendam.
1073 1747 1101 1818 Β
1112 1771 1199 1828 XCIII.
1214 1773 1378 1828 Prudictum
1391 1772 1464 1843 quod
1476 1772 1585 1828 Itaerescs
1597 1773 1702 1840 tuturos
1714 1777 1806 1828 essent.

251 1861 348 1936 726
368 1863 443 1918 LXII.
459 1865 663 1918 Matrimonium
682 1879 741 1919 cnm
760 1865 904 1934 pentilibus
923 1881 976 1920 non
990 1867 1061 1933 jun·
1111 1866 1196 1922 XCIV.
1219 1866 1286 1922 Cum
1307 1869 1399 1922 timore
1417 1873 1442 1921 et
1461 1867 1559 1922 honore
1578 1867 1777 1924 Eucharistiam
1793 1869 1905 1938 acdpim

286 1957 411 2026 pandum.
1147 1961 1221 2015 dam.

250 2052 343 2106 LXIII.
357 2049 444 2106 Graue
454 2047 477 2084 ⁷⁸
488 2050 617 2106 delictum
630 2065 684 2106 esse
694 2053 893 2118 (amicationis.
1113 2051 1206 2126 727
1237 2053 1311 2109 XCV.
1335 2055 1416 2110 Bonis
1441 2054 1635 2110 convisendum
1659 2056 1698 2119 ⁸⁸,
1725 2055 1806 2110 malos
1831 2058 1905 2110 autern

252 2143 340 2200 LXIV.
364 2145 426 2210 Ques
447 2145 503 2198 sint
527 2145 653 2198 carnalia
677 2160 737 2214 qua
762 2149 874 2200 mortem
893 2145 1016 2217 pariant,
1038 2154 1063 2203 et
1147 2147 1285 2202 alturidos.

287 2253 346 2307 quoe
359 2237 499 2308 spiritalia
512 2252 572 2306 quoe
586 2237 623 2292 ad
636 2240 721 2292 uitam
734 2239 835 2292 ducant
848 2237 878 2293 ²⁸.
1112 2240 1196 2296 XCVI.
1212 2243 1312 2310 Fectio,
1325 2242 1490 2308 recusabis,
1505 2242 1674 2312 operandum
1682 2239 1714 2298 ⁸⁸.

251 2333 324 2386 LXV.
337 2332 434 2388 Omnia
447 2329 546 2385 delicta
558 2332 588 2384 in
604 2331 736 2401 baptismo
750 2331 859 2401 deponi.
1113 2337 1274 2393 XCVII.Ad
1288 2337 1368 2407 fidem
1388 2342 1414 2393 et
1435 2338 1473 2393 ad
1493 2339 1708 2394 consecutionem
1727 2338 1908 2410 properantium
1965 2403 1966 2416 χ

250 2425 336 2480 LXVI.
362 2424 540 2494 Disciplinam
572 2426 622 2479 Dei
652 2427 681 2478 in
712 2425 895 2482 ecciesiasticis
922 2429 1063 2499 preceptis
1148 2437 1244 2486 ceseii.

286 2518 489 2574 obsmuondam.
1112 2525 1218 2582 XCVIII.
1234 2525 1456 2582 catechumenum
1465 2541 1575 2598 peccare
1582 2528 1646 2597 jam
1658 2525 1681 2562 ⁸⁷
1692 2543 1747 2583 non
1761 2528 1855 2582 moen.

250 2613 350 2668 LXVII.
366 2612 528 2666 Preedictum
543 2611 616 2682 quod
631 2611 803 2682 disciplinam
821 2628 918 2668 sanam
932 2629 1062 2684 aspema-
1113 2619 1200 2674 XCIX.
1210 2619 1347 2674 Iudicium
1361 2621 1507 2675 secundum
1522 2626 1643 2690 tanpora
1659 2623 1795 2689 laturum,
1811 2621 1908 2690 equita·

287 2707 343 2760 turi
356 2710 450 2760 essent.
1149 2715 1183 2767 tic
1197 2719 1260 2768 etate
1274 2715 1378 2782 Mean,
1393 2714 1437 2768 oet
1448 2715 1526 2782 Lupis
1537 2719 1599 2785 post
1609 2717 1731 2784 naason.

243 2789 360 2854 vant.
376 2798 562 2854 decedendum
573 2798 608 2853 ab
622 2813 651 2853 eo
664 2801 714 2868 qui
728 2799 884 2855 inordinate
895 2797 917 2833 ⁷²
930 2807 955 2856 et
969 2805 1063 2857 contro
1112 2808 1142 2863 c.
1158 2807 1280 2864 Gratiam
1292 2808 1341 2860 Iiei
1354 2809 1503 2876 pratuitum
1517 2822 1571 2863 esse
1585 2807 1690 2863 debus.

287 2893 460 2964 disciplinam
471 2893 555 2946 uiuat.
1114 2899 1154 2954 CI.
1178 2900 1446 2983 spirtumsancmm
1477 2901 1506 2954 in
1539 2903 1600 2971 ione
1620 2903 1781 2973 frequenter
1799 2902 1819 2938 ¹¹
1837 2913 1909 2970 appa-

252 2987 334 3042 LXIX.
348 2988 410 3045 Nou
422 2988 451 3040 in
467 2988 605 3054 sapientia
621 2985 719 3040 mundi
731 3001 777 3041 nee
797 2989 827 3041 in
845 2989 998 3058 eloquentia
1010 3003 1063 3046 esse
1147 2985 1243 3026 ΜΝ·

286 3095 401 3150 aequum
415 3081 472 3144 Dei,
490 3079 537 3134 sed
557 3081 587 3133 in
606 3079 756 3148 fidecensis
770 3087 796 3134 et
809 3082 909 3138 uirtute
927 3065 1167 3188 conuerso-Cffll·
1197 3063 1396 3134 CWP‘I'OVVVI
1419 3064 1498 3120 ⁶⁰I²⁰³
1517 3081 1637 3136 VV⁰³VV0
1656 3066 1678 3102 ⁸
1698 3068 1810 3123 libentii
1832 3065 1910 3120 uuum
1965 3103 1966 3106 ¹

286 3177 376 3230 pionis·
1149 3157 1252 3214 debere.
1965 3167 1966 3176 ¹

252 3271 329 3325 LXX.
345 3268 506 3323 Parentibus
519 3266 726 3336 obsequendum.
1114 3261 1177 3317 CIII.
1190 3260 1216 3315 A
1227 3261 1445 3330 multiloquentia
1461 3261 1675 3331 temperandum.

253 3363 334 3418 LXXI.
362 3365 456 3417 Patres
480 3373 585 3431 quaque
611 3371 720 3427 asperos
746 3362 819 3416 circa
843 3363 912 3430 ilios
935 3377 988 3419 esse
1011 3379 1064 3420 nan
1116 3361 1178 3418 CIV.
1198 3367 1259 3423 Non
1273 3364 1467 3420 mentiendum.

288 3459 432 3526 Wlffl-
1115 3466 1167 3521 CV.
1190 3467 1352 3535 mequomo·
1375 3466 1556 3521 emendandos
1579 3467 1628 3536 qui
1647 3467 1810 3538 deliusquunt
1826 3469 1853 3521 in
1873 3465 1911 3518 do·
1965 3439 1966 3450 ἵ

253 3552 351 3607 LXXII.
369 3549 464 3604 Seroos
477 3563 538 3602 cnm
550 3546 723 3614 crediderint,
736 3547 800 3617 plus
814 3548 931 3604 dominis
943 3551 1063 3604 carnali·
1149 3562 1256 3615 messano
1268 3561 1429 3615 monasterio,

289 3647 335 3700 ωδ
349 3645 448 3698 servire
461 3641 564 3696 ΜΕΝ·
1115 3661 1181 3716 CVI.
1194 3662 1304 3730 Injuria
1315 3666 1423 3732 accepta
1434 3663 1597 3732 patientiam
1609 3663 1632 3699 ⁰⁰
1646 3665 1801 3729 tenendam,
1814 3669 1837 3718 et
1849 3663 1913 3716 uitio·
1965 3695 1966 3698 η

253 3739 359 3794 LXXIII.
373 3739 441 3791 Item
454 3735 572 3790 dominos
584 3735 703 3788 mitiores
717 3747 772 3787 esse
785 3734 888 3789 delere.
1150 3769 1209 3810 „em
1221 3756 1274 3810 Deo
1287 3755 1501 3825 relinquendam·

253 3832 360 3888 LXXIV.
377 3829 482 3886 Viduas
493 3828 622 3898 probatas
637 3841 756 3896 quasque
770 3827 950 3884 honorandas.
1114 3848 1191 3904 GVH·
1207 3851 1268 3906 No„
1282 3847 1490 3904 detrahendum·

252 3926 348 3983 LXXV.
377 3923 510 3984 Sacrum,
537 3926 562 3976 et
587 3922 704 3974 mammo
727 3919 863 3989 fidelium,
891 3937 983 3976 euram
1002 3923 1066 3992 plus

288 4031 503 4087 unumquemque
514 4015 612 4070 labem
624 4013 725 4068 debere.

252 4113 363 4168 LXXVI.
379 4109 506 4178 lisciacum
520 4113 589 4162 natu
601 4122 653 4160 non
667 4111 761 4161 temam
776 4108 968 4162 accusandum.

253 4205 371 4262 LXXVII.
385 4205 541 4258 Peccantem
551 4200 659 4270 publice
671 4199 882 4268 obiurpaadum.
1311 4261 1316 4273 ·
1630 4263 1635 4274 Ι
1652 4264 1656 4274 1

253 4297 384 4354 LxxvflL
399 4294 464 4350 (jum
476 4294 606 4348 hereticis
618 4307 671 4346 720„
690 4291 859 4362 loquendum·
1116 4257 1179 4315 CXI.
1194 4260 1334 4330 Sacrificio
1348 4260 1480 4315 maiorum
1493 4261 1674 4331 acceptabilia
1688 4277 1741 4317 non
1755 4277 1816 4317 esse.

252 4390 359 4445 LXXIX.
374 4381 715 4454 Innocmpiamnfidmer
728 4390 817 4456 petere
830 4391 854 4440 ει
867 4388 1021 4456 impetrare·
1118 4360 1192 4416 CXII.
1217 4362 1333 4418 Grauius
1353 4363 1480 4430 judicari
1505 4362 1539 4417 de
1566 4361 1607 4418 lis
1634 4367 1683 4434 qui
1706 4367 1735 4418 in
1756 4363 1846 4420 sucula
1862 4360 1913 4432 plus
1965 4425 1966 4474 ἶ

253 4454 1460 4548 cmmmwmmmmmfflmmmm

287 4578 450 4650 permiserit.
1118 4556 1204 4612 CXIII.
1222 4557 1327 4614 Viduas
1337 4555 1358 4590 ⁹¹
1369 4561 1394 4613 et
1404 4559 1525 4628 pupillos
1534 4561 1644 4630 pratepi
1655 4565 1786 4630 oportere.

253 4671 358 4728 LXXXI.
372 4667 518 4724 Mercedem
530 4663 551 4698 ⁸⁰
565 4667 727 4721 mercenario
741 4666 793 4720 cita
802 4664 980 4720 reddendam.
1116 4659 1202 4714 CXIV.
1227 4661 1297 4714 Dum
1315 4663 1345 4715 in
1363 4675 1442 4716 carne
1461 4667 1501 4716 est
1518 4665 1594 4731 quis,
1618 4665 1821 4732 Itoanalopesin
1841 4662 1913 4727 tacere
1965 4631 1966 4636 ἵ

252 4766 371 4821 LXXXII.
385 4767 445 4822 IVon
461 4759 663 4832 aupurandum.
1152 4751 1256 4808 debere.

253 4859 383 4914 LXXXIII.
401 4857 508 4913 Circum
519 4853 540 4893 ⁸¹
553 4857 583 4908 in
596 4855 686 4925 cupite
700 4867 753 4908 nou
765 4853 927 4908 labendum.
1116 4854 1189 4908 CXV.
1203 4855 1398 4911 Adulationem
1407 4859 1587 4926 perniciosam
1600 4872 1664 4913 esse.

1114 3949 1203 4005 CVIII.
1216 3953 1276 4008 IVon
1290 3965 1344 4007 esse
1353 3953 1480 4021 proaimo
1492 3952 1691 4009 insidiandum.

1116 4051 1181 4108 CIX.
1195 4055 1315 4123 Infirmos
1330 4055 1489 4110 unitandae.

1116 4155 1168 4210 CX.
1185 4155 1348 4212 Staurrones
1361 4155 1381 4195 ⁹¹
1394 4157 1551 4213 maledictos
1564 4173 1627 4214 esse.

940 5053 1045 5118 Varia
1064 5055 1234 5120 lectiones.
1965 5043 1966 5120 ἱ

283 5205 303 5238 ⁷¹
322 5203 503 5256 Inmoriondo
518 5208 610 5255 autom
627 5203 754 5256 LamIVC.
770 5203 791 5251 I.
809 5200 907 5250 liudi.
922 5201 994 5251 Cori.
1027 5201 1089 5252 ⁷³In
1104 5203 1271 5268 resurgendo
1290 5203 1423 5256 secuntus
1441 5203 1503 5254 soa.
1523 5203 1547 5254 ἲ.
1580 5202 1602 5237 ⁷⁴
1619 5202 1825 5256 Admtttonoun
1854 5205 1913 5252 Laut.
1965 5187 1966 5230 I

253 5279 345 5331 Not.
363 5280 463 5329 lindi.
496 5281 518 5314 ⁷⁵
535 5277 653 5330 Gravius
665 5278 730 5330 Bod.
747 5279 769 5337 t,
785 5277 809 5339 2,
820 5275 1117 5335 3,I.Fornicariiam
1135 5274 1338 5330 .VC.I.Iicd.2.
1371 5272 1794 5337 ⁷⁸Ducentsempilcrnsmiin.
1823 5269 1915 5320 VInor·
1965 5247 1966 5340 I

253 5349 347 5399 dinato
362 5348 505 5412 arabsque
518 5348 664 5412 disciplina
676 5349 731 5396 LIn.
745 5343 903 5395 Inordinate
916 5347 1079 5399 vodiiCorb.
1099 5346 1201 5398 Contra
1225 5345 1407 5409 disciplinam
1430 5345 1481 5396 Dei
1506 5344 1647 5396 LarmIVC.
1667 5345 1690 5394 I.
1733 5343 1755 5378 ⁷⁸
1776 5343 1916 5406 Nouapor·
1965 5371 1966 5414 p

253 5419 390 5467 tecoLam.
412 5418 577 5470 LinNCI.
605 5416 742 5467 satit.
806 5413 1267 5470 ⁷⁹InnocentcmIIdeIItecNC.I.
1313 5415 1569 5476 *marcomania
1590 5415 1645 5465 Lc'n.
1709 5413 1912 5465 nostrumnon
1965 5423 1966 5460 ;

254 5488 415 5538 habendum
430 5488 498 5536 Lam.
518 5489 572 5536 Lin.
588 5489 641 5540 NG.
656 5489 678 5538 I.
696 5485 790 5542 comt,
805 5487 830 5546 Ω,
846 5492 859 5540 t
877 5491 938 5540 TIa.
956 5488 1034 5538 Cas-l.
1067 5487 1203 5538 ⁸¹I³IIIum
1220 5487 1284 5538 Bod.
1301 5488 1322 5536 I.
1340 5484 1360 5519 ⁸³
1375 5487 1522 5549 Innuptam
1537 5497 1680 5536 remanere
1695 5483 1764 5558 Voss.
1783 5479 1912 5540 innuptum

252 5557 576 5622 potusustentante.
594 5560 614 5606 I.
629 5556 691 5608 Bod.
708 5557 732 5605 i.
788 5555 809 5590 ⁸⁸
823 5557 1037 5610 Convirendum
1045 5559 1117 5608 Lam.
1134 5560 1188 5606 Lin.
1204 5558 1257 5610 IVC.
1272 5559 1294 5619 t,
1310 5559 1333 5608 i.
1351 5558 1411 5606 Thu.
1429 5557 1491 5606 Iiod.
1509 5557 1532 5616 t,
1547 5555 1573 5606 t.
1591 5555 1615 5617 3,
1638 5555 1660 5604 t.
1683 5548 1912 5603 Cataractonium·

136 5629 137 5632 ’
253 5631 333 5680 Onon.
382 5629 403 5665 ⁸⁵
421 5628 749 5691 (Ibtcmperundumliod.
766 5632 786 5678 I.
828 5628 849 5661 *ὅ
872 5629 1168 5694 Properaadumann.
1217 5628 1369 5680 'Ipscense
1385 5639 1440 5678 non
1464 5625 1786 5678 debereLam.Lr‘n.NC.
1807 5623 1826 5671 I.
1861 5615 1910 5662 ¹¹111
1965 5679 1966 5682 Ἴ

251 5701 509 5766 Ignesompectam
533 5700 693 5752 IVC.I.Iiod
721 5701 744 5750 i.
779 5699 799 5733 ⁸⁹
816 5699 934 5763 Quaque
946 5699 1008 5749 Itod.
1023 5700 1047 5759 i,
1062 5699 1088 5760 3,
1103 5701 1125 5749 t.
1161 5697 1182 5730 ⁹⁰
1194 5697 1429 5750 Patientiamesse
1441 5695 1512 5748 laen.
1527 5697 1581 5752 ΝΟ.
1597 5697 1619 5748 I.
1650 5687 1910 5746 'tsmurronesteu

252 5771 390 5836 bIlIngues
401 5772 472 5822 Lam.
484 5771 540 5823 ΝΟ.
552 5772 574 5820 t.
589 5771 650 5819 ticrd.
661 5771 675 5820 t
688 5771 760 5820 t'om.
796 5783 816 5803 ·=
835 5771 948 5820 'intuma
966 5772 1044 5820 (teon.
