4080 6200
124 261 159 317 ιιι
803 254 965 314 erisiam
984 253 1038 309 ιι.
1592 320 1597 328 .
1720 239 1770 297 ais

119 383 231 438 cationum
255 379 346 436 tenuo
374 379 553 434 exacerbasse
579 379 706 436 videatur
734 379 801 450 (56).
830 379 898 436 ilinc
911 380 1044 466 Accedent
1058 376 1180 448 (ltalia,
1197 391 1242 441 xv,
1266 371 1320 440 tl).
1344 371 1532 428 Intercedunt
1551 365 1683 439 precibus
1704 381 1767 420 ves·

119 485 200 542 tanen,
215 476 309 530 iratres
330 473 517 542 dilectissimi,
532 474 598 530 hinc
623 473 766 530 admoneo
791 474 899 544 pariter
950 474 1011 540 tris,
1047 489 1116 543 quas
1143 470 1165 504 ⁸³
1191 469 1338 524 nobiscum
1363 466 1462 520 diebus
1491 480 1523 518 ec
1551 461 1681 517 noctibus
1712 461 1769 514 Deo

118 579 136 625 ιι
146 569 242 624 consulo
257 585 290 622 nc
313 567 478 638 perniciosis
500 567 617 622 vocibus
634 573 743 622 temere
765 567 897 634 credatis,
948 566 1066 622 tunditis
1085 567 1116 620 ut
1134 579 1200 620 stiur
1219 563 1297 633 justa
1319 558 1509 614 satisfactione
1532 556 1656 628 placetis.
1677 557 1767 609 luter·

116 662 383 720 netellacibusverbis
406 677 578 718 consensum
598 663 678 717 tacite
701 661 897 728 commodetis,
948 662 1052 718 cedunt
1077 658 1211 730 lacrymis
1234 655 1345 722 vestris,
1368 653 1470 725 quibus
1498 650 1643 706 commissi
1671 647 1767 704 delicti

116 777 141 812 ne
157 773 198 828 pro
220 757 277 811 luce
302 757 444 822 tenebras,
468 773 520 827 pro
543 757 590 812 die
614 761 738 822 noctem,
764 771 815 828 pro
835 755 898 811 cibo
949 754 1044 830 337
1058 753 1168 809 crimen
1184 750 1309 806 abluitis.
1325 747 1507 806 iutereedunt
1524 745 1584 816 paci
1599 760 1684 816 quam
1699 758 1766 800 rere

114 854 206 916 limem,
221 858 348 923 propotu
363 850 458 925 336
474 851 562 918 sitim,
577 867 720 908 venenum
739 865 789 922 pro
804 865 896 904 reme·
949 853 977 906 et
989 849 1111 905 fideliter
1131 847 1166 904 de
1185 844 1298 902 Domini
1321 840 1517 898 misericordia
1541 837 1699 910 postulatis,
1715 852 1767 890 nec

48 985 49 1010 ,
114 947 157 1009 iio,
176 950 288 1000 mortem
311 963 363 1018 pro
384 947 473 1002 salute
497 940 625 1000 sumatis.
648 945 686 1000 Ne
709 945 733 980 ⁵⁰
756 950 825 1000 retas
849 959 898 1000 ros
948 945 1041 1000 sciiint
1064 942 1202 1012 scriptum
1229 955 1311 995 esse:
1340 941 1374 994 Et
1397 935 1529 1007 propbeta
1555 933 1600 986 itte
1624 937 1673 985 ιιι
1698 945 1766 984 som-

48 1027 50 1062 *
112 1057 186 1096 corum
200 1057 246 1094 uec
262 1039 412 1096 auctoritas
427 1039 516 1110 sallat,
532 1039 582 1111 qui
595 1039 629 1094 ad
643 1039 766 1094 duorum
779 1039 895 1110 presby·
947 1041 1023 1094 aium
1037 1039 1176 1092 somnians
1195 1037 1241 1090 illc
1260 1036 1309 1103 qui
1331 1033 1434 1087 locutus
1447 1034 1486 1084 cst
1500 1033 1530 1084 ut
1544 1041 1636 1082 errrrre
1650 1030 1675 1080 te
1692 1027 1766 1092 iccc-

48 1153 49 1170 i
111 1143 209 1188 iciomm
221 1139 343 1188 veterem
358 1133 514 1205 nequitiam
532 1135 626 1206 (Dara,
641 1133 700 1201 xm)
715 1132 895 1203 responden·
946 1140 1019 1190 reto
1038 1133 1151 1188 Domino
1169 1133 1222 1185 Deo
1241 1127 1488 1194 ru0,iniaaueiur
1514 1123 1564 1192 (56)
1589 1121 1688 1190 (ιιιιιι.,
1707 1131 1768 1183 xm,

111 1234 147 1296 tes,
170 1228 233 1284 sicut
253 1228 296 1284 illi
324 1229 487 1285 Susannam
515 1227 647 1300 pudicam
669 1243 853 1299 corrumpere
870 1231 897 1282 ct
948 1227 991 1297 6).
1009 1227 1097 1282 Nemo
1117 1240 1176 1292 vos,
1199 1224 1300 1278 iratres
1322 1217 1492 1285 charissimi,
1507 1229 1600 1272 errare
1622 1230 1638 1268 e
1659 1209 1770 1266 Domini

47 1373 48 1384 ,
110 1324 191 1376 violare
209 1323 297 1378 conati
320 1327 395 1392 sunt,
412 1323 451 1378 sie
470 1327 498 1377 et
521 1321 739 1378 hi‘adultcrinis
762 1319 896 1376 doctrinis
948 1321 1003 1392 (66)
1017 1320 1070 1376 viis
1083 1322 1106 1360 ι*
1123 1319 1227 1376 tacut:
1252 1331 1340 1372 nemo
1354 1331 1402 1368 vos
1420 1310 1595 1370 Christianos
1618 1307 1653 1362 ab
1676 1307 1766 1360 Evan-

111 1417 210 1472 tcciesire
224 1417 389 1488 pudicitiam
403 1432 585 1488 corrumpere
598 1419 627 1472 ot
639 1415 789 1472 veritatem
810 1431 895 1470 evan·
947 1416 1022 1487 gelio
1036 1414 1139 1470 Christi
1155 1411 1247 1484 rapiat
1263 1429 1269 1466 :
1287 1425 1373 1465 nemo
1388 1407 1462 1462 filios
1474 1403 1606 1460 Ecclesiae
1620 1401 1655 1458 de
1670 1400 1766 1456 Eccle-

110 1511 316 1580 gciicemviolare
330 1515 483 1568 conantur.
947 1509 989 1565 sia
1004 1509 1095 1566 tollet.
1120 1508 1240 1564 Pereunt
1259 1504 1312 1560 sibi
1335 1503 1386 1558 soli
1409 1501 1465 1573 (oi)
1486 1499 1534 1572 qui
1557 1498 1651 1569 perire
1671 1495 1767 1550 voluc-

133 1607 156 1658 ι.
183 1605 283 1662 Clamat
314 1611 342 1661 et
373 1605 441 1660 dicit
472 1605 610 1660 Dominus
642 1622 649 1661 ι
679 1605 768 1664 Nolite
800 1603 896 1658 audire
947 1605 1127 1660 runtrextra
1147 1599 1301 1656 Ecclesiam
1324 1597 1376 1652 soli
1400 1597 1571 1652 remaneant
1593 1590 1642 1664 qui
1662 1588 1698 1644 de
1720 1589 1767 1642 Ec-

107 1715 210 1754 rrrmoaes
225 1701 530 1770 pseudoprophetarum,
551 1701 680 1770 quoniam
698 1701 813 1754 visiones
836 1713 893 1752 ccr-
947 1697 1031 1754 etesia
1063 1699 1253 1752 recesserunt.
1280 1692 1337 1748 Soli
1362 1707 1426 1746 cum
1461 1685 1600 1760 episcopis
1627 1699 1687 1740 non
1713 1682 1769 1736 sint

108 1794 136 1848 dis
153 1809 233 1848 renim
252 1795 427 1861 frustrantur
449 1809 500 1850 eos.
527 1795 694 1864 toquentur,
718 1793 764 1848 sed
787 1807 841 1847 uon
866 1791 898 1844 ub
909 1767 937 1840 B
949 1791 998 1864 qni
1015 1796 1114 1846 contra
1127 1789 1275 1861 episcopos
1288 1785 1471 1842 rebellarunt.
1486 1776 1697 1852 conjurationis
1709 1791 1767 1832 siue

107 1904 137 1942 ιιι
161 1891 269 1944 Domini.
296 1891 397 1943 Dicunt
420 1890 526 1958 eisqui
554 1889 686 1958 (abjiciunt
710 1887 820 1942 cabum
847 1887 900 1940 Do·
950 1902 1046 1958 poenas
1071 1883 1125 1940 soli
1148 1883 1268 1938 subeant
1290 1880 1339 1953 qui
1357 1877 1437 1944 olim,
1459 1873 1616 1932 secundum
1636 1869 1767 1926 restra⁵⁵

107 1985 178 2036 uiri:
201 1985 259 2038 Pac
290 1985 342 2038 erit
377 1983 451 2038 ιοιιιι
479 1983 572 2052 tScrm.
598 1997 674 2048 xxiii,
703 1984 746 2048 io,
773 1981 827 2048 ι7).
850 1981 897 2035 Pa·
949 1979 1093 2052 suffragia,
1121 1994 1196 2034 nunc
1224 1975 1382 2032 secundum
1409 1973 1463 2044 (aa)
1490 1969 1541 2026 Dei
1564 1967 1680 2040 judicia,
1704 1979 1767 2018 sen·

105 2075 366 2133 remnnncotlerunt
384 2077 432 2148 qui
455 2076 509 2148 ipsi
529 2093 585 2131 non
605 2075 713 2131 babent
734 2089 842 2146 pacem.
866 2075 897 2128 ln
949 2075 1070 2130 tentiam
1095 2071 1299 2144 conjurationis
1325 2074 1353 2124 et
1377 2063 1563 2136 malignitatis
1589 2077 1647 2116 suae
1674 2057 1768 2114 subire

105 2170 230 2226 Ecclesiam
241 2171 262 2206 ⁶¹
277 2171 372 2242 lapsos
384 2169 522 2226 reducere
537 2175 566 2224 et
579 2183 710 2225 revocare
723 2167 897 2240 promittunt
949 2171 1126 2224 meruerunt.

46 2267 47 2272 ’
105 2265 189 2334 quide
209 2264 331 2322 Ecclesia
354 2266 378 2300 ⁵²
398 2267 591 2320 recesserunt.
618 2264 690 2318 Deus
714 2279 787 2318 uncis
808 2265 851 2317 est
870 2266 899 2316 et
986 2263 1029 2318 Vl.
1047 2262 1143 2318 Donet
1157 2277 1209 2316 nos
1222 2259 1360 2316 Dominus
1373 2256 1401 2312 in
1416 2251 1569 2324 Evangelio
1584 2266 1634 2306 suo
1651 2247 1766 2304 dicens:

105 2359 207 2414 tiristos
229 2376 303 2416 onus
327 2359 446 2430 (Debes,
465 2375 503 2428 iv,
528 2361 565 2428 5),
586 2363 614 2414 et
637 2374 694 2412 una
714 2356 847 2422 Ecclesia,
869 2359 898 2410 et
948 2357 1070 2426 liejicitis
1101 2355 1265 2410 moadotum
1296 2354 1345 2407 Dei
1375 2357 1406 2404 ιιι
1439 2348 1611 2404 traditionem
1650 2349 1767 2399 uestram

104 2453 217 2508 tatbedra
229 2470 286 2509 una
307 2469 395 2525 super
415 2455 527 2524 petram
545 2453 597 2522 (57)
621 2450 733 2506 Domini
748 2466 814 2506 voce
832 2450 896 2506 iun·
948 2453 1080 2506 statuatis
1094 2451 1258 2520 (iterumn,
1274 2445 1310 2516 e).
1328 2444 1380 2510 Qui
1395 2442 1564 2500 mandatum
1574 2437 1621 2495 Dei
1635 2436 1769 2508 rejiciunt

45 2555 46 2580 i
106 2545 162 2600 iata.
184 2547 262 2602 Aliud
288 2548 379 2602 altare
403 2545 535 2601 constitui
559 2547 609 2600 aut
632 2544 822 2600 sacerdotium
848 2561 898 2598 no·
948 2548 976 2600 et
997 2543 1180 2600 traditionem
1201 2557 1281 2597 snam
1307 2543 1429 2595 statuere
1451 2541 1598 2602 conantur,
1622 2531 1768 2588 sortitura

45 2687 46 2716 ,
104 2657 153 2694 runi
172 2640 226 2696 ficri
255 2645 363 2713 prester
384 2657 473 2695 unani
497 2641 586 2695 attare
607 2641 638 2694 et
662 2654 750 2694 unum
773 2638 897 2694 sacerdo·
948 2637 1199 2695 robisettirmiter
1218 2638 1412 2706 respuantur:
1435 2629 1557 2687 suiiiciat
1578 2625 1664 2699 lapsis
1680 2625 1765 2680 ruina

104 2735 158 2789 timu
169 2751 221 2790 non
241 2739 347 2806 potest.
363 2735 497 2804 Quisquis
512 2733 578 2788 alibi
598 2733 756 2803 collegerit,
777 2732 895 2804 sparg't.
946 2750 1006 2789 una
1019 2733 1084 2804 (63).
1100 2733 1187 2786 Nemo
1198 2731 1324 2784 volentes
1336 2741 1453 2798 surgere
1464 2740 1515 2778 sus
1525 2719 1767 2778 circumventione

104 2829 244 2884 ,iduiterum
258 2834 314 2896 est,
336 2829 457 2900 impium
481 2832 533 2896 est,
548 2827 717 2898 sacrilegum
743 2829 784 2882 est
803 2827 894 2898 quod·
946 2827 1122 2899 praecipitem
1137 2841 1222 2880 namo
1233 2824 1372 2894 jacentes,
1386 2837 1438 2893 pro
1452 2818 1555 2891 quibus
1566 2832 1617 2871 nos
1630 2829 1767 2886 rogamus

104 2937 201 2993 cunque
225 2925 355 2979 humano
378 2922 476 2978 furore
499 2921 659 2977 instituitur
686 2926 718 2976 ut
749 2919 896 2991 dispositio
946 2927 978 2976 ut
998 2922 1048 2976 Dei
1069 2936 1154 2976 manu
1178 2924 1207 2975 et
1232 2916 1350 2974 brachio
1374 2915 1577 2976 subleventur,
1605 2909 1767 2982 prosternat

44 3015 45 3080 Τ
105 3016 178 3071 lirina
205 3019 335 3076 violetur.
362 3015 461 3072 Procul
494 3015 529 3071 ab
554 3015 719 3086 hujusmodi
745 3015 895 3071 bominum
947 3013 1282 3088 graviusetdeprimat:
1304 3001 1763 3066 neniosemianimesetutsalu-

105 3113 249 3182 couugione
277 3111 427 3180 discedite,
451 3113 479 3166 et
510 3125 658 3166 sermones
690 3125 789 3166 eorum
820 3109 897 3164 velut
947 3116 1005 3166 tem
1019 3123 1098 3164 suam
1114 3106 1263 3180 pristinam
1279 3104 1417 3175 recipiant
1429 3102 1628 3174 deprecantes,
1639 3097 1675 3151 ab
1688 3095 1767 3151 omni

104 3221 183 3259 ιιιιιι
207 3207 259 3276 iss)
288 3209 318 3262 et
348 3211 454 3276 pestem
478 3203 618 3276 fugiendo
645 3203 746 3271 ritate,
775 3219 896 3275 praemo·
950 3219 999 3275 spe
1019 3202 1118 3258 salutis
1138 3201 1286 3269 advertat3
1312 3213 1398 3254 nemo
1421 3193 1587 3250 nutantibus
1609 3193 1702 3262 lapsus
1723 3189 1767 3244 sui

44 3277 46 3372 ζ
106 3303 170 3352 cente
192 3299 310 3354 Domino
333 3303 362 3354 et
382 3299 515 3354 dicente:
541 3298 610 3354 Gari
629 3304 694 3354 suat
714 3298 795 3354 duces
818 3313 899 3352 creco-
950 3296 1071 3368 caligine
1084 3311 1170 3352 omne
1183 3293 1291 3350 itineris
1301 3294 1325 3327 ⁵⁸
1339 3290 1471 3346 selulmis
1484 3291 1579 3344 lumen
1594 3285 1765 3356 exstinguat.

44 3375 45 3406 ³
104 3407 155 3445 run.
177 3393 261 3450 Cacus
281 3401 374 3450 cautem
399 3409 497 3450 cacum
523 3393 621 3448 ducens
639 3393 722 3448 ιιιιιιι
743 3393 773 3446 tn
794 3394 900 3460 soccum
951 3390 1068 3447 Instruit
1090 3388 1238 3462 Apostolus
1261 3387 1378 3443 dicens:
1402 3385 1434 3440 Si
1454 3385 1515 3455 quis
1538 3382 1619 3436 aliter
1643 3379 1729 3443 docet,
1742 3381 1768 3432 et

771 3548 876 3613 Variae
904 3549 1073 3614 lectiones.

127 3673 198 3724 tier
215 3676 280 3725 Pem.
303 3674 367 3725 Ded.
390 3675 416 3724 3.
443 3673 825 3726 incarceratorum
853 3675 918 3724 Vici.
960 3675 1022 3726 ιἰιι
1047 3673 1173 3724 Ecclesia
1197 3671 1289 3736 lapsos
1315 3670 1382 3718 Vici.
1423 3667 1495 3716 ⁵¹De
1521 3663 1657 3716 Ecclesia
1684 3673 1765 3714 com-

104 3747 314 3864 piisuqqqneNC.t.
349 3750 369 3780 ⁵³
384 3743 520 3797 Precibus
532 3758 603 3809 quas
620 3746 674 3795 Ver.
692 3744 795 3796 nostris
810 3746 866 3808 tiiq.
901 3747 922 3778 ⁵⁴
933 3743 1089 3796 Dominicis
1101 3745 1168 3794 Peru.
1188 3741 1250 3792 tiod.
1267 3741 1290 3790 t.
1325 3743 1344 3773 ⁵⁵
1357 3738 1453 3790 Nostra
1469 3737 1525 3790 Nic.
1543 3733 1603 3784 Eat.
1641 3731 1769 3784 enunc-

725 3917 835 3998 Stopb.
867 3916 991 3981 Baluzii
1019 3919 1118 3980 notae.

44 4073 45 4080 ι
126 4053 163 4114 tii}
181 4053 309 4104 t’ideetur.
328 4053 423 4105 Codex
437 4053 563 4105 Lemouii
577 4053 725 4104 ur'deomur.
978 4052 1026 4114 (ee)
1040 4051 1221 4116 interficietur.
1238 4051 1307 4102 Haec
1321 4061 1374 4100 vox
1389 4048 1467 4100 deest
1482 4048 1511 4098 in
1529 4043 1653 4109 antiquis
1665 4041 1768 4094 editio-

126 4125 163 4185 ιιι,
182 4125 263 4189 Super
282 4131 397 4190 petram.
420 4125 534 4176 Veteres
552 4123 689 4176 editiones
706 4129 733 4174 et
748 4137 808 4176 xvu
833 4124 897 4174 iibri
947 4125 1031 4176 nibus
1046 4128 1073 4175 et
1085 4125 1112 4174 in
1131 4123 1262 4175 omnibus
1276 4122 1398 4186 antiquis
1418 4117 1562 4171 codicibus
1582 4115 1684 4180 quibus
1699 4127 1768 4164 usus

104 4199 189 4244 setores
203 4197 238 4246 ite
256 4195 394 4248 scribunt.
412 4195 552 4245 Manutius
564 4196 659 4260 posuit
676 4197 787 4245 Petram.
804 4196 897 4260 Atque
947 4211 1019 4247 sum.
1033 4195 1097 4248 Scio
1111 4199 1204 4248 tamen
1218 4195 1294 4245 iiiam
1310 4195 1395 4244 tuisse
1407 4193 1434 4242 ln
1450 4189 1603 4242 Veronensi
1618 4191 1645 4238 et
1659 4187 1767 4250 Neapo-

105 4277 148 4312 ran
170 4266 315 4318 tectionem
343 4266 458 4316 retinuit
480 4265 637 4326 Pometios,
661 4269 776 4316 testatus
804 4269 896 4316 tamen
947 4267 1112 4318 litanouno.
1132 4259 1767 4328 lncodiceLumoniiscrtptumestmorietur,

105 4334 166 4384 sinu
177 4337 286 4400 reperiri
302 4337 332 4386 in
350 4334 495 4386 codicibus
513 4335 643 4400 antiquis.
659 4336 732 4386 Hinc
748 4339 897 4400 propagata
947 4340 1045 4392 eodem
1057 4353 1151 4392 sensu.
1170 4341 1200 4390 in
1215 4354 1271 4392 nno
1286 4353 1348 4390 meo
1362 4343 1455 4391 vetere
1470 4337 1609 4402 logicen«
1628 4333 1664 4386 Ut
1677 4344 1768 4383 errare

104 4409 133 4452 “¹
149 4406 172 4454 1⁰
192 4407 357 4469 Ρῡδῑθῐὶθῐθι
381 4405 527 4467 θῶῑῑθῠθιι
549 4406 633 4456 Otium
653 4407 681 4456 iu
705 4407 895 4472 anglicanam.
947 4411 1092 4463 reiecerat
1108 4425 1123 4462 a
1142 4412 1263 4463 Domino
1280 4414 1381 4473 tuo,et
1397 4407 1591 4461 cataractis
1612 4417 1667 4470 quo
1687 4403 1768 4454 iactis

105 4473 160 4524 Esne
178 4490 269 4526 rerum
295 4481 339 4528 est
362 4475 439 4541 quod
458 4475 571 4526 adnotat
594 4476 733 4528 Pamelius
755 4477 821 4529 alibi
847 4479 990 4579 tre-Dest
1010 4483 1142 4547 colligere
1160 4482 1286 4534 addenda
1307 4483 1394 4533 tuisse
1418 4478 1551 4532 nonnulis
1570 4479 1598 4528 in
1622 4475 1676 4526 boc
1697 4475 1768 4524 ioco.

104 4547 450 4611 lpientissimanprianum
469 4547 562 4598 dicere
579 4547 733 4599 Ecclesiam
753 4562 814 4600 esse
835 4551 898 4600 iun·
951 4555 1047 4619 ltaque
1071 4568 1135 4604 cum
1161 4555 1241 4618 ptura
1266 4553 1391 4604 addenda
1418 4553 1536 4612 tuerint,
1563 4561 1619 4598 non
1642 4545 1769 4597 sufficie-

104 4618 175 4678 trtam
194 4633 275 4684 super
300 4620 423 4679 Petrum,
448 4618 574 4682 adeoquo
595 4619 698 4669 mirum
717 4633 773 4671 uon
793 4633 853 4672 esse
875 4623 898 4672 si
950 4625 997 4676 bat
1021 4625 1121 4676 addere
1145 4638 1242 4676 rocem
1265 4624 1435 4686 interficietur
1456 4627 1503 4673 aut
1524 4621 1659 4670 morietur.
1682 4617 1769 4666 Eras-

105 4687 167 4737 iiiam
188 4691 248 4740 istic
261 4703 295 4740 eo
311 4689 395 4740 modo
414 4688 556 4754 loquatur.
579 4689 638 4754 Ego
656 4703 711 4742 non
734 4691 843 4756 disputo
863 4707 898 4743 on
950 4709 1012 4745 mus
1033 4697 1139 4760 primus
1161 4695 1270 4758 scripsit
1292 4692 1473 4755 interficietur.
1498 4688 1652 4741 Addendus
1674 4689 1768 4736 antem

105 4755 206 4810 Decimii
229 4760 348 4811 tundata
374 4761 410 4810 sit
432 4773 515 4824 super
539 4761 660 4811 Petrum.
685 4762 716 4813 ld
741 4763 815 4814 enim
841 4765 899 4816 scio
950 4770 1009 4817 erat
1031 4767 1137 4830 integer
1159 4767 1237 4816 locus
1254 4779 1288 4816 ex
1305 4765 1395 4828 capite
1417 4776 1467 4814 xm
1486 4757 1702 4818 Deuteronomti,
1721 4757 1769 4804 aut

105 4831 202 4881 sensisse
220 4832 402 4898 Cypriacam.
423 4830 477 4882 Sed
499 4831 542 4882 aio
562 4832 625 4884 istic
643 4832 818 4886 retinendam
838 4848 899 4888 asse
950 4837 1076 4889 edendus
1098 4841 1127 4888 ut
1152 4840 1242 4886 exstat
1259 4838 1286 4886 in
1304 4834 1447 4886 veteribus
1468 4832 1555 4893 libris,
1574 4830 1676 4880 omissa
1700 4839 1769 4876 avoco

105 4895 225 4954 tectionem
248 4917 335 4969 mium
354 4905 442 4966 major
464 4907 590 4956 soterum
611 4903 745 4956 libromm
767 4919 900 4958 numerus
951 4909 1008 4960 iiia.

104 4976 231 5026 sterteres
245 4977 384 5027 aditiones
399 4976 558 5040 praeicrunt.
575 4977 683 5027 Petram
697 4978 800 5042 quippe
815 4979 900 5029 misse
982 4979 1032 5043 (66)
1047 4981 1066 5030 A
1085 4980 1190 5030 Domini
1210 4979 1266 5029 viis.
1290 4977 1358 5028 Haec
1372 4982 1415 5028 cst
1429 4977 1511 5028 lectio
1527 4975 1677 5026 multorum
1689 4972 1769 5022 veto·

106 5041 236 5106 tensium,
264 5053 293 5099 et
318 5061 403 5111 super
429 5047 502 5098 hanc
530 5051 638 5112 petram
668 5049 812 5100 fundatam
840 5061 901 5100 esso
950 5063 1012 5101 rum
1025 5050 1227 5114 exemplarium
1242 5055 1269 5101 et
1282 5049 1413 5100 editionis
1429 5049 1605 5100 Manutinnse.

105 5111 234 5168 Ecclesiam
252 5133 337 5170 nemo
350 5118 475 5181 ambigit.
490 5118 553 5181 Qua
566 5119 600 5170 de
615 5133 645 5170 re
660 5120 724 5171 vide
741 5135 804 5186 quar
817 5126 900 5172 noto·
982 5123 1029 5182 (61)
1049 5124 1160 5172 Pereunt
1173 5121 1224 5172 cibi
1241 5121 1300 5172 soti.
1315 5121 1414 5172 Nescio
1429 5134 1464 5171 an
1478 5121 1513 5169 sit
1528 5116 1700 5184 praeferenda
1713 5115 1770 5166 icc·

105 5196 151 5234 nus
169 5189 235 5239 inira
250 5190 287 5240 ad
309 5189 411 5240 librum
431 5189 463 5238 de
489 5191 594 5240 Unitote
614 5190 742 5242 Ecclesia.
761 5191 900 5244 Caeterum
951 5194 989 5244 tio
1002 5195 1086 5244 unius
1099 5207 1134 5244 ex
1150 5193 1265 5243 vetustis
1278 5191 1425 5244 codicibus
1442 5191 1620 5244 bibliothece
1633 5190 1725 5253 regies,
1742 5189 1770 5237 iu

106 5266 129 5300 ιι
139 5267 210 5316 prere
222 5260 342 5310 tectione
355 5274 419 5324 qum
434 5261 544 5326 irrepsit
558 5263 586 5313 in
605 5262 682 5314 huuc
702 5263 796 5315 locum
811 5264 902 5329 potuit
952 5279 1007 5330 quo
1022 5264 1124 5328 legitur
1136 5269 1246 5328 percont
1261 5263 1302 5314 itti
1315 5262 1373 5313 coti.

106 5333 180 5378 auriac
192 5331 342 5394 epistolici
358 5333 461 5397 Pelagii
477 5332 501 5382 11
514 5331 548 5384 ad
565 5335 708 5399 episcopos
724 5335 811 5386 istriae
827 5348 901 5386 acce·
983 5334 1033 5398 (62)
1047 5337 1123 5386 Nunc
1141 5335 1293 5388 secuudum.
1310 5336 1349 5385 lta
1370 5334 1455 5386 editio
1475 5333 1592 5386 Manutii
1614 5338 1643 5384 et
1664 5337 1770 5397 septem

107 5408 162 5455 iiiia
178 5403 248 5466 quod
265 5405 397 5468 scripsit:
418 5421 431 5454 ι
449 5404 503 5466 Qut
527 5404 693 5458 cathedram
715 5409 798 5466 Petri,
818 5421 902 5472 super
952 5407 1015 5458 libri
1035 5412 1149 5459 veteres.
1166 5409 1196 5459 tu
1211 5409 1363 5458 recentiore
1383 5407 1557 5471 Remigiono.
1577 5411 1600 5454 et
1617 5405 1767 5456 secuudum.

107 5480 170 5530 quem
184 5473 296 5525 tundata
311 5479 353 5526 est
366 5475 501 5538 Ecclesia,
514 5475 624 5528 descrit.
638 5497 652 5524 ι
952 5479 1022 5530 itate
1042 5481 1070 5528 tn
1087 5478 1241 5530 Serbonico
1257 5493 1312 5539 ricc,
1329 5480 1355 5530 in
1378 5479 1505 5542 Eltgtano
1524 5491 1585 5528 riou.
1602 5478 1632 5526 ln
1648 5478 1770 5541 antiquis

129 5543 166 5603 'itii
193 5547 302 5598 Cenem.
334 5549 398 5599 Duo
428 5547 493 5600 libri
521 5553 627 5601 veteres
655 5551 806 5614 praeierunt
835 5564 900 5602 caa-
951 5549 1122 5601 editionibus
1134 5557 1162 5602 et
1176 5552 1204 5601 iu
1217 5565 1266 5602 sex
1280 5551 1402 5614 antiquis
1417 5549 1561 5601 codicibus
1576 5549 1708 5612 seriptum
1729 5551 1770 5598 ast

109 5624 178 5674 term,
198 5616 242 5667 alti
263 5623 393 5682 quatuor,
413 5633 547 5670 concrum.
562 5621 748 5673 Michaeiinus
763 5633 901 5673 carcerum
950 5621 1013 5672 otim
1026 5621 1167 5672 secundum
1183 5623 1229 5672 Dei
1239 5621 1353 5684 judicia.

108 5681 273 5772 ipiraterium.
291 5687 349 5755 Ego
365 5691 468 5742 retinui
486 5691 626 5758 vulgatam
641 5693 800 5756 lectionem,
816 5707 900 5758 ιιιιιι
981 5693 1030 5758 (63)
1046 5692 1133 5744 Ratun
1152 5705 1217 5743 nan.
1234 5693 1274 5743 lta
1291 5705 1343 5744 xvi
1358 5691 1421 5742 libri
1443 5696 1552 5744 veteres
1565 5695 1592 5742 et
1609 5690 1692 5742 editio
1710 5689 1767 5742 iin-

44 5821 45 5910 q
110 5765 210 5873 tfgqqus
226 5760 336 5812 codices
353 5761 497 5826 exhibent,
519 5764 583 5829 quia
598 5763 676 5816 iocus
697 5764 748 5816 iste
764 5765 801 5816 ita
817 5765 900 5830 vulgo
949 5763 1072 5814 nutiana.
1088 5763 1202 5816 Veteres
1221 5763 1355 5816 editiones
1374 5767 1402 5815 et
1420 5764 1471 5815 tria
1489 5762 1655 5827 exemplaria
1675 5763 1768 5811 vetera

110 5835 127 5869 ⁸¹
162 5841 197 5878 ur·
951 5833 1054 5887 babent
1069 5836 1150 5887 raian
1165 5850 1223 5886 sun.
