4012 6192
61 38 79 43 ·“
125 32 245 64 ἸΠΠ-

103 249 150 320 oet
655 247 873 318 APPlilllthES.
894 287 929 302 -
942 243 1205 320 rbonnuolrertl.
1723 261 1774 326 tea

102 389 151 448 ret,
166 383 202 439 ab
216 400 248 440 eo
270 383 379 440 iactum
398 399 471 452 esso,
487 383 517 438 S.
531 383 708 454 Augustinus
732 383 837 440 ibidem
859 381 908 437 ob·
921 382 1093 467 Aoccurril.
1113 385 1143 440 ln
1165 385 1265 457 primis
1284 384 1320 441 de
1341 378 1452 444 Christo
1467 375 1545 460 apud
1559 389 1673 446 Patrem
1689 407 1771 447 sunm

102 480 199 532 serrat.
216 478 295 532 Idem
318 476 410 532 Folius
426 475 595 546 opusculum
614 476 668 532 boe
686 476 752 532 inde
775 481 912 550 praterea
962 479 1083 532 testante
1105 477 1145 532 ait
1160 493 1167 533 ε
1185 499 1199 527 ιι
1220 480 1254 534 Et
1280 482 1308 533 ut
1329 478 1365 534 da
1386 481 1496 535 caloris
1518 486 1640 548 taceam,
1656 484 1711 540 boc
1725 501 1776 540 nos

102 576 256 643 oppugnat,
279 569 356 642 qnod
377 569 412 624 de
433 569 480 624 lue
501 575 562 624 turn
586 572 732 640 grassante
755 569 784 624 in
806 586 839 624 eo
862 568 913 624 nat
962 569 1062 641 utique
1084 569 1175 642 magis
1201 570 1288 626 debet
1311 571 1430 641 hortari,
1446 574 1522 644 qnod
1544 575 1683 648 confessio
1700 577 1775 634 vocis

101 663 217 733 mentio,
242 665 272 718 el
296 666 396 718 tamon
420 659 517 733 ldoysi,
541 663 570 716 el
591 661 723 732 blaximo,
750 666 779 718 el
802 663 912 718 crateris
961 662 1047 717 unius
1067 662 1172 719 Gbristi
1195 666 1337 736 perpetua
1359 664 1533 722 confessione
1551 674 1689 740 serretur,
1703 671 1775 727 sicut

101 755 305 812 contessoribus
327 753 496 827 inscriptum
519 753 556 810 sit
578 771 586 810 ι
609 769 677 810 nam
699 769 764 810 cum
783 755 812 810 S.
835 757 910 827 bloy-
962 755 1100 828 scriptum
1124 761 1185 812 est:
1208 756 1260 822 Qui
1287 773 1333 813 me
1358 758 1504 814 coufessus
1529 760 1667 818 fueritin
1692 764 1775 821 terris

102 865 159 904 som
184 848 238 904 sub
261 848 357 917 ltecio,
384 863 460 902 anno
487 850 550 918 eet,
577 847 715 920 martyrio
743 852 911 904 coronatum
961 864 1059 904 coram
1084 848 1251 906 bominibus
1275 854 1305 906 et
1325 865 1380 922 ego
1404 851 1563 908 conflmbor
1586 869 1652 910 oum
1674 873 1772 913 coram

101 944 219 1010 constet,
237 944 350 1013 pestem
370 955 437 996 sero
460 939 562 1009 l'ellus,
579 939 739 1012 imperante
758 940 835 996 Gallo
857 941 912 1015 pri·
962 941 1044 996 Patre
1063 957 1141 1010 meu,
1155 947 1296 998 alcoram
1318 942 1544 1015 negotiosius.»
1565 947 1604 1002 lte
1617 953 1776 1021 martyrum

101 1051 178 1090 mom
205 1037 336 1090 exortam
360 1049 433 1102 esse,
457 1035 581 1101 statuat;
603 1032 671 1090 binc
697 1033 784 1090 inlert
804 1033 911 1090 librum
962 1046 1077 1104 quoque
1092 1031 1185 1102 gloria
1199 1031 1308 1088 ibidem
1326 1033 1423 1088 multis
1437 1033 1560 1104 disserit,
1576 1039 1605 1092 et
1621 1037 1673 1092 sub
1688 1038 1776 1094 finem

101 1128 178 1183 illum
193 1143 255 1184 asse
270 1126 415 1199 scriptoris
429 1125 465 1182 de
479 1125 564 1181 rebus
578 1126 613 1182 ab
629 1128 712 1182 atate
727 1143 779 1182 sua
793 1127 911 1184 remotis
961 1123 1085 1196 denique
1095 1124 1133 1180 ait
1149 1141 1156 1182 :
1174 1146 1189 1176 ι
1212 1125 1234 1182 0
1256 1125 1344 1190 beati,
1358 1142 1429 1198 quos
1449 1143 1467 1182 e
1492 1127 1649 1198 primordio
1674 1130 1774 1187 mnndi

101 1236 200 1292 parum
213 1218 353 1276 instructi.
368 1217 411 1274 Ad
429 1218 492 1275 bac
504 1219 606 1291 reponi
627 1221 730 1292 potest,
744 1236 809 1275 curn
824 1219 910 1276 Tillo·
961 1217 1076 1273 bomini
1098 1219 1216 1292 sanguis
1239 1218 1349 1289 intecit,
1371 1222 1402 1274 et
1424 1235 1495 1292 quos
1518 1221 1623 1278 merito
1643 1225 1778 1294 splendor

102 1313 220 1382 montio,
234 1329 290 1368 nou
315 1311 430 1384 probari
452 1315 561 1384 pestem
582 1312 661 1368 illam
683 1312 735 1368 snb
757 1313 834 1369 Gallo
855 1313 911 1385 pri·
960 1310 1014 1366 isto
1033 1311 1107 1367 nivei
1128 1311 1250 1367 amictus
1271 1311 1405 1381 induerit,
1431 1317 1459 1368 at
1487 1315 1595 1370 candor
1615 1317 1692 1372 stolia
1717 1334 1776 1374 arn·

102 1423 178 1461 mum
194 1405 344 1470 exarsisse,
358 1406 425 1461 licet
439 1411 504 1460 tum
518 1405 646 1460 acerbius
660 1409 788 1478 grassata
805 1405 909 1476 luerit;
960 1403 1066 1459 biantis
1086 1405 1249 1460 ornaverit!
1264 1405 1366 1462 Videor
1387 1405 1511 1478 deniqne
1535 1407 1596 1478 ipse
1620 1410 1692 1465 mibi
1712 1411 1776 1482 jam

101 1503 182 1571 atque
197 1499 268 1554 eden
282 1515 318 1554 ex
337 1499 391 1554 boc
413 1498 504 1571 capita
523 1498 671 1554 laudatum
690 1499 798 1556 librum
811 1501 839 1556 S.
856 1501 910 1572 Gy·
962 1514 1091 1569 cornere,
1103 1513 1215 1570 proque
1229 1497 1349 1554 arbitrio
1365 1500 1470 1555 mentis
1488 1499 1623 1558 bumana
1636 1509 1701 1560 ante
1713 1521 1777 1562 ocu·

15 1637 16 1656 2
102 1593 200 1664 priano
222 1590 378 1664 abjudicari
391 1607 451 1648 non
471 1607 564 1664 posse.
579 1591 708 1648 baluzius
720 1591 749 1648 in
763 1593 911 1649 Adnotctis
960 1591 1003 1646 los
1032 1593 1061 1646 et
1082 1597 1228 1664 aspectum
1257 1591 1386 1648 divinum
1412 1591 1482 1648 illud
1509 1595 1578 1649 mibi
1607 1600 1637 1652 et
1664 1596 1776 1670 insigne

102 1686 155 1742 alio
170 1701 307 1758 responso
324 1685 423 1755 utitur,
438 1685 568 1757 negando
584 1685 692 1741 scilicet
704 1685 768 1741 libri
787 1686 909 1759 inscrip·
962 1684 1125 1752 concurrit;
1145 1683 1255 1752 videor,
1271 1684 1403 1756 inquam,
1420 1685 1492 1742 mibi
1509 1686 1571 1758 jam
1594 1704 1722 1758 cernere,
1744 1696 1776 1746 ut

102 1779 208 1834 tionem
233 1777 319 1850 lloysi
347 1783 376 1834 et
401 1777 524 1834 blaximo
548 1778 579 1832 in
608 1778 741 1850 plurimis
769 1752 949 1836 codicibusB
962 1778 1008 1834 ille
1021 1794 1088 1834 vere
1103 1776 1207 1834 nobilis
1219 1793 1358 1833 numerus
1379 1778 1482 1836 Christi
1501 1780 1544 1834 sui
1563 1781 1696 1851 gloriani,
1709 1783 1776 1840 iter·

102 1871 214 1944 optimis
233 1873 262 1926 et
285 1869 492 1942 vetustissimis,
515 1886 588 1942 quos
613 1869 756 1939 babuerit,
781 1874 911 1946 reperiri,
963 1887 1020 1944 que
1034 1871 1196 1927 comitetur.
1213 1867 1266 1926 lbit
1284 1872 1351 1926 ante
1372 1885 1422 1926 ora
1442 1871 1502 1944 ejus
1514 1871 1578 1928 lolia
1599 1877 1779 1932 cateruario-

101 1964 255 2036 asseritque
268 1963 298 2019 in
315 1963 360 2019 hie
372 1967 484 2020 tantum
502 1963 671 2036 simpliciter
691 1967 826 2038 praemitti
841 1985 847 2022 :
863 1969 911 2022 ln·
962 1967 1069 2033 torum,
1083 1967 1151 2019 etse
1168 1962 1354 2020 densantibus
1374 1964 1489 2036 turmis,
1503 1966 1580 2021 uelut
1599 1968 1664 2023 solis
1676 1975 1776 2026 exortu

15 2109 16 2112 ,
101 2061 164 2130 cipit
180 2057 213 2114 de
226 2058 309 2113 laude
319 2058 461 2127 llurtyrii,
474 2057 518 2114 vel
533 2057 641 2129 aliquid
652 2058 756 2116 simile.
771 2061 839 2116 ilinc
852 2060 913 2132 ipse
961 2061 1057 2114 totum
1069 2055 1262 2113 illuminatum
1282 2072 1387 2130 agmen
1407 2058 1514 2114 inierat
1535 2065 1705 2130 potestatem
1722 2081 1729 2118 ι
1749 2069 1778 2119 ct

15 2159 16 2188 t
101 2151 127 2206 in
141 2150 270 2207 editione
285 2167 335 2206 ena
350 2150 477 2224 priorem
498 2151 575 2206 illem
595 2151 821 2224 inscriptionem,
837 2155 915 2211 solut
962 2153 1074 2207 ubuum
1089 2149 1254 2222 perabjecto
1270 2151 1342 2206 mibi
1364 2150 1441 2207 istud
1462 2151 1557 2208 ridere
1578 2154 1775 2227 contingatlo

15 2265 16 2268 ¹
101 2245 134 2301 ab
159 2245 216 2300 alio
239 2243 375 2312 additam,
402 2243 593 2316 pretermisit.
619 2245 758 2302 Eemdem
784 2263 800 2300 a
824 2247 914 2304 tribus
964 2247 1039 2314 iloec,
1066 2244 1190 2316 aliaque,
1212 2260 1276 2316 quoe
1299 2243 1440 2300 studiosus
1465 2246 1556 2302 lector
1584 2247 1777 2306 confessorum

101 2338 245 2394 codicibus
269 2337 397 2410 antiquis
423 2337 530 2409 pariter
556 2337 654 2394 abesse
680 2339 803 2396 loannes
823 2341 914 2396 Fellus
963 2337 1116 2410 epistolam
1133 2351 1199 2392 curn
1215 2337 1329 2393 laudato
1343 2337 1417 2394 libro
1431 2339 1603 2396 conterendo
1621 2341 1778 2414 depreben-

28 2452 33 2461 ·
103 2433 233 2486 testatur.
256 2433 292 2488 At
308 2446 423 2487 neeesse
445 2433 571 2486 nomest
589 2430 645 2487 buc
669 2447 828 2498 recurrere,
848 2451 912 2490 cum
963 2431 1021 2503 det,
1046 2447 1182 2503 magnam
1204 2430 1397 2503 suspicionem
1419 2438 1544 2502 movent,
1570 2433 1645 2490 hunc
1667 2435 1702 2492 ab
1724 2435 1778 2493 illis

16 2525 17 2532 ’
102 2525 128 2580 S.
163 2525 286 2597 loysis,
317 2523 452 2592 blarimi,
483 2523 655 2590 Nicostrati,
687 2528 914 2600 coeterorumque
963 2525 1068 2581 lectum
1091 2523 1189 2578 luisse.
1212 2522 1282 2578 llinc
1303 2523 1435 2580 laudatus
1459 2525 1609 2582 cardinalia
1632 2528 1777 2586 bellarmi-

103 2619 296 2674 conlessorum
321 2619 518 2673 Romanorum
541 2617 679 2688 Epistola,
704 2634 768 2690 qua
790 2636 853 2676 xrrr
872 2623 915 2676 est
963 2635 1016 2674 nus
1030 2615 1301 2674 illumiuterdubia
1315 2615 1343 2672 S.
1365 2617 1497 2690 Cypriani
1517 2636 1605 2691 opera
1624 2622 1776 2692 recensuit,

103 2711 173 2767 inter
187 2710 379 2784 cyprianicas,
393 2709 513 2766 minime
524 2709 610 2766 mane
623 2716 827 2782 argumentum
843 2729 915 2786 prm·
963 2729 1022 2768 non
1038 2709 1114 2784 qnod
1126 2708 1207 2764 illurn
1221 2709 1306 2766 talem
1317 2710 1469 2782 judicaret,
1486 2712 1537 2768 sed
1551 2714 1625 2784 quod
1645 2715 1778 2770 Erasmus

104 2805 166 2861 beet
179 2819 233 2876 pro
248 2802 349 2859 eodem
362 2801 434 2858 libro
447 2803 474 2859 S.
489 2803 632 2876 Cypriane
646 2804 824 2876 vindicando,
839 2809 914 2878 qnod
964 2806 1000 2863 de
1025 2820 1058 2859 eo
1080 2803 1245 2861 dubitasset.
1262 2802 1318 2860 Sed
1341 2819 1394 2859 nee
1410 2804 1514 2875 stylum
1535 2822 1551 2859 s
1572 2807 1681 2862 ceteris
1702 2807 1777 2864 illius

104 2897 347 2953 eminentissimus
367 2895 554 2952 bellarminus
575 2895 650 2952 libro
678 2898 711 2954 de
732 2900 914 2972 scalptoribus
965 2897 1108 2970 opusculis
1129 2895 1265 2976 dissidere
1291 2895 1442 2953 arbitratus
1465 2902 1517 2968 est,
1540 2897 1605 2969 nisi,
1619 2900 1695 2971 quod
1715 2917 1776 2958 ma·

103 2992 287 3048 enmimricio
298 2989 329 3044 in
343 2989 371 3046 S.
391 2989 533 3064 Cypriane
551 2989 628 3046 baud
646 2988 732 3046 dubie
750 2991 913 3062 insinuarit,
965 2992 1008 3066 gis
1023 2990 1183 3046 elaboratus
1197 2989 1243 3058 sit,
1257 3006 1343 3063 quam
1359 2990 1489 3060 alia,sed
1499 3007 1557 3046 non
1572 2993 1674 3064 magis,
1689 3009 1776 3066 quam

104 3083 169 3140 dnm
184 3085 237 3152 eit,
251 3087 427 3138 memoratos
445 3081 629 3139 Conlessores
649 3084 679 3140 in
699 3085 835 3157 predicta
853 3088 914 3160 epi·
964 3083 1072 3155 omnia,
1096 3099 1160 3139 oum
1185 3083 1313 3156 Epistola
1339 3084 1376 3140 od
1399 3086 1539 3140 Donatum
1565 3085 1631 3141 huic
1657 3087 1776 3144 minime

105 3178 171 3233 stola
191 3177 228 3232 de
242 3193 274 3233 ea
287 3176 465 3232 mentionem
477 3177 580 3232 tacere.
594 3179 665 3233 ilem
679 3177 769 3249 ipsam
789 3195 912 3251 expono.
964 3177 1056 3235 cedat.
1071 3179 1125 3234 Pro
1142 3177 1242 3232 eodem
1263 3179 1361 3232 sancto
1378 3177 1490 3250 ldartyri
1512 3179 1666 3235 asserendo
1687 3179 1776 3238 eliam

103 3269 335 3326 Confessoresilli
354 3270 429 3326 inter
444 3275 546 3325 caetera
563 3269 625 3326 bec
648 3270 796 3328 scribunt:
812 3295 825 3323 o
848 3275 913 3330 rer·
964 3273 1096 3328 observat
1121 3269 1251 3326 baluzius
1278 3269 1308 3324 in
1333 3271 1487 3339 annotatis,
1510 3271 1591 3328 illurn
1613 3272 1720 3346 ubique
1746 3274 1778 3330 in

104 3365 231 3436 cepimus
253 3363 353 3435 igitur,
374 3363 480 3418 iteruin
503 3362 633 3434 dicimus,
651 3363 741 3420 irater
761 3365 913 3438 Cypriane,
965 3364 1099 3422 omnibns
1130 3361 1273 3419 codicibus
1305 3362 1430 3434 antiquis
1465 3363 1552 3434 (inter
1584 3382 1655 3438 quos
1688 3383 1777 3424 unum

104 3474 206 3528 magna
231 3455 346 3528 gaudia,
374 3472 482 3528 magua
508 3455 621 3528 solatia,
641 3473 749 3530 magna
775 3459 913 3529 tomenta,
964 3456 1187 3531 Seguieriarum,
1201 3455 1304 3512 litteris
1325 3457 1489 3529 majusculis
1504 3463 1571 3514 ante
1591 3459 1668 3515 mille
1687 3476 1777 3518 anuos

105 3551 226 3606 maxime
249 3550 325 3622 quod
348 3553 377 3605 et
401 3549 538 3621 gloriosas
557 3557 725 3622 martyrum,
741 3567 799 3608 non
820 3553 914 3610 dicam
964 3552 1112 3624 scriptum,
1131 3549 1274 3620 numerat)
1292 3569 1306 3598 u
1329 3549 1450 3622 reperiri
1470 3555 1635 3607 constanter
1654 3553 1777 3610 interea

105 3652 218 3714 mortes,
242 3642 292 3698 sed
311 3643 540 3698 immortalitates
564 3643 694 3717 gloriosis
715 3649 744 3700 et
764 3645 915 3720 condignis
964 3661 1053 3719 opera
1074 3644 1102 3701 S.
1120 3643 1342 3717 cyprianique
1364 3643 1472 3700 nullam
1495 3645 1603 3702 hebent
1621 3645 1774 3704 difficulta-

103 3736 231 3792 laudibns
254 3737 421 3808 prosecutus
441 3753 480 3792 ee.
496 3737 574 3792 Tales
597 3737 676 3793 enirn
698 3755 827 3796 excessus
850 3741 913 3797 tali·
964 3743 1033 3808 tem,
1060 3737 1129 3811 quin
1156 3737 1212 3792 sint
1240 3737 1269 3793 S.
1295 3737 1436 3809 Cypriani.
1467 3758 1482 3789 o
1511 3739 1653 3796 Praeterea
1677 3740 1778 3798 landet

105 3831 153 3885 bus
168 3829 286 3885 vocibus
312 3829 501 3902 prosequendi
524 3831 651 3901 luerunt,
664 3837 706 3902 ut,
722 3848 787 3905 qnae
808 3834 913 3890 reiere·
964 3833 1039 3890 Flori
1052 3829 1390 3904 lugdunensisexcerpta
1406 3847 1441 3886 ex
1455 3831 1589 3902 operibus
1602 3833 1630 3888 S.
1645 3835 1775 3906 Cypriani

105 3925 215 3994 bantur,
234 3923 274 3978 sic
298 3921 470 3994 dicerentur,
484 3923 696 3995 qualiteriaota
715 3930 791 3982 sunt.
806 3929 845 3984 Ex
859 3929 915 3985 tuis
964 3928 994 3984 in
1015 3925 1117 4000 quibus
1141 3923 1232 3979 varios
1251 3923 1327 3978 locos
1352 3941 1385 3978 ex
1408 3924 1508 3980 eodem
1532 3923 1605 3981 libro
1630 3942 1778 3984 occurrere

105 4033 168 4090 argo
199 4017 305 4073 litteris
337 4017 460 4072 uidimus
491 4016 628 4089 gloriosos
658 4017 723 4076 illos
755 4027 914 4095 martyrum
964 4023 1013 4090 ait,
1029 4035 1095 4076 cum
1113 4023 1212 4074 umen
1227 4015 1442 4072 coeteracmnia
1464 4019 1692 4090 certecypriani
1708 4019 1776 4076 sint.

106 4111 277 4184 triumphos,
299 4117 328 4166 ot
341 4111 430 4167 oculis
448 4111 550 4166 nostris
570 4111 694 4184 quodam
710 4113 796 4170 modo
811 4118 915 4175 cttlum
964 4112 1083 4172 bitllteri
1096 4116 1193 4166 tamen
1207 4125 1264 4165 non
1275 4125 1438 4184 possumus,
1455 4111 1525 4183 quin
1540 4117 1644 4183 prester
1658 4111 1776 4168 diversi·

105 4206 164 4261 illos
177 4208 314 4278 petentes
331 4204 474 4276 prosecuti
487 4221 595 4274 snmus,
612 4209 641 4262 et
654 4206 730 4264 inter
745 4211 869 4282 Angelos
882 4228 915 4268 aa
964 4211 1054 4264 tatem
1074 4201 1139 4278 styli
1160 4203 1227 4260 binc
1249 4206 1279 4259 et
1298 4203 1367 4260 inde
1386 4203 1473 4260 etlam
1494 4205 1641 4262 nonnullae
1660 4205 1778 4278 phrases

28 4331 29 4336 .
106 4299 269 4362 potestates,
294 4298 566 4371 bominadonesque
593 4300 718 4357 ooelestos
744 4304 913 4361 constitutos
966 4299 1144 4359 obscuriores
1164 4298 1194 4353 in
1214 4313 1247 4354 eo
1268 4297 1412 4369 legentur,
1426 4313 1495 4370 qnos
1519 4298 1548 4355 in
1569 4300 1664 4356 Sancti
1687 4301 1778 4373 operi·

29 4397 31 4443 ξ
106 4391 417 4466 contemplatisnmus3
438 4391 489 4448 sed
509 4399 537 4448 et
557 4395 711 4450 Dominum
728 4393 822 4470 157
839 4399 916 4471 apud
965 4396 1018 4453 bns
1040 4391 1209 4450 indubitatis
1230 4407 1288 4448 non
1306 4391 1389 4448 facile
1411 4390 1539 4464 reperire
1561 4398 1613 4450 est.
1628 4393 1682 4449 Sed
1701 4396 1730 4451 et
1748 4394 1779 4450 in

107 4487 215 4542 Patrem
240 4485 437 4542 testimouium
457 4503 539 4543 anum
555 4487 610 4544 illis
633 4489 803 4561 promissum
820 4485 1123 4564 perui-Dinlerorum
1137 4483 1227 4558 poenis
1240 4485 1497 4541 commemorandis
1507 4501 1617 4541 morem
1629 4486 1779 4559 gentilium

106 4580 218 4636 bentmn
232 4579 351 4636 auribus
371 4580 476 4636 nostris
489 4581 613 4654 quodem
635 4584 720 4639 modo
734 4585 886 4644 sensimus.
901 4608 915 4638 o
965 4581 1098 4640 nonnihil
1125 4579 1266 4652 sequitur,
1294 4577 1372 4650 quod
1398 4577 1476 4634 baud
1498 4579 1568 4648 scio,
1591 4596 1629 4634 an
1649 4583 1780 4636 sanctum

107 4675 217 4730 &num
246 4671 411 4746 igiturest,
437 4673 467 4732 S.
499 4675 673 4748 cyprianum
702 4680 859 4751 martyrum
887 4679 916 4738 ln
966 4675 1141 4752 cyprianum
1157 4673 1225 4729 satis
1238 4671 1339 4744 sapiat.
1354 4672 1462 4744 ltaque,
1480 4671 1546 4728 ticet
1568 4673 1691 4730 multum
1714 4689 1780 4748 pro·

108 4769 178 4824 colis
198 4767 333 4841 gloriam
347 4767 507 4840 Christique
526 4769 603 4842 apud
617 4771 706 4826 Deum
729 4773 844 4829 Patrem
857 4778 916 4831 tes·
966 4771 1119 4846 pendeam,
1145 4773 1177 4823 ut
1199 4763 1294 4840 807
1318 4764 1466 4820 laudatum
1488 4765 1593 4822 librum
1614 4765 1669 4838 ipsi
1692 4765 1778 4824 meri·

108 4861 259 4917 timonium
283 4861 360 4917 inter
376 4861 433 4917 elia
454 4861 522 4933 ipsis
546 4863 738 4936 proposuisse,
755 4869 787 4921 ul
801 4867 917 4924 eosdem
965 4867 1044 4934 barn,
1058 4863 1087 4920 id
1100 4867 1199 4918 tamen
1214 4864 1290 4915 certo
1301 4857 1395 4916 lacere
1407 4874 1465 4914 non
1480 4859 1584 4916 aorsim.
1601 4859 1781 4918 Censneruut

108 4954 140 5010 ad
165 4953 340 5028 martyrium
367 4955 567 5012 vehementius
596 4957 822 5016 emimentem
851 4978 918 5019 vero
968 4959 1084 5033 quidem
1097 4955 1223 5029 primum
1236 4951 1424 5009 bononienses
1436 4969 1468 5008 ac
1481 4952 1587 5009 deinde
1600 4952 1686 5009 etiarn
1700 4953 1779 5012 Pari·

109 5049 255 5118 geminam
269 5048 386 5122 quidem
404 5049 494 5106 macti
514 5052 648 5125 martyris
661 5052 792 5126 cypriani
807 5053 844 5112 ad
856 5071 917 5112 eoo·
968 5053 1074 5110 aienses
1100 5061 1220 5123 operum
1247 5047 1274 5104 S.
1302 5047 1455 5119 Augustini
1486 5047 1617 5116 editores,
1645 5048 1782 5106 eumdem

113 5141 175 5199 dem
190 5141 340 5216 epistolam
359 5143 509 5216 babemus,
522 5161 645 5218 quarum
664 5149 918 5214 allere15,altera
968 5147 1072 5203 bbrum
1087 5160 1103 5200 a
1117 5146 1213 5199 sancto
1233 5142 1352 5197 lloclore
1367 5139 1397 5196 in
1419 5141 1492 5197 libro
1509 5157 1529 5208 1,
1543 5157 1607 5214 cap.
1623 5143 1668 5210 30,
1683 5143 1781 5200 contra

109 5237 140 5290 tl
165 5241 208 5292 est
234 5236 267 5292 in
291 5236 417 5293 editione
443 5237 549 5295 Balnzii
569 5241 685 5311 Veneta,
711 5258 769 5314 qua
793 5243 917 5314 utimur;
968 5238 1156 5298 Gaudentium
1172 5234 1273 5306 citeri;
1296 5236 1344 5291 sed
1367 5247 1432 5307 qun
1455 5235 1516 5307 ipse
1539 5252 1573 5290 ex
1597 5237 1624 5292 S.
1640 5235 1780 5309 cypriano

110 5327 156 5384 sed
171 5329 304 5403 quamue
317 5333 440 5403 utraque
453 5333 583 5404 quaedam
599 5333 636 5389 sit
648 5335 684 5390 ad
699 5333 834 5392 eumdem
849 5352 918 5409 ago·
970 5333 1010 5391 lbi
1026 5335 1177 5400 memorat,
1189 5328 1305 5402 proprie
1320 5345 1353 5384 ac
1374 5329 1465 5385 multo
1485 5329 1610 5402 pressius
1635 5327 1779 5390 habentur

112 5436 175 5478 nem
200 5421 373 5492 exhortatio,
393 5423 424 5479 in
445 5429 548 5482 neutra
571 5430 668 5484 tamen
690 5429 808 5485 caelestis
830 5429 921 5503 glorie
970 5427 999 5484 in
1013 5425 1138 5500 Epistola
1152 5424 1190 5480 od
1203 5425 1348 5479 Donatum.

113 5519 281 5589 martyrum,
304 5523 353 5574 eut
379 5517 482 5575 Christi
507 5520 704 5578 testimonium
731 5527 919 5592 memoratur,
1004 5521 1049 5576 lll.
1063 5517 1180 5574 Librum
1194 5517 1227 5573 de
1240 5517 1393 5587 Disciplina
1413 5521 1439 5571 et
1462 5515 1528 5573 bono
1543 5518 1686 5590 pudicita
1701 5516 1782 5574 italu-

113 5607 231 5682 ideoque
244 5609 322 5668 aliud
335 5611 481 5685 quoddam
496 5613 626 5686 ejusdem
640 5616 736 5673 &noti
752 5617 921 5690 opusculum
971 5615 1030 5672 cius
1055 5613 1130 5668 inter
1160 5610 1293 5683 opuscula
1321 5609 1350 5666 S.
1373 5609 1514 5682 cypriano
1545 5612 1629 5684 rotgo
1659 5610 1781 5682 ascnpta

118 5700 208 5758 serbis
226 5703 382 5778 precitnis
395 5721 442 5764 cos
460 5707 633 5780 designasse,
646 5725 760 5768 necessa
773 5715 825 5768 ost.
839 5713 923 5784 Atqui
972 5708 1066 5784 primo
1098 5706 1159 5764 loco
1186 5703 1339 5771 recensuit,
1368 5703 1554 5760 Bellerminue
1586 5707 1615 5760 et
1643 5700 1783 5766 Pameliue,

113 5795 396 5878 auumquelatudin
414 5801 661 5864 nicaenorum
675 5805 769 5864 bonde
787 5803 919 5880 ltortprti
976 5797 1137 5882 genuinum
1164 5797 1291 5876 ejusdem
1317 5797 1418 5856 tntum
1443 5813 1503 5854 aeae
1528 5809 1663 5854 censuere
1683 5797 1782 5866 coetu
