4012 6192
229 241 277 305 85(
553 244 598 304 Ao
618 245 730 304 OPERA
749 245 777 303 S.
799 245 957 306 CYPRIANI
975 243 1286 308 obmutescerent
1307 243 1328 300 l.
1345 271 1383 286 -·
1400 242 1512 301 ubete.
1833 247 1880 304 lit

230 375 296 442 oue
320 372 437 444 dentque
460 375 499 429 tot
526 375 699 441 contessum,
724 375 865 442 frontium
890 380 1047 434 notatarum
1057 374 1200 461 Animus,
1218 373 1287 430 dum
1309 372 1344 430 de
1370 371 1501 445 Epistolis
1519 371 1545 428 S.
1570 369 1693 442 ltartyris
1713 369 1884 442 disseruimus,
1954 389 1955 396 ¹

231 468 349 524 secundo
365 469 540 538 inscriptione
559 471 692 538 signatos,
709 474 735 524 et
757 469 794 525 nd
809 471 959 541 cuempiam
971 487 1047 526 mer·
1099 472 1287 523 memoratam
1306 467 1342 523 ad
1355 466 1533 539 Stephanum
1548 464 1693 538 epistolam
1716 464 1750 520 de
1765 465 1885 523 berenna
1954 487 1955 506 2

231 564 299 631 tyrii
319 563 475 631 superstites
499 567 660 626 cremantes,
685 565 821 620 incentivo
844 565 915 620 tuba
939 566 1049 622 calcetis
1098 561 1255 618 Arelatensi
1278 561 1412 633 episcopo
1438 558 1618 628 abstinendo,
1631 573 1716 630 quam
1734 575 1788 614 non
1808 559 1886 616 solum

230 655 386 710 animaret?
1098 655 1232 727 Cypriani
1255 654 1376 710 editores
1397 652 1550 718 Pemelius,
1574 651 1711 720 Belmina,
1733 651 1828 724 lellus,
1846 654 1887 710 scd

266 749 337 804 Cum
368 753 482 806 sanctus
513 751 630 806 Pontius
659 752 796 824 Cypriani
827 752 940 808 litteras
972 751 1049 808 inter
1098 755 1126 804 at
1140 765 1216 805 sana
1229 754 1304 806 notae
1317 746 1415 823 820
1428 747 1580 818 scriptores
1594 745 1733 818 Cypriane
1752 747 1887 816 vindicant,

231 841 321 917 ipsius
346 860 434 916 opera
461 861 521 900 non
542 846 725 918 compulerit,
751 849 849 902 censet
869 845 1048 902 doctissimus
1098 845 1237 916 tanquam
1261 843 1467 916 apocrypham,
1488 857 1580 914 eaque
1602 839 1746 912 indignam
1767 842 1888 896 censuisse

232 936 391 994 Ceillierius
410 937 477 1010 (35),
493 939 608 996 laudata
630 938 716 996 verba
742 939 818 995 haud
842 939 942 996 reterri
966 956 1048 1011 posse
1098 937 1268 994 launoium.
1281 936 1354 1002 Quin
1377 941 1474 992 tomen
1493 932 1605 990 erudito
1618 933 1678 990 viro
1692 933 1887 1005 subscribemus,

231 1031 267 1086 ad
280 1030 429 1103 epistolam
444 1033 659 1107 braviumque
681 1033 858 1090 confessores
880 1033 917 1090 ad
933 1034 1048 1090 metalla
1098 1032 1187 1087 multa
1210 1031 1328 1102 quidem
1351 1030 1486 1098 obstant;
1510 1045 1587 1093 nam,
1611 1031 1643 1083 nt
1660 1044 1677 1082 a
1697 1028 1824 1099 boscagio
1843 1029 1887 1098 (tlt)

233 1124 383 1182 damnatos
414 1126 466 1182 sub
491 1127 638 1183 Valeriano
666 1128 794 1196 solatus-3
821 1127 872 1184 sed
899 1126 1048 1200 designare
1098 1127 1279 1195 annotatum,
1295 1140 1355 1180 non
1378 1125 1473 1180 solum
1496 1122 1629 1196 Cypriani
1649 1119 1721 1194 stylo
1741 1121 1888 1192 scriptam,

233 1217 351 1290 aliquod
373 1221 540 1292 opusculum
562 1221 720 1292 singulare,
736 1219 880 1277 diversum
903 1220 989 1277 etiem
1012 1221 1047 1278 ab
1098 1219 1149 1276 sed
1176 1223 1204 1275 et
1230 1235 1264 1274 ea
1288 1218 1496 1290 complectitur,
1518 1233 1582 1290 qua
1609 1215 1742 1288 cypriani
1767 1217 1887 1286 tempora,

232 1314 428 1370 Eeliortctionc
449 1316 589 1384 Martyrii,
604 1315 639 1370 de
664 1330 720 1386 qua
733 1315 813 1388 prius
828 1315 946 1372 Pontius
964 1315 1049 1371 disse·
1098 1329 1205 1382 mores,
1227 1312 1418 1384 disciplinam,
1435 1311 1561 1367 mamma
1581 1313 1695 1378 sonant,
1710 1309 1749 1364 ita
1771 1313 1802 1364 ut
1819 1324 1889 1362 osam

232 1413 328 1462 ruerat
344 1407 409 1480 (36).
425 1409 493 1466 ilinc
511 1409 622 1481 colligit
639 1409 795 1466 Ceillierins
809 1410 863 1466 boc
878 1411 1048 1482 opusculum
1098 1423 1155 1462 non
1177 1406 1213 1462 sit
1236 1423 1287 1462 oso
1312 1406 1445 1473 similius,
1466 1421 1554 1478 quem
1580 1405 1641 1460 haec
1665 1404 1779 1475 epistola
1798 1401 1890 1458 celans

231 1500 422 1570 intercidisse,
446 1502 691 1572 quemadmodum
720 1509 747 1558 et
774 1504 894 1572 litteras,
919 1519 989 1576 quas
1019 1505 1046 1560 S.
1097 1500 1316 1574 Cypriani.Alio
1340 1500 1428 1556 etiam
1452 1500 1623 1570 argumento
1646 1513 1713 1554 eam
1730 1497 1832 1553 auctori
1848 1511 1890 1550 sno

232 1595 390 1665 Cyprianus
416 1596 450 1651 ed
478 1597 505 1652 S.
536 1598 730 1668 Augustinum
761 1601 789 1653 et
818 1599 845 1654 S.
874 1597 1048 1654 Felicitatem
1098 1595 1222 1652 vindieat
1247 1595 1357 1665 tellus,
1389 1594 1497 1650 etenim
1526 1591 1555 1648 S.
1581 1591 1755 1664 Augustinus
1785 1589 1892 1662 epistole

230 1691 368 1759 martyres
391 1689 567 1762 Capuenos
559 1707 590 1746 sn
621 1688 718 1765 819
745 1690 901 1764 Campania
928 1692 1046 1748 durante
1082 1687 1245 1792 cujusdam
1272 1688 1408 1762 Cypriani
1428 1687 1465 1744 ad
1487 1687 1665 1760 Stephanum
1686 1684 1894 1755 meminitque

231 1783 427 1852 persecutione
454 1784 594 1840 Valeriani
620 1784 740 1841 dederat
760 1785 827 1857 (37).
847 1785 994 1857 Siquidem
1015 1786 1045 1843 S.
1056 1751 1108 1850 B
1102 1797 1219 1856 prorsus
1230 1782 1266 1837 ad
1278 1782 1466 1854 quaestionem
1481 1782 1516 1837 de
1533 1780 1706 1852 baptismate
1719 1795 1774 1834 non
1785 1781 1892 1850 spectat;

229 1875 386 1948 Cyprianus
413 1895 492 1934 suem
519 1878 739 1936 sollicitudinem
768 1883 853 1952 atque
879 1879 1047 1936 charitatem
1097 1871 1894 1949 cumquednoetantumejnsdemadStephanumepistele

231 1971 305 2026 ultro
319 1971 443 2028 Africam
458 1972 544 2029 etiam
557 1973 729 2030 extendebat
743 1973 809 2046 (38).
1097 1971 1250 2044 supersint,
1267 1985 1388 2042 quarum
1402 1969 1494 2026 altera
1507 1969 1542 2024 da
1561 1967 1734 2040 baptismate
1749 1965 1815 2038 agit,
1824 1964 1850 2019 id
1860 1967 1893 2018 cst

266 2066 311 2120 lll.
326 2067 406 2122 llisce
421 2067 514 2122 adbuc
530 2067 715 2139 adjungimus
734 2066 851 2123 brevem
869 2066 1043 2124 observatio·
1096 2064 1317 2137 septuagesima,
1334 2063 1370 2120 ad
1384 2064 1458 2120 banc
1471 2062 1589 2120 omnine
1608 2061 1766 2134 respexisse
1779 2057 1896 2131 Augusti·

231 2177 297 2216 nem
329 2160 364 2216 de
395 2161 511 2234 epistola
543 2160 721 2233 sexagesima
752 2166 859 2230 octava,
887 2163 987 2218 utrum
1015 2162 1044 2218 S.
1070 2169 1071 2175 ’
1097 2175 1177 2230 num,
1192 2157 1346 2216 verisimile
1361 2161 1414 2215 est.

231 2255 370 2328 Cypriane
384 2255 421 2310 sit
434 2271 533 2311 revera
545 2254 721 2312 ascribenda.
737 2254 829 2328 Supra
844 2255 907 2328 jam
927 2255 1047 2312 adnota-

260 2409 309 2472 (33)
337 2407 458 2470 Ceillier,
480 2411 547 2458 tom.
574 2407 621 2469 111,
645 2407 712 2459 Hist.
738 2407 834 2458 Gener.
857 2406 901 2458 des
921 2407 1043 2472 Auteurs,
1095 2407 1181 2460 Decio
1205 2407 1371 2470 imperatore
1393 2407 1505 2456 auctora
1531 2404 1679 2454 malorum.
1700 2403 1760 2454 Hac
1785 2417 1895 2468 persecu·

230 2493 292 2544 pag.
307 2481 360 2531 tes.
1095 2481 1171 2530 tione
1189 2477 1346 2542 Cyprianus
1358 2489 1408 2541 per
1422 2475 1553 2539 epistolas
1574 2475 1702 2526 hortatus
1724 2479 1767 2526 est
1781 2475 1896 2541 Augusti-

262 2552 311 2614 (33)
335 2552 396 2613 (lois
419 2555 552 2615 martyres
575 2552 652 2601 tanto
677 2550 857 2602 esbormtioue
880 2549 964 2602 dicim
988 2563 1049 2603 ees·-
1097 2563 1166 2601 num
1190 2557 1219 2600 et
1239 2549 1485 2613 serenitatemque
1505 2547 1579 2612 passi
1601 2551 1670 2598 sunt
1689 2547 1896 2611 apudcivitatem

231 2624 314 2674 menie
326 2623 445 2688 exigeret.
460 2623 550 2684 Pont,
562 2621 592 2672 in
610 2622 671 2672 Vita
684 2621 704 2672 l.
717 2634 744 2672 c.
897 2657 900 2662 Δ
1098 2621 1273 2687 Cepuenaem
1288 2621 1465 2686 metropolim
1478 2619 1650 2686 Campaniae,
1662 2617 1809 2672 Valeriano
1826 2620 1897 2684 impe

263 2694 312 2758 (37)
351 2693 381 2742 ln
414 2691 611 2757 antiquissimo
643 2692 832 2757 manuscripto
871 2691 906 2744 ab
942 2693 1048 2746 editore
1097 2697 1187 2745 rante.
1202 2709 1217 2739 »

232 2764 383 2815 oxoniensi
403 2762 437 2814 ed
458 2761 544 2814 tinem
568 2761 668 2814 indicis
692 2761 843 2827 Scriptura
862 2763 992 2828 allegato,
1014 2761 1049 2814 de
1132 2763 1179 2828 (38)
1194 2762 1523 2826 ¹tillemont,ttemoires,
1537 2765 1604 2812 tom.
1617 2761 1665 2825 1v,
1682 2776 1745 2827 pag.
1759 2761 1797 2812 tt.
1954 2801 1955 2806 ί

139 2889 141 2900 ,
230 2834 275 2886 bis
305 2835 404 2886 litteris
433 2834 538 2886 mantio
571 2833 690 2886 babetur
725 2834 803 2887 huno
837 2835 866 2886 in
901 2835 1047 2886 modam:
1130 2835 1179 2898 (39)
1205 2835 1340 2900 Basnaga,
1365 2833 1464 2886 Aeaei.
1493 2832 1730 2894 Politice-Ecetra,
1750 2833 1785 2884 ad
1809 2845 1897 2884 maun

231 2923 245 2956 e
272 2905 423 2959 Christiani
445 2908 572 2970 quartam
597 2905 820 2970 persecutionem
841 2907 918 2971 pessi
942 2908 1009 2958 sunt
1033 2920 1049 2957 a
1096 2905 1154 2958 att.

617 3211 1135 3378 APPENDIX
1189 3211 1518 3382 PRIMA

895 3459 1070 3518 OPUSCULA
1105 3460 1218 3518 ouem.

448 3795 526 3890 oe
565 3792 914 3892 nesciemus
951 3771 995 3853 ί)
1033 3796 1109 3891 er
1149 3792 1322 3890 nono
1363 3791 1694 3890 censuerim

1020 3971 1123 4028 LIBER

646 4097 910 4175 actaeone
949 4097 1147 4175 IGNOTI
1177 4095 1461 4174 AUCTORIS.

995 4281 1127 4298 μ

268 4473 420 4546 bAliques
440 4475 600 4531 ciliciorum
617 4491 752 4532 meorum
772 4482 868 4550 pectes
891 4494 950 4534 non
974 4477 1048 4534 resti·
1040 4476 1216 4570 ·Gdienum
1238 4475 1366 4534 votivum
1386 4476 1547 4548 negotium,
1569 4477 1673 4534 absens
1692 4478 1768 4550 licet,
1784 4477 1897 4534 obtinere

232 4583 279 4622 nro
300 4568 480 4640 praeteriisse,
505 4569 573 4626 dum
597 4586 711 4642 semper
733 4571 839 4641 enitor,
857 4573 900 4628 vel
923 4572 1048 4628 maxima
1098 4573 1245 4642 connitor;
1260 4573 1290 4627 et
1308 4587 1360 4643 par
1379 4571 1490 4626 litteras
1515 4572 1703 4644 praesentiam
1723 4590 1816 4628 meam
1833 4569 1897 4626 robis

231 4662 405 4732 quotidianis
437 4665 656 4736 Evangeliorum
688 4667 865 4736 tractatibus,
894 4667 1049 4738 aliquando
1098 4665 1218 4721 reddere
1236 4681 1333 4720 conor.
1349 4665 1420 4718 llum
1435 4681 1483 4720 vos
1501 4665 1583 4720 solito
1599 4682 1681 4722 mura
1695 4665 1897 4722 allocutionibus

231 4756 308 4810 vobis
331 4757 399 4813 fidei
421 4763 448 4814 et
468 4759 594 4816 scientias
619 4776 672 4832 per
694 4759 848 4816 Dominum
871 4759 1049 4816 incramenta
1098 4759 1193 4816 missis
1205 4755 1235 4816 ln
1253 4757 1309 4814 tide
1325 4758 1487 4830 interpello,
1501 4759 1566 4816 ideo
1580 4761 1731 4830 convenio,
1747 4761 1776 4816 in
1792 4774 1897 4828 evange·

230 4853 377 4920 prestare.
405 4852 479 4916 Quid
504 4853 581 4910 enim
614 4854 692 4910 aliud
721 4853 752 4910 in
780 4854 904 4912 Ecclesia
932 4853 1048 4910 Domini
1098 4852 1159 4908 licre
1173 4852 1277 4908 radicis
1296 4851 1434 4908 llrmitate
1454 4851 1575 4922 solidati,
1596 4852 1732 4910 adversus
1746 4853 1839 4910 omnis
1849 4851 1897 4906 dia·

230 4945 327 5001 utilius
348 4945 421 5016 geri,
446 4947 514 5018 quid
539 4947 783 5004 accommodatius
807 4947 900 5003 cilicio
923 4948 1046 5020 episcopi
1097 4945 1155 5001 beli
1165 4947 1265 5018 prelia
1278 4946 1358 5002 stetis
1370 4961 1487 5018 semper
1502 4945 1616 5002 armati.
1630 4947 1784 5003 Absentem
1793 4963 1835 5004 me
1849 4961 1897 5000 non

230 5042 326 5108 polest
346 5037 478 5109 inveniri,
493 5056 581 5111 quam
602 5046 633 5096 ut
652 5041 783 5097 doctrina
805 5041 1048 5113 divinorum,per
1098 5039 1214 5096 credam
1237 5039 1286 5112 tt),
1300 5039 1323 5094 si
1346 5039 1426 5094 icero
1450 5055 1577 5096 secures.
1592 5043 1794 5099 Verumtamen
1815 5038 1897 5094 omnis
1954 5107 1955 5116 ἵ

231 5130 323 5200 ipsum
355 5132 499 5188 insinuato
528 5135 705 5206 collataque,
734 5135 905 5206 verborum,
940 5135 1049 5208 possint
1097 5150 1164 5207 quae
1181 5133 1288 5190 utiliter
1299 5132 1483 5204 proteruntur
1498 5133 1552 5206 (3),
1562 5137 1591 5190 et
1603 5137 1719 5192 aeterna
1734 5136 1796 5190 vitre
1807 5136 1896 5188 statum
1954 5199 1955 5212 χ

224 5224 375 5292 ,credentes
394 5226 430 5280 ad
454 5229 660 5298 repromissum
683 5245 807 5300 regnum
831 5229 980 5301 pervenire
994 5245 1048 5286 coe·
1096 5226 1282 5284 tractantibus
1300 5225 1346 5282 val
1362 5227 1514 5298 definiunt,
1530 5226 1575 5284 val
1596 5229 1769 5300 promittunt
1779 5245 1789 5298 3
1803 5227 1838 5282 ita
1858 5225 1896 5278 de-
1954 5273 1955 5288 .

225 5309 346 5372 iornm'l
360 5319 415 5374 lleo
429 5325 505 5376 certe
519 5322 578 5376 mei
593 5323 623 5376 el
645 5322 738 5393 operis
758 5329 788 5378 et
800 5323 936 5392 muneris,
951 5323 1046 5396 quoti·
1097 5338 1175 5377 mum
1200 5322 1346 5377 fructuosa
1367 5325 1443 5390 sunt,
1457 5321 1481 5376 si
1504 5322 1541 5377 ad
1565 5323 1789 5379 emolumentum
1806 5319 1894 5392 operis,
1954 5355 1955 5368 ί

912 5426 994 5494 Edit.
1019 5427 1123 5494 Oxou.
1148 5431 1245 5492 nolae

260 5551 291 5612 (Ι)
325 5549 360 5598 De
383 5546 535 5611 discipline.
561 5548 591 5600 ln
617 5548 695 5600 nullo
718 5563 770 5600 ms.
798 5551 943 5616 epistolam
968 5551 1041 5604 hanc
1122 5553 1157 5617 (3)
1185 5553 1373 5604 Verumtamen
1395 5563 1486 5602 omaro
1514 5564 1573 5616 quse
1598 5551 1699 5604 utiliter
1725 5549 1893 5617 proteruntur
1954 5541 1955 5584 l

225 5621 457 5685 videreconligil
1091 5625 1232 5677 Pomanus
1254 5626 1312 5675 ait:
1340 5625 1401 5676 Hoc
1420 5639 1455 5675 ex
1480 5625 1579 5675 iisdem
1597 5625 1714 5676 Gravius
1733 5637 1783 5674 ms.
1803 5629 1892 5687 proso
1954 5613 1955 5650 l

257 5695 288 5755 (d)
314 5693 452 5743 Absentem
476 5705 516 5742 me
538 5705 592 5742 noo
618 5693 731 5744 credam
757 5694 898 5746 remelius
921 5695 980 5746 alt:
1001 5695 1040 5745 lta
1091 5697 1238 5762 qnodalrt
1255 5696 1489 5760 proscindimus
1506 5697 1597 5762 placet
1618 5699 1710 5748 eutem
1731 5692 1803 5760 quod
1822 5689 1892 5741 babet
1954 5733 1955 5744 .

224 5764 341 5886 gravius
370 5765 590 5831 adimarginem
625 5770 652 5816 et
686 5781 738 5816 ms.
776 5781 826 5831 pro
863 5781 918 5818 mon
953 5767 1039 5819 credo.
1091 5770 1168 5821 solus
1183 5767 1472 5834 Manutiua,mrilitsr.
1491 5767 1603 5820 Pansae„
1954 5787 1955 5830 )

248 5847 335 5886 anan.
