3986 6208
232 271 283 324 vro
689 263 718 319 s.
739 261 895 320 cvenvuu
915 260 1051 318 orauuu
1073 258 1157 317 rans
1178 262 1210 318 u.
1227 259 1459 321 -ornseuta
1840 265 1885 323 uo
1950 241 1951 334 ᾖ

233 394 267 450 El
294 395 446 462 antequam
470 387 654 460 pervenirent
678 385 774 459 749
797 385 826 442 in
851 385 1048 458 pavimentum
1059 397 1128 468 Au,
1144 387 1181 456 5).
1204 390 1272 443 ltenr
1297 388 1326 442 in
1348 389 1459 443 Psalmo
1478 403 1562 442 vxxvu
1579 403 1585 442 :
1603 406 1618 436 a
1638 385 1740 441 Timete
1757 387 1889 445 Dominam
1950 375 1951 380 ἵ

149 555 152 562 .
236 486 325 542 lacus.
346 482 519 554 apprehensi
540 488 607 537 suut
629 498 646 535 a
668 481 799 536 iconibus
820 485 849 534 et
871 479 968 534 omnia
987 495 1050 533 ossa
1100 497 1200 536 omnes
1214 482 1304 536 sancti
1323 482 1394 552 ejus,
1408 480 1544 551 quoniam
1561 496 1620 534 uou
1639 481 1681 534 est
1694 479 1784 550 iuopia
1802 481 1889 553 eisqui

236 594 336 634 cortun
360 575 604 631 comminuerunt.
622 577 700 630 Tunc
723 574 824 629 Darius
843 591 891 628 res
912 573 1025 644 scripsit
1041 589 1048 625 ε
1100 591 1166 630 eum
1180 578 1322 630 metuunt.
1338 597 1351 624 a
1367 577 1438 630 Item
1452 573 1481 628 in
1497 573 1609 629 Psalmo
1623 589 1687 630 xvru
1702 589 1708 626 :
1725 573 1836 628 «Timor
1848 575 1890 629 lia

235 669 375 726 Omnibus
391 668 533 741 gentibus,
549 668 678 724 tribubus
693 673 720 722 et
735 667 915 739 linguisque
936 673 1001 721 suut
1019 666 1048 720 in
1101 667 1173 722 mini
1187 675 1278 724 castus
1296 684 1479 740 perseverans
1497 668 1526 722 iu
1543 666 1643 722 saecula
1664 665 1821 721 saeculorum
1833 669 1862 721 ⁵⁷.
1878 691 1888 718 v

234 781 323 836 reguo
343 779 409 818 meo
426 780 432 818 :
449 779 500 834 pax
514 762 551 817 sit
562 762 707 817 vobiscum
729 762 832 816 alacie
853 777 925 816 mea.
942 761 1049 816 Censeo
1101 760 1197 834 750
1209 763 1274 818 Cur.
1289 763 1351 816 llltl.
1362 763 1461 818 -Non
1475 761 1611 816 tancrede
1627 761 1712 815 sillero
1722 759 1889 828 iudicandum.

234 862 261 914 et
277 875 330 930 ago
352 860 384 912 ut
404 856 546 911 biomues
562 856 692 927 quisunt
707 857 735 909 iu
751 871 839 926 reguo
859 871 925 908 meo
942 854 998 908 sint
1013 855 1047 908 ii·
1135 857 1165 910 ln
1186 856 1335 928 Evangelio
1356 861 1418 911 cata
1439 856 1543 910 Lucam
1563 871 1569 909 :
1586 855 1706 908 «Nolite
1726 852 1890 924 judicarem

235 955 347 1007 mentes
360 955 388 1006 et
403 955 558 1005 trementes
571 965 715 1004 summum
732 949 822 1004 Deum
836 949 880 1003 cui
896 947 980 1002 servit
997 949 1047 1001 Da·
1097 949 1282 1021 judicemiai3
1294 949 1382 1004 nolite
1394 949 1596 1015 condemnare,
1611 963 1646 1002 ne
1657 946 1889 1003 condemnemini„

236 1045 305 1114 niel,
320 1046 388 1116 quia
401 1044 460 1116 ipse
476 1047 519 1098 est
541 1043 679 1099 Dominus
693 1041 770 1096 vivus
789 1047 819 1096 et
831 1055 1006 1112 permanens
1021 1041 1049 1095 in
1100 1043 1187 1114 (Luc,
1207 1059 1244 1111 vr,
1265 1047 1321 1114 37).
1345 1045 1382 1098 De
1402 1043 1458 1098 hoc
1479 1042 1539 1113 ipsu
1557 1041 1594 1096 ad
1612 1043 1768 1097 Romanos:
1783 1041 1891 1113 «Tuqui

236 1139 350 1208 sacaria,
366 1144 393 1193 et
406 1153 528 1208 reguum
545 1136 606 1206 ejus
622 1154 679 1192 nou
694 1135 836 1198 transibit,
852 1141 881 1189 et
895 1133 1049 1189 dominatio
1100 1153 1129 1192 es
1149 1138 1197 1210 qui
1213 1138 1326 1206 judicas
1351 1137 1477 1191 alienum
1498 1136 1631 1190 servum?
1652 1134 1766 1190 domino
1787 1149 1831 1189 suo
1848 1139 1893 1190 stat

237 1233 298 1303 ejus
318 1233 347 1286 iu
370 1237 538 1303 perpetuum
556 1231 692 1296 ambulat,
707 1235 735 1284 at
755 1230 831 1284 solus
845 1227 911 1283 iacit
927 1228 1009 1299 signa
1022 1233 1051 1284 et
1101 1237 1150 1285 aut
1166 1231 1251 1286 cadit.
1266 1230 1356 1288 Stabit
1368 1235 1479 1297 autem;
1494 1234 1596 1301 potens
1617 1231 1661 1284 cst
1680 1227 1755 1284 euim
1769 1229 1834 1282 Deus
1845 1231 1891 1282 sta-

236 1325 366 1399 prodigiu
381 1330 409 1380 ct
422 1324 562 1378 mirabilia
583 1323 611 1378 ia
630 1324 699 1378 coelo
724 1329 752 1377 et
769 1323 799 1378 in
819 1326 909 1390 terra,
928 1323 976 1393 qni
992 1321 1048 1376 cri·
1100 1331 1179 1381 trrerc
1200 1341 1294 1379 cumo
1318 1327 1416 1394 (Rom,
1439 1339 1495 1390 xvv,
1519 1323 1556 1394 ll.
1578 1325 1612 1379 El
1632 1321 1739 1376 ilerum
1760 1339 1766 1376 :
1786 1344 1799 1370 a
1817 1324 1893 1386 Quare

237 1421 301 1494 pnit
317 1419 462 1474 Danielem
486 1417 520 1472 de
542 1417 605 1472 lacu
626 1417 739 1472 leonum
756 1439 769 1466 »
784 1416 878 1487 (Dum,
896 1433 931 1484 u,
947 1415 1047 1486 tle-28).
1100 1419 1165 1473 siue
1185 1419 1366 1474 excusatione
1380 1419 1404 1453 ⁸⁸
1425 1435 1464 1486 es,
1484 1416 1601 1472 chamo
1622 1415 1716 1472 omnis
1735 1417 1780 1487 qui
1791 1415 1892 1486 judicas.

236 1515 308 1570 Item
332 1513 361 1566 iu
382 1511 515 1566 blicbaea:
540 1531 554 1560 a
571 1512 600 1564 lu
621 1527 676 1582 quo
696 1527 830 1582 assequar
851 1511 1001 1565 Dominum
1021 1513 1050 1565 el
1100 1515 1130 1567 ln
1145 1529 1201 1584 quo
1220 1513 1298 1567 enim
1313 1511 1423 1583 judicas
1438 1512 1537 1578 elium,
1560 1513 1587 1564 le
1607 1510 1702 1582 ipsum
1720 1511 1890 1565 condemnas:

236 1603 450 1677 apprehendam
467 1585 550 1658 illum
574 1603 603 1658 in
629 1604 783 1672 sacrificiis,
810 1605 837 1659 in
867 1604 1048 1659 holocausto·
1101 1605 1202 1661 eadem
1215 1606 1295 1661 euim
1309 1604 1370 1678 agis
1383 1605 1577 1678 qusejudieas.
1593 1605 1697 1676 Speras
1705 1608 1806 1672 autem,
1817 1609 1842 1658 tn
1853 1603 1892 1674 qni

236 1699 332 1766 matis,
344 1698 373 1752 iu
387 1698 482 1752 vitulis
498 1697 647 1766 anniculis,
660 1697 682 1752 si
696 1702 811 1770 accepto
825 1698 900 1753 lavet
914 1697 1050 1752 Dominus
1097 1699 1208 1771 judicas
1230 1714 1278 1755 eus
1298 1699 1348 1772 qui
1366 1699 1444 1754 mala
1463 1705 1553 1771 agunt
1576 1703 1606 1753 et
1625 1697 1728 1754 eadem
1748 1697 1820 1765 lacis,
1840 1697 1895 1767 quia

237 1794 267 1848 iu
282 1792 405 1848 millibus
418 1807 571 1863 caprarum
586 1791 747 1864 pinguium,
762 1795 811 1846 aut
823 1791 895 1846 dabo
908 1763 1089 1862 primitivaB
1100 1794 1162 1866 ipse
1177 1793 1297 1865 effugies
1309 1793 1449 1865 judicium
1461 1793 1509 1848 Dei
1525 1815 1539 1843 o
1553 1791 1650 1864 (ilem,
1664 1807 1694 1855 u,
1711 1790 1782 1862 l-3)?
1795 1791 1858 1846 llam
1871 1789 1894 1844 iu

239 1903 304 1941 mee
326 1885 484 1957 impietatis
514 1885 638 1940 fructum
665 1886 773 1940 ventris
800 1885 874 1954 mei,
901 1889 1049 1956 peccatum
1101 1887 1226 1960 Epistola
1250 1887 1328 1944 Pauli
1350 1887 1385 1942 ad
1408 1886 1569 1944 coriathios
1590 1886 1686 1958 prima
1703 1901 1710 1940 :
1729 1905 1744 1936 a
1763 1886 1795 1939 Et
1812 1884 1854 1955 qui
1872 1899 1895 1938 sc

239 1980 343 2035 animae
365 1995 447 2036 meae.
472 1979 678 2035 Renuntiatum
701 1979 753 2034 tibi
779 1984 829 2047 est,
853 1978 950 2046 homo,
974 1977 1050 2049 quod
1101 1987 1181 2052 putat
1203 1986 1290 2051 stare,
1309 1981 1406 2036 rideat
1426 1996 1462 2035 ne
1483 1979 1564 2035 cadat
1578 2001 1592 2030 a
1616 1980 1638 2051 (l
1653 1978 1728 2047 Gor„
1752 1994 1776 2042 x.
1802 1981 1849 2048 ll).
1869 1977 1896 2030 Et

237 2073 344 2129 honum
367 2077 416 2127 aut
438 2072 514 2143 quod
534 2072 669 2128 Dominus
690 2071 816 2144 exquirit
834 2072 921 2141 aliud,
943 2071 997 2127 nisi
1019 2078 1051 2127 ut
1102 2075 1227 2130 itemm:
1246 2095 1259 2124 a
1274 2074 1303 2130 Si
1318 2073 1382 2145 quis
1397 2091 1425 2129 se
1440 2073 1554 2146 putatl’
1572 2071 1642 2128 seire
1657 2071 1775 2144 aliquid,
1789 2070 1896 2126 noudum

236 2167 323 2222 facias
339 2165 478 2238 judicium
504 2171 532 2221 ct
551 2166 691 2237 justitiam
716 2172 744 2221 ct
766 2166 867 2238 diligas
891 2165 1049 2221 misericor·
1100 2169 1185 2224 scit⁶⁰
1202 2166 1444 2240 qrremadmodum
1458 2170 1591 2239 oporteat
1603 2182 1670 2221 eum
1691 2164 1761 2221 scire
1775 2186 1788 2216 »
1803 2165 1823 2236 (l
1837 2163 1896 2228 Cor,

238 2261 325 2329 diam,
342 2264 370 2316 et
386 2263 500 2331 paratus
520 2259 558 2314 sis
579 2263 610 2314 ut
624 2277 671 2315 eas
687 2276 752 2314 cum
772 2259 892 2316 Domino
911 2261 967 2314 Deo
988 2263 1049 2315 tuo.
1101 2277 1157 2333 vui,
1171 2261 1210 2334 ἳ).

238 2355 295 2409 Vox
320 2353 430 2408 Domini
457 2355 486 2408 iu
509 2354 619 2408 civitate
645 2353 843 2421 invocabitur,
863 2359 891 2409 et
918 2354 1051 2409 timentes
1100 2366 1163 2422 cst,
1178 2365 1436 2435 lixit-Accepta
1454 2363 1568 2432 injuria,
1585 2361 1814 2419 remittendorum
1832 2365 1896 2430 ipae·
1950 2335 1951 2340 ἵ

238 2463 343 2502 nomen
361 2447 421 2519 ejus
442 2447 560 2502 salvabit
579 2469 593 2498 a
610 2448 713 2518 (Mica,
729 2463 765 2514 vr,
781 2447 853 2517 6-9).
871 2450 939 2502 ltem
957 2447 987 2501 in
1000 2445 1049 2502 tli-
1441 2444 1579 2499 scendum.

239 2541 317 2596 ahma
334 2557 340 2595 :
357 2561 370 2592 a
390 2543 473 2595 Pasce
495 2541 632 2612 populum
653 2545 734 2597 tuum
753 2541 784 2596 in
806 2541 885 2612 virga
907 2545 964 2608 tua,
985 2556 1051 2596 oves
1137 2546 1169 2600 ln
1185 2542 1338 2615 Evangelio
1349 2543 1372 2578 ⁶¹
1388 2541 1417 2597 in
1433 2557 1515 2613 prece
1531 2539 1698 2612 quotidiana
1712 2557 1744 2596 :«
1759 2536 1898 2594 Remittel’

238 2634 414 2689 hereditatis
430 2637 496 2701 tuas,
508 2638 537 2688 et
547 2635 706 2690 habitantes
720 2635 873 2706 separatim
887 2635 1010 2690 convelle
1021 2635 1051 2688 in
1101 2637 1183 2693 uobis
1206 2637 1300 2692 debila
1320 2636 1375 2707 (aa)
1394 2641 1503 2702 nostra,
1523 2635 1596 2689 sicui
1619 2637 1649 2689 et
1668 2650 1720 2690 nos
1733 2633 1898 2696 remittimus,

238 2729 333 2784 medio
348 2729 487 2783 Cermalo.
504 2727 648 2783 Parabuut
669 2728 799 2783 Basauim
819 2734 848 2784 et
867 2728 993 2784 Galadim
1006 2745 1049 2783 se·
1101 2730 1277 2788 debitoribus
1300 2731 1403 2785 uostris
1428 2749 1442 2780 o
1467 2729 1589 2802 (uacca,
1611 2745 1655 2798 vr,
1682 2729 1734 2800 12).
1762 2729 1828 2782 ltem
1847 2728 1899 2778 cata

237 2821 363 2878 cundum
379 2821 440 2876 dies
455 2822 563 2887 saculi,
579 2823 606 2876 et
620 2822 775 2876 secuudum
790 2821 851 2877 dies
870 2821 1051 2892 profectionis
1102 2827 1225 2882 tiarcum
1248 2841 1254 2879 ε
1272 2845 1285 2874 ιι
1301 2825 1335 2878 Et
1347 2839 1412 2878 eum
1427 2822 1561 2877 steteritis
1576 2821 1611 2877 ad
1627 2822 1800 2888 orationem,
1815 2817 1897 2874 remil-

240 2931 340 2970 eorum
354 2919 461 2970 eterra
481 2913 593 2987 AEgypti
609 2915 756 2970 ostendam
770 2915 825 2970 illis
836 2914 987 2970 mirabilia.
1003 2915 1049 2968 Vi·
1101 2919 1152 2973 tite
1166 2919 1188 2972 si
1206 2917 1274 2990 qnid
1294 2916 1403 2972 habetis
1424 2916 1560 2970 adversus
1579 2915 1716 2987 aliquem,
1737 2918 1768 2969 ut
1789 2919 1815 2968 et
1832 2915 1899 2967 Pater

239 3009 348 3065 debunt
360 3014 459 3080 gentes
474 3015 503 3064 et
516 3009 728 3064 contundentur
740 3025 772 3064 ex
789 3009 869 3064 omni
884 3007 1052 3064 fortitudine
1102 3013 1197 3066 vester
1212 3011 1261 3084 qai
1281 3010 1310 3065 in
1333 3009 1408 3066 coelis
1429 3013 1471 3065 cst
1491 3009 1619 3064 remittat
1636 3013 1732 3064 vestra
1746 3011 1898 3080 peccatam·

239 3120 298 3170 sua‚
314 3105 344 3157 et
358 3108 554 3174 superponent
576 3119 678 3157 manus
697 3104 726 3156 ia
747 3119 778 3158 os
797 3119 891 3158 suum.
906 3105 995 3158 Aures
1017 3101 1155 3206 il-Cbis.
1177 3105 1203 3161 si
1225 3105 1357 3160 autem⁸³
1375 3120 1423 3158 vos
1445 3119 1503 3158 uon
1526 3102 1704 3174 dimiseritis,
1726 3117 1814 3174 neque
1833 3101 1900 3154 Pater

239 3197 334 3254 lorum
345 3196 584 3265 exsurdabuntur,
595 3201 623 3252 et
632 3197 744 3268 lingent
753 3197 897 3268 pulverem
908 3196 1053 3268 quomodo
1105 3202 1196 3255 vester
1209 3199 1257 3271 qui
1273 3199 1304 3253 in
1320 3197 1396 3254 coelis
1410 3201 1451 3253 est
1464 3196 1589 3253 dimittet
1600 3211 1651 3251 vos
1664 3199 1781 3268 peccata
1797 3195 1878 3250 vestra
1888 3213 1898 3240 l

239 3295 394 3362 serpentes.
423 3290 579 3347 'trahentes
605 3293 712 3346 terram
735 3290 997 3358 conturbabuntur,
1025 3294 1054 3345 et
1104 3293 1212 3364 (Mure,
1228 3309 1266 3361 ru,
1281 3291 1338 3363 25).
1353 3293 1422 3347 Item
1438 3291 1548 3346 illlata
1564 3291 1595 3346 lu
1607 3305 1667 3360 qua
1682 3305 1814 3345 mensura
1827 3285 1900 3342 merui
1950 3325 1951 3346 i

238 3385 351 3454 lingent
364 3385 522 3456 pulverem.
537 3386 568 3438 ln
584 3384 766 3439 conclusione
785 3399 835 3438 sua
849 3385 884 3438 ad
900 3383 1053 3439 Dominum
1103 3387 1213 3443 fueritis
1223 3387 1258 3454 ⁶⁸,
1277 3387 1306 3442 in
1323 3403 1354 3440 aa
1377 3385 1545 3440 remetietur
1561 3384 1668 3438 vobis»
1690 3385 1797 3452 (liure,
1811 3398 1844 3450 rv,
1856 3379 1900 3448 tlt.
1950 3387 1951 3392 ’

240 3479 331 3534 Deum
345 3494 428 3536 suum
443 3482 642 3549 expavescent,
657 3481 686 3532 et
700 3476 845 3533 timebunt
857 3477 907 3532 abs
927 3483 965 3532 le.
986 3476 1054 3541 Quis
1175 3483 1241 3536 Cir.
1256 3480 1341 3535 lillltl.
1355 3511 1390 3519 -
1406 3479 1496 3534 Vicera
1506 3479 1586 3533 malis
1601 3493 1655 3532 non
1669 3477 1841 3532 resistendam.

232 3572 315 3628 Deus
329 3571 475 3644 quomodo
491 3577 532 3638 tu,
547 3571 659 3626 elevans
677 3571 849 3643 injustitiam
865 3577 893 3628 et
907 3575 1053 3642 transgre·
1139 3576 1171 3629 lu
1186 3573 1308 3646 Epistola
1322 3573 1398 3628 Pauli
1413 3573 1450 3628 ad
1463 3573 1606 3627 Romanos
1625 3587 1632 3624 ε
1650 3593 1664 3621 a
1679 3571 1791 3629 Nemini
1810 3567 1901 3624 malum

239 3666 322 3722 diens
343 3665 523 3736 impietatem
546 3683 559 3716 r
587 3663 688 3736 (Mica,
709 3680 756 3727 vu,
777 3665 884 3734 tls-illl?
900 3665 934 3718 Et
950 3664 979 3717 in
999 3665 1052 3718 Na·
1104 3685 1156 3742 pro
1168 3667 1244 3723 malo
1258 3667 1447 3723 reddentes.»
1459 3667 1530 3720 ltem
1542 3665 1617 3720 illic:
1631 3661 1900 3724 «Noaviurianulo,
1950 3723 1951 3744 Χ

239 3760 329 3814 bam:
349 3760 482 3815 «bluntes
503 3759 641 3813 commoti
659 3763 725 3812 suut
738 3758 773 3814 ab
786 3773 831 3826 eu,
848 3761 875 3812 et
888 3757 973 3812 colles
986 3774 1053 3812 con·
1104 3763 1154 3818 sed
1173 3763 1252 3816 vius-a
1268 3762 1298 3816 in
1321 3761 1431 3815 bouo⁶⁸
1452 3761 1560 3814 malurn
1580 3777 1595 3811 a
1614 3759 1714 3830 (Rom,
1733 3775 1780 3827 ιιι,
1801 3761 1839 3828 tt,
1856 3757 1899 3818 tlt.
1950 3823 1951 3840 Χ

239 3857 429 3920 tremuerunt,
446 3856 474 3908 et
488 3851 630 3907 denudata
647 3855 691 3906 est
706 3853 782 3906 terra
794 3852 861 3906 aute
875 3851 978 3906 taciem
994 3851 1055 3923 ejus
1107 3857 1143 3912 De
1160 3855 1214 3911 hoc
1236 3854 1297 3926 ipso
1315 3854 1344 3910 iu
1366 3854 1532 3925 Apocalypsi
1552 3869 1559 3908 :
1585 3873 1599 3903 a
1620 3855 1654 3909 Et
1674 3853 1745 3908 dixit
1763 3851 1829 3907 mihi
1848 3867 1853 3902 :
1871 3849 1901 3901 n'e
1950 3881 1951 3906 i

240 3951 268 4002 et
282 3963 382 4003 omues
394 3946 442 4018 qui
454 3945 616 4002 inhabitant
633 3946 724 4001 illam.
739 3945 842 4000 Aiacis
855 3945 907 4000 irae
921 3946 983 4016 ejus
991 3945 1054 4018 quis
1105 3949 1261 4020 signaveris
1283 3949 1368 4004 verba
1389 3947 1548 4020 prophetice
1567 3946 1631 4001 libri
1655 3947 1753 4018 buius,
1776 3945 1837 4016 quia
1855 3943 1901 4012 juu
1950 3909 1951 3982 i

240 4039 403 4108 sustinebit,
418 4041 447 4095 et
460 4039 524 4111 quis
537 4039 643 4094 resistit
657 4038 686 4094 iu
702 4039 743 4094 ira
761 4039 850 4094 animi
867 4039 976 4110 ipsius?
988 4038 1053 4094 Ani·
1104 4046 1217 4114 tempus
1239 4042 1268 4096 in
1289 4040 1420 4113 proximo
1439 4045 1491 4109 est,
1506 4044 1535 4095 et
1554 4040 1584 4094 bi
1603 4041 1653 4112 qui
1673 4041 1850 4112 perseverant
1862 4049 1900 4088 no·
1950 4057 1951 4064 .

241 4139 327 4190 matio
346 4133 433 4204 ipsius
452 4133 541 4189 fluere
561 4132 628 4188 lacit
647 4132 832 4204 principatus,
847 4139 875 4188 et
895 4137 984 4204 petrae
1003 4133 1056 4188 dis
1105 4152 1170 4191 cere
1185 4137 1316 4203 noceant,
1335 4141 1363 4190 et
1383 4133 1431 4206 qui
1450 4135 1478 4188 iu
1496 4133 1628 4188 sordibus
1644 4139 1688 4189 est
1710 4133 1848 4188 sordescat
1861 4125 1900 4180 ad·

241 4229 341 4284 solutae
355 4233 422 4281 sum
443 4226 478 4281 ab
500 4225 558 4281 illo.
575 4228 670 4280 Dauus
685 4226 822 4281 Dominus
845 4227 900 4282 illis
921 4227 969 4298 qui
989 4241 1055 4282 eum
1105 4230 1171 4297 huc,
1183 4229 1276 4299 justus
1290 4233 1387 4282 autern
1407 4227 1499 4282 adhuc
1509 4227 1632 4298 justiora
1645 4227 1773 4295 iaciat⁶⁶,
1790 4223 1902 4280 similiter
1950 4299 1951 4304 ἵ

242 4319 432 4376 sustinentia
451 4319 499 4374 die
518 4321 901 4392 pressurae,etcoguosceus
922 4320 986 4376 illos
1007 4321 1056 4392 qni
1106 4327 1136 4378 ct
1157 4328 1269 4378 sauctus
1290 4321 1440 4376 sanctiora.
1460 4323 1529 4376 Ecce
1549 4320 1632 4376 venio
1657 4320 1729 4388 cito,
1756 4325 1784 4374 et
1809 4329 1901 4372 merces
1950 4365 1951 4376 ,

241 4428 306 4470 earm
331 4415 437 4467 timent
454 4433 469 4463 o
496 4414 624 4483 (Nabum,
649 4430 669 4479 r,
692 4417 757 4482 5-7).
778 4414 849 4468 ltem
872 4414 901 4468 in
922 4417 1054 4486 aggaeo:
1107 4433 1172 4472 mea
1187 4431 1300 4471 mecum
1316 4419 1369 4484 est,
1382 4411 1902 4485 reddereuuicuiquesecuudumfacta
1950 4429 1951 4482 p

245 4529 258 4558 a
279 4509 313 4562 Et
328 4505 600 4562 audivitZorobabel
613 4505 687 4562 lilius
701 4505 839 4562 Salathiel
854 4506 974 4562 detribu
985 4499 1096 4574 ludaD
1107 4526 1157 4566 sua
1168 4511 1190 4545 ⁰⁷
1207 4533 1220 4560 a
1235 4511 1342 4581 (apoc,
1359 4525 1425 4576 xxn,
1440 4510 1496 4580 lo).
1950 4485 1951 4504 Χ

243 4599 937 4672 etlesusfiliustosedecbsacerdosmagnns,et
955 4617 1055 4658 omues
1106 4613 1325 4671 cmxxiv,-
1340 4614 1401 4670 No„
1419 4611 1671 4682 posseadpmem
1687 4603 1902 4682 mmmmm*
1950 4593 1951 4604 ¹

243 4697 292 4769 qui
305 4693 510 4767 superfuerunt
525 4693 560 4749 de
579 4694 685 4766 populo
702 4709 786 4750 voces
805 4694 918 4749 Domini
937 4695 986 4750 Dei
1001 4697 1054 4764 sui,
1166 4725 1170 4732 ·
1240 4709 1289 4763 per
1302 4691 1580 4761 Filiumcjustesam
1595 4690 1777 4746 cbristumll.

243 4789 382 4862 quoniam
403 4787 480 4843 misit
502 4787 580 4843 illum
604 4788 742 4843 Dominus
763 4789 798 4844 ad
818 4787 890 4858 illos,
912 4793 942 4843 el
962 4790 1057 4845 timuit
1143 4795 1174 4847 lu
1199 4789 1354 4862 Evangelio
1378 4793 1439 4846 cate
1460 4789 1600 4845 loannem
1627 4806 1634 4842 :
1658 4809 1673 4838 a
1694 4789 1754 4860 Ego
1778 4800 1836 4840 sum
1856 4781 1900 4844 rii·

244 4883 325 4956 plebs
338 4901 354 4937 a
366 4882 437 4938 facie
451 4882 501 4937 Dei
516 4904 530 4932 o
546 4883 638 4952 (App,
655 4899 673 4951 r,
691 4882 745 4953 ll).
762 4885 833 4937 ltem
849 4883 878 4938 in
899 4883 1034 4940 ldslachia
1048 4903 1054 4940 :
1107 4885 1211 4942 veritas
1224 4884 1330 4940 eluta.
1343 4885 1433 4940 Nemo
1446 4885 1525 4938 veuit
1536 4882 1572 4939 ad
1586 4883 1699 4939 Patrem
1712 4879 1766 4936 uisi
1780 4895 1827 4951 per
1840 4889 1879 4931 me
1889 4895 1899 4920 a
1950 4951 1951 4960 ἵ

245 4997 259 5028 a
278 4978 494 5032 Testamentum
518 4975 570 5032 init
584 4991 649 5030 curn
665 4975 722 5030 vita
741 4980 769 5031 et
788 4991 866 5048 pace,
880 4979 908 5032 et
924 4977 988 5033 dedi
1001 4978 1057 5034 iilis
1110 4982 1210 5050 (locu,
1225 4995 1281 5047 xvv,
1300 4981 1337 5049 o).
1360 4981 1432 5035 ltem
1454 4977 1511 5033 illic
1532 4995 1539 5032 :
1564 4999 1578 5028 α
1601 4978 1661 5049 Ego
1683 4992 1746 5031 sum
1765 4973 1860 5028 ostium
1872 4967 1900 5020 ⁷⁰.
1950 4965 1951 4968 ’

244 5071 376 5127 timorem
390 5070 494 5125 timere
509 5086 555 5126 me
569 5085 585 5124 a
597 5069 802 5126 iacienomiuis
815 5070 873 5126 mei
887 5091 901 5122 a
916 5070 1057 5144 (Malaca,
1108 5077 1162 5130 Per
1174 5090 1220 5130 nae
1236 5073 1258 5130 si
1276 5072 1340 5145 quis
1359 5071 1512 5141 introierit,
1527 5070 1682 5126 salvabitur
1696 5090 1709 5120 o
1724 5069 1820 5141 (tacite
1832 5079 1856 5131 ¹,
1870 5061 1900 5130 9l·
1950 5059 1951 5124 Ῐ

903 5193 1007 5260 Variae
1033 5199 1201 5264 lectiones.

276 5318 296 5354 ⁵⁷
311 5319 405 5370 Timor
416 5321 528 5372 Domini
542 5321 655 5370 sanctus
671 5331 836 5383 permanens
849 5320 876 5371 in
891 5327 1026 5375 aeteruum
1038 5329 1103 5380 coit,
1138 5323 1449 5375 salnexeusabiliscoic.
1485 5316 1769 5384 ⁵’Sesperatlloria
1805 5313 1824 5345 ‘³
1842 5309 1901 5362 b'ou·
1950 5331 1951 5336 κ

244 5392 312 5442 dum
325 5392 378 5443 hoc
392 5392 427 5441 sit
441 5388 514 5443 corb.
530 5389 661 5440 Nondum
674 5391 804 5453 cognovit
817 5393 884 5443 Gall.
916 5391 939 5425 ⁸¹
953 5394 983 5444 ln
1001 5396 1152 5462 Evangelio
1172 5395 1534 5448 Marthae1:Remivrecots.
1567 5381 1897 5443 ⁶¹Dtmtrrenobtsrred.÷-
1950 5425 1951 5430 ,

244 5460 316 5516 corb.
332 5463 356 5511 et
372 5461 547 5524 u'cdeiurcps.
581 5462 601 5493 ⁶³
617 5457 826 5512 Slautemvcs.
843 5461 1006 5515 Desnuttac
1022 5467 1049 5515 la
1064 5469 1125 5518 Tin.
1158 5465 1441 5520 “Metiveritiscorb
1481 5453 1897 5515 ⁸⁵1no0numrlu.cort.nu
1950 5449 1951 5476 ¹

242 5528 793 5597 ⁸⁸iustusjnstioraiacletliod.beau.
825 5530 1015 5598 ⁰⁷0perasaa
1032 5538 1101 5591 Coit.
1134 5535 1579 5600 “Patremvaniraaoauaa
1596 5537 1622 5587 l.
1653 5521 1897 5593 ⁸'Nisipeerris-
1950 5549 1951 5594 l

244 5607 304 5656 tum
316 5601 378 5656 Ded.
394 5603 419 5664 i,
432 5605 456 5651 t.
474 5599 534 5650 Tio.
549 5599 622 5652 corb.
635 5599 694 5651 Nisi
704 5613 753 5664 per
764 5601 915 5654 Dominum
927 5607 996 5660 coti.
1029 5605 1051 5642 Ν
1062 5607 1131 5660 sum
1141 5610 1228 5673 janua
1242 5607 1304 5660 flou,
1316 5609 1340 5670 1,
1353 5607 1377 5658 3,
1394 5609 1462 5660 eon,

893 5715 1004 5800 Steph.
1029 5718 1151 5784 Balnzii
1173 5723 1270 5784 uotae.

277 5831 323 5900 (til)
342 5831 446 5888 llcmr'tle
460 5825 533 5884 lota
546 5827 641 5882 detrito.
656 5827 726 5882 Vide
738 5827 846 5884 [irasmi
864 5833 1055 5886 annotationes
1072 5835 1099 5887 in
1112 5839 1196 5902 capnt
1214 5837 1325 5888 sextum
1340 5831 1473 5886 Matthaei.
