3978 6204
255 275 306 334 aee
714 281 741 337 S.
763 282 919 340 ct't‘ttlartt
938 283 1075 340 euanuit
1096 283 1180 338 PARS
1199 271 1284 338 ll.‘··-
1303 283 1486 342 opuscula.
1868 296 1910 351 666

254 405 461 478 indulgentiam
487 407 522 462 de
548 406 650 464 divinis
674 409 842 464 nrrrueribus
866 409 1015 466 haurirent
1035 411 1068 478 ⁸⁸,
1081 423 1184 496 Arum
1213 409 1335 482 populus
1361 411 1522 482 intelligere
1551 427 1608 470 nou
1635 413 1737 484 potuit,
1762 413 1911 475 delictorum

255 517 340 572 quam
362 505 504 572 acceptam
527 501 594 574 (67),
617 502 707 557 ludaei
732 505 902 574 contemptis
928 505 1069 576 religioni·
1120 503 1257 558 meritum
1278 503 1341 558 init.
1362 505 1408 559 Sic
1431 509 1513 559 arant
1536 507 1681 577 sapientiae
1705 508 1757 578 (76)
1779 516 1804 564 66
1821 511 1911 566 intelli-

254 591 317 660 bus,
339 594 538 665 perdidissent.
555 596 643 665 Hnjus
667 595 754 667 igitur
776 597 876 667 gratiae
901 596 1070 668 disciplinae·
1121 597 1226 668 gantiae
1245 597 1373 652 crecitate
1395 597 1533 665 mulctati,
1553 604 1585 655 ut
1604 600 1653 671 qui
1678 601 1733 656 rita
1757 601 1859 675 indigni
1880 623 1914 661 es·

255 703 310 756 que
338 687 443 744 arbiter
467 690 489 723 ⁸⁷
511 696 538 743 et
565 689 704 760 magister
728 689 827 744 Sermo
854 695 882 745 et
908 691 994 745 Filius
1020 691 1070 746 Dei
1120 694 1183 745 sent
1198 689 1515 747 haherentvitarnante
1531 693 1627 750 oculos
1642 693 1837 751 naevidereat.

254 781 385 848 mittitur,
400 782 448 854 qui
463 800 514 854 per
526 783 681 854 prophetas
694 798 793 838 earnes
808 791 882 840 retro
895 783 1071 840 illuminator
1155 785 1222 840 lllll.
1247 787 1358 856 ltaque,
1384 801 1450 840 cum
1476 787 1606 842 Christus
1627 789 1714 856 tesus,
1738 791 1879 846 secundnm
1899 809 1913 848 a

255 879 284 930 et
312 875 412 932 doctor
438 877 493 948 (68)
521 877 637 932 lauaroni
664 878 776 948 generis
807 878 1011 950 praedicabatur
1035 879 1069 936 ⁴⁸.
1121 878 1270 950 prophetis
1294 881 1360 933 ante
1388 879 1535 950 praedicta,
1558 880 1643 948 verbo
1665 887 1694 938 et
1717 883 1786 938 vocis
1809 883 1913 957 imperio
1963 903 1964 910 ¹

254 971 304 1026 llic
323 975 366 1025 cst
388 970 473 1026 virtus
494 971 553 1040 liei,
576 972 622 1026 hic
641 972 722 1035 ratio,
741 972 787 1026 hie
804 972 942 1043 sapientia
960 974 1020 1044 ejus
1043 976 1071 1028 ct
1121 970 1263 1030 daemonia
1285 973 1320 1028 da
1341 973 1508 1030 hominibus
1526 979 1687 1043 excuteret,
1704 977 1859 1048 paralyticos
1877 997 1913 1034 re-

255 1066 355 1136 gloria.
373 1067 422 1120 llic
435 1067 464 1120 in
478 1067 618 1138 virginem
634 1065 759 1120 illabitur
772 1067 806 1134 ⁸⁹,
821 1083 938 1121 carnem
951 1066 1070 1138 Spiritus
1120 1066 1287 1138 stringeret,
1317 1067 1441 1138 leprosus
1467 1073 1616 1140 purgaret,
1640 1069 1811 1126 illuminaret
1830 1089 1913 1142 caeos,

256 1159 310 1232 (66)
339 1161 453 1215 sanctus
480 1159 618 1227 induitur,
642 1161 714 1214 Daris
737 1176 803 1216 cum
832 1159 927 1234 579
954 1161 1069 1216 homine
1120 1158 1227 1215 claudis
1247 1176 1375 1232 gressum
1397 1162 1487 1230 daret,
1515 1167 1641 1218 mortuus
1666 1180 1761 1218 rursus
1784 1166 1913 1237 animaret,

254 1253 398 1308 miscetur.
426 1255 473 1308 llic
494 1255 568 1308 Deus
591 1257 696 1322 noster,
720 1253 766 1308 hic
789 1253 916 1308 Christus
942 1257 993 1322 est,
1021 1255 1070 1326 qui
1120 1253 1914 1327 cogeretsihiclementalaarulari,servirerentas‚ma-

252 1349 395 1403 mediator
407 1348 539 1416 duorum,
555 1348 703 1402 hominem
716 1347 817 1414 induit,
831 1364 918 1420 quem
932 1347 1069 1420 perducat
1120 1347 1161 1400 ria
1174 1347 1300 1415 obedire,
1319 1347 1427 1403 inieras
1441 1349 1552 1416 cedere,
1565 1350 1667 1418 ludaei,
1686 1350 1737 1422 qui
1750 1351 1824 1406 illurn
1838 1354 1915 1407 credi·

253 1443 289 1498 ad
303 1444 424 1497 Patrem.
440 1441 522 1507 Quod
536 1441 623 1497 homo
643 1446 685 1496 est
702 1458 762 1497 csse
783 1441 910 1498 Christus
926 1442 1022 1511 voluit,
1039 1449 1071 1497 ut
1120 1439 1222 1495 derant
1241 1442 1392 1496 hominem
1413 1441 1509 1516 580
1525 1448 1637 1498 tantum
1654 1443 1710 1515 (72)
1726 1445 1759 1500 de
1773 1445 1915 1501 hunrilitate

251 1540 280 1592 et
294 1537 378 1591 horae
393 1535 481 1607 possit
494 1553 554 1591 esse
568 1536 644 1607 quod
658 1536 785 1592 Christus
798 1541 852 1591 est.
1120 1535 1213 1589 carnis
1227 1539 1256 1589 et
1268 1537 1405 1607 corporis,
1426 1537 1626 1592 existimabant
1644 1553 1760 1610 magum
1776 1539 1808 1594 de
1819 1539 1916 1594 licentia

287 1631 345 1686 llll.
370 1629 501 1686 Sciebant
520 1635 549 1686 et
567 1629 657 1686 iudai
681 1631 733 1701 (76)
756 1630 901 1687 Christum
925 1647 985 1686 esse
1006 1647 1071 1686 ven·
1119 1628 1276 1700 potestatis.
1297 1631 1374 1684 Hunc
1398 1630 1526 1702 magistri
1551 1647 1648 1686 eornm
1675 1635 1761 1704 atque
1784 1633 1914 1703 primores,

251 1727 357 1780 turrim.
382 1725 452 1778 Nam
478 1723 523 1778 hic
545 1723 599 1778 illis
615 1724 639 1758 ⁵⁰
652 1740 775 1796 semper,
801 1723 948 1796 prophetis
971 1725 1068 1780 admo·
1120 1723 1172 1776 hoc
1187 1726 1320 1794 est,ques
1334 1723 1502 1778 etdoctrina
1516 1723 1560 1778 ille
1576 1729 1604 1778 et
1615 1724 1753 1796 sapientia
1764 1727 1915 1792 revincebat,

252 1818 403 1884 uentibus,
431 1817 666 1872 annuntiabatur.
694 1817 748 1872 Sed
777 1817 934 1888 significato
964 1807 1229 1890 dupliciBaccensi
1250 1817 1377 1873 ira⁵²et
1404 1817 1604 1890 indignatione
1630 1819 1789 1890 provocati,
1814 1819 1916 1875 insecuti

252 1913 314 1983 ejus
333 1913 465 1979 adventu,
481 1927 538 1966 uno
557 1911 605 1983 qui
621 1910 757 1966 exercitio
779 1914 807 1965 et
826 1912 957 1982 exempla
976 1912 1068 1967 homi·
1119 1913 1185 1964 sam
1205 1911 1240 1976 ⁵³,
1263 1912 1293 1964 et
1309 1914 1454 1982 pestremo
1476 1910 1621 1966 detentum
1644 1911 1744 1967 Pontio
1765 1912 1856 1980 Pilato,
1876 1913 1916 1984 qui

251 2006 296 2060 nis
319 2007 497 2078 iungeretur,
518 2005 609 2060 altero
632 2005 681 2076 qui
703 2007 791 2060 Deum
812 2004 1069 2074 lateretu1·⁵¹,non
1119 2008 1187 2057 tunc
1201 2019 1235 2058 ex
1251 2010 1331 2074 parte
1345 2005 1475 2060 Romana
1490 2003 1602 2076 Syriam
1618 2005 1787 2076 procurabat
1799 2005 1859 2078 (73),
1873 2012 1916 2060 tra·

253 2098 441 2171 intelligendu
469 2100 595 2172 primum
616 2099 785 2166 adrentum,
807 2099 857 2170 qui
882 2099 911 2153 in
938 2098 1070 2172 passione
1119 2095 1263 2166 diderunt,
1279 2113 1392 2152 crucem
1408 2097 1471 2169 ejus
1489 2103 1517 2154 et
1531 2102 1656 2154 mortem
1671 2098 1810 2172 suffragiis
1822 2101 1915 2155 violen-

251 2192 395 2264 prrecessit
414 2193 549 2262 occultus,
566 2207 656 2246 unum
678 2197 788 2248 6666666
809 2192 930 2247 creduut
948 2191 995 2264 qui
1016 2193 1070 2246 erit
1119 2189 1154 2246 tis
1166 2206 1200 2244 ac
1213 2191 1402 2262 pertinacibus
1414 2191 1437 2227 ⁵⁶
1450 2191 1614 2263 flagitantes
1628 2193 1663 2247 ³⁸.

251 2286 281 2342 irr
304 2289 442 2360 potestate
466 2285 643 2342 manifestas.
665 2285 745 2350 Quod
766 2291 860 2341 autem
880 2285 934 2341 hoc
955 2285 1068 2341 iudeo·
1155 2284 1219 2339 lllV.
1235 2285 1290 2339 iloc
1304 2300 1351 2339 eos
1368 2283 1493 2340 facturos
1508 2291 1536 2341 et
1549 2286 1608 2357 ipse
1626 2285 1806 2358 praedixerat,
1821 2291 1847 2342 et
1859 2303 1915 2358 pro·

940 2442 1046 2506 Varie
1077 2441 1248 2505 lectiones.

278 2579 300 2614 ⁴⁸
314 2580 472 2641 Haurirent,
489 2579 573 2643 huius
597 2580 656 2628 Tha.
679 2578 756 2628 6666.
778 2577 842 2628 Vici.
876 2579 898 2611 ⁴⁷
915 2577 1106 2642 Indulgentiae,
1125 2577 1230 2641 gratioe,
1250 2577 1461 2643 disciplinaeque
1484 2578 1588 2631 arbiter
1613 2579 1693 2630 oran.
1716 2581 1810 2630 Pamel.
1832 2579 1915 2642 Rigalt.

247 2649 367 2700 Liadaer.
381 2649 567 2714 Indulgentiae
581 2650 666 2714 igitur
679 2651 706 2698 et
722 2649 817 2714 gratiae
832 2648 933 2700 arbiter
951 2651 1018 2714 lips.
1051 2648 1074 2683 ⁴⁸
1092 2649 1262 2700 Praedicatur
1277 2649 1336 2699 Thu.
1358 2651 1422 2700 Vict.
1440 2653 1514 2701 Maca.
1533 2651 1677 2703 Deductor
1695 2652 1751 2702 Nc.
1767 2654 1790 2712 l,
1806 2656 1827 2700 a.
1851 2653 1915 2700 urar.

250 2722 273 2768 6.
293 2721 353 2769 Teu.
368 2721 464 2768 Cettur.
479 2723 586 2770 Croaou.
604 2719 722 2768 Liadaer.
738 2718 828 2768 666666.
860 2719 882 2750 ⁴'
894 2719 1039 2770 Delabitur
1052 2722 1118 2768 iterra
1138 2719 1207 2768 tear.
1231 2719 1285 2769 Ver.
1303 2721 1359 2770 Tea.
1377 2721 1455 2770 Drur.
1470 2721 1573 2770 tieem.
1595 2727 1646 2770 tres
1665 2737 1720 2770 aaa.
1740 2723 1816 2772 osea.
1833 2721 1915 2770 Celtar.

250 2791 338 2839 tiada.
356 2789 444 2840 auaui.
479 2793 499 2823 ⁵³
515 2790 575 2840 Hoc
589 2789 644 2838 illis
658 2791 726 2838 Pam.
748 2790 800 2837 Vir.
817 2792 923 2840 Greaou.
942 2791 1119 2841 Manentibus
1131 2794 1144 2839 7
1157 2791 1230 2839 codd.
1244 2790 1307 2840 edit.
1323 2791 1408 2853 princ.
1427 2791 1515 2839 aourt.
1551 2792 1570 2822 ⁵¹
1589 2791 1745 2842 Fateretur.
1761 2791 1818 2841 Nou
1837 2789 1914 2839 Liada.

248 2859 268 2893 ¹²
281 2863 405 2911 Accensa
419 2861 457 2911 ira
470 2864 498 2911 et
510 2859 698 2923 indignatione
714 2866 863 2924 provocata
879 2861 938 2912 Tiar.
957 2863 1025 2910 Fore.
1044 2863 1106 2910 i'r'ct.
1126 2861 1200 2910 urea.
1219 2859 1308 2910 Liada.
1342 2862 1362 2892 ⁵³
1377 2860 1496 2910 Insecuti
1515 2864 1581 2909 sunt
1595 2864 1623 2910 et
1644 2860 1805 2912 eddr'aieraat
1830 2861 1879 2909 hal.
1896 2862 1916 2906 et

250 2932 335 2981 666666,
354 2947 404 2997 qaia
421 2930 453 2980 dc
468 2946 543 2980 causa
561 2933 652 2987 nescio.
667 2933 752 2995 inquit
765 2931 905 2982 (letatura.
939 2931 960 2966 ⁸⁴
974 2931 1120 2994 Suffragtis
1132 2929 1330 2994 pertinacibus.
1346 2929 1443 2980 Cetera
1458 2929 1581 2994 rajr'cr'aat
1596 2931 1665 2981 Pam.
1688 2933 1748 2981 Thu.
1769 2932 1833 2981 Fece.
1850 2930 1914 2980 esca.

256 3002 319 3052 Vici.
336 3002 418 3065 Cori,¹
434 3003 505 3052 uncis
519 3001 630 3051 includit
648 3001 765 3051 tiadacr.
801 3003 821 3034 ⁵⁵
834 3001 1001 3066 Flagitarant
1019 3003 1088 3051 Lam.
1110 3000 1175 3050 Vici.

945 3144 1120 3209 Veriornm
1142 3148 1238 3208 notae.

251 3299 289 3349 ris
308 3295 471 3361 obsequii.»
487 3294 659 3346 Turonensis
676 3294 889 3345 :aldultofldei
905 3287 1252 3359 tortioresaCSpiritum
1282 3297 1419 3345 sanctum.
1452 3293 1591 3357 Hermas,
1620 3295 1669 3346 lih.
1700 3309 1746 3358 ur,
1770 3294 1867 3345 similit.
1890 3293 1914 3350 5,

252 3369 440 3430 carnotensis,
452 3385 466 3414 a
477 3368 565 3417 multo
573 3367 719 3418 faciliores.
732 3383 745 3413 a
755 3368 791 3416 At
805 3365 934 3429 feliciores
943 3380 991 3430 pro
1001 3365 1069 3429 suei-
1119 3367 1159 3416 sic
1173 3367 1297 3430 loquitur
1310 3365 1344 3416 de
1358 3363 1461 3416 Christi
1473 3379 1591 3430 corpora
1607 3381 1614 3415 ε
1630 3384 1643 3412 a
1660 3367 1723 3418 Hoc
1741 3379 1804 3432 argo
1821 3376 1914 3428 corpas,

253 3441 477 3503 tiorrsscriptum
493 3437 1067 3501 estincodieesanctihrnulphi.Baauz.
1119 3436 1236 3502 lnquod
1260 3435 1391 3487 inductus
1415 3441 1456 3487 est
1472 3437 1594 3502 Spiritus
1620 3443 1745 3490 sanctus.
1771 3437 1916 3488 »tustinus

283 3512 331 3573 (67)
360 3513 444 3573 Quum
469 3514 610 3572 occeptum.
636 3507 733 3558 Codex
756 3507 936 3570 Fuxensis‚c
959 3523 1014 3573 qua
1042 3512 1069 3559 et
1119 3507 1230 3571 apolog.
1246 3520 1264 3557 ιι
1279 3522 1284 3556 :
1299 3524 1313 3553 a
1332 3507 1466 3571 Spiritum
1492 3521 1557 3572 ergo
1578 3522 1611 3560 ae
1635 3511 1768 3584 virtutem
1790 3505 1915 3559 Deiaaias

252 3587 365 3646 accepta
379 3581 470 3632 Judaei
484 3585 512 3630 et
526 3585 682 3644 contempta
699 3582 842 3643 majestate
860 3581 918 3644 eius
938 3579 1067 3644 perdide·
1119 3582 1162 3630 est
1176 3579 1252 3628 aliud
1267 3577 1396 3642 intelligi,
1409 3580 1464 3629 niel
1483 3579 1610 3641 verbum,
1626 3597 1640 3626 »
1659 3586 1715 3632 etc.
1737 3581 1862 3638 lrenaeus,
1875 3576 1914 3625 lib.

253 3660 318 3706 runt
331 3654 542 3716 indulgentiam.
556 3653 649 3716 lgitur
672 3651 707 3702 ob
728 3652 808 3702 istius
831 3653 925 3716 gratiae
943 3651 1067 3715 discipli·
1119 3664 1147 3711 ν,
1169 3663 1229 3712 cap.
1253 3651 1276 3710 l,
1298 3653 1446 3714 postquam
1463 3651 1542 3709 dixit,
1567 3651 1723 3716 «Spiritus
1747 3657 1855 3702 sanctus
1872 3648 1915 3696 de-

252 3725 531 3784 narnurbitcr,setc.
554 3723 584 3773 la
601 3723 699 3774 codice
719 3725 808 3773 sancti
831 3721 970 3786 arnulphi
994 3727 1021 3773 et
1040 3721 1068 3772 in
1119 3719 1228 3771 scandit
1255 3720 1283 3769 iu
1309 3721 1432 3782 Mariam,
1460 3739 1474 3767 s
1498 3723 1590 3772 statim
1615 3721 1784 3786 subjicitze
1809 3719 1914 3770 Verbum

253 3797 387 3848 ltecceaei
401 3795 501 3846 desunt
515 3795 575 3856 ista,
589 3811 604 3842 a
620 3793 711 3856 Quam
730 3797 873 3856 acceptam
893 3794 985 3844 ludaei
1000 3807 1067 3844 con·
1119 3791 1208 3840 Patris
1224 3793 1251 3840 et
1269 3789 1388 3853 Spiritus
1407 3790 1458 3848 Dei
1476 3789 1609 3841 adunitus
1628 3794 1754 3858 antiquae
1772 3789 1915 3842 substantia

254 3868 365 3930 templis
382 3865 561 3932 religionibus
576 3865 795 3929 perdidissent.»
811 3865 918 3915 Banuz.
1118 3861 1310 3926 plasmationis
1340 3861 1417 3923 Adae,
1444 3861 1586 3912 virentem
1613 3865 1640 3912 et
1665 3863 1817 3926 perfectum
1838 3858 1915 3910 allecit

286 3940 335 4002 (68)
364 3939 534 3989 lttumr'auter
566 3943 589 3986 et
626 3937 723 3988 docter.
757 3936 829 3987 Vide
864 3935 1068 3986 Tertullianum
1118 3929 1271 3982 hominem.
1292 3949 1307 3977 »
1331 3931 1527 3994 Tertullianus,
1552 3932 1599 3983 lib.
1625 3930 1913 3986 ercammarum.

253 4012 395 4062 locomox
411 4011 533 4060 laudato.
551 4011 697 4061 Banna·
714 4009 762 4060 Sic
782 4008 976 4072 antiquissimo
995 4022 1068 4072 quo·
1119 4003 1408 4068 ta:«stadeniqus
1430 4003 1600 4055 homocum
1628 4005 1698 4066 Deo,
1714 4005 1779 4055 dum
1801 4001 1915 4055 carcha·

254 4095 310 4146 que
336 4081 407 4130 libro
432 4094 518 4130 marm
542 4083 654 4130 exarato
675 4079 794 4142 legitur:
820 4077 988 4142 Vulgaribus
1008 4077 1068 4128 doc·
1118 4075 1202 4124 minis
1221 4087 1285 4125 cum
1307 4073 1412 4138 Spiritu
1434 4075 1495 4124 Dei.
1512 4091 1526 4120 s
1544 4075 1626 4126 Plura
1647 4076 1711 4127 ride
1735 4075 1806 4141 apud
1826 4073 1915 4124 doctis-

255 4159 306 4202 tor.
331 4149 386 4202 Sed
408 4155 529 4215 praestat,
542 4150 617 4215 quod
637 4151 791 4213 antiquius,
813 4150 878 4212 quia
901 4162 936 4200 ex
958 4149 1068 4199 Tertul-
1118 4145 1221 4195 simum
1236 4146 1347 4196 Petrum
1368 4143 1512 4196 Constant.
1529 4146 1699 4197 monachum
1721 4145 1915 4198 Benedictinunr

254 4221 496 4284 lianirtpoiapetico
513 4221 612 4270 hausta
630 4219 722 4280 rerba,
743 4233 800 4283 quo
823 4219 922 4269 eadem
948 4219 1001 4270 hoc
1021 4233 1068 4269 ar·
1119 4216 1147 4264 in
1166 4217 1326 4280 praelatione
1347 4216 1478 4280 adopera
1500 4219 1589 4268 sancti
1618 4218 1718 4268 Hilarii
1740 4216 1857 4282 episcopi
1879 4213 1914 4262 Pi-

254 4291 437 4356 dirrecap.tt
457 4292 636 4355 leguntur:«
655 4291 747 4354 Hujus
766 4291 850 4354 igitur
870 4291 966 4354 gratim
985 4291 1068 4340 disci·
1119 4288 1270 4350 taviensis,
1298 4287 1313 4350 5
1340 4288 1380 4338 57.
1417 4287 1556 4338 Caeterum
1595 4288 1641 4338 hic
1681 4289 1755 4340 addo
1790 4285 1914 4346 theologos

255 4363 395 4428 pluresque
425 4362 527 4413 arbiter
556 4367 584 4412 et
608 4363 760 4425 magister,
789 4362 960 4412 illuminator
985 4367 1069 4427 atque
1118 4357 1301 4409 scholasticos
1331 4358 1471 4422 disputare
1507 4373 1541 4409 aa
1570 4359 1690 4423 Spiritus
1731 4365 1841 4411 sanctus
1869 4353 1914 4404 dici

254 4434 389 4485 deductor
403 4434 511 4498 generis
523 4433 639 4484 humani
651 4433 738 4483 Filius
750 4433 801 4483 Dei
814 4432 1040 4484 annuntiabatur.
1054 4452 1068 4479 »
1119 4430 1205 4492 possit
1225 4429 1305 4480 Pater
1320 4429 1386 4480 Jesu
1404 4428 1515 4480 Christi.
1530 4429 1601 4482 Vide
1615 4431 1752 4482 Thomam
1772 4431 1804 4481 da
1825 4431 1914 4490 Argeu-

255 4507 392 4557 Lrunuaa.
1119 4502 1184 4562 tina,
1212 4501 1259 4552 lib.
1286 4514 1324 4562 ur,
1352 4500 1415 4550 dist.
1441 4503 1466 4562 t,
1495 4506 1544 4550 art.
1569 4505 1592 4551 6.
1621 4503 1727 4554 Banna.
1751 4503 1800 4567 (Cl.
1822 4495 1913 4550 Nourrii

287 4578 336 4642 (66)
356 4577 465 4626 Carnem
488 4575 607 4640 spiritua.
631 4575 673 4626 lte
693 4574 830 4640 Rigaltius
855 4573 882 4623 in
904 4575 993 4638 prima
1019 4589 1069 4626 sua
1119 4571 1226 4622 observ.
1251 4570 1284 4621 ad
1302 4572 1331 4620 h.
1348 4572 1366 4620 l.
1386 4573 1506 4632 hissera,
1522 4577 1586 4622 tom.
1603 4573 1721 4636 praeced.
1739 4578 1766 4624 et
1786 4574 1812 4623 ia
1831 4572 1913 4629 Lamia.

251 4649 315 4699 libri
347 4649 426 4698 istius
454 4647 576 4698 editione
606 4647 708 4696 emissa
735 4659 800 4696 cum
827 4645 943 4696 Minutio
966 4645 1067 4705 Felice,
1120 4642 1184 4692 Hiat.
1202 4644 1228 4692 Ρ.
1248 4644 1275 4691 P.
1298 4646 1318 4693 t.
1343 4642 1433 4706 x1,p.
1451 4643 1496 4692 666
1519 4647 1547 4693 66
1568 4645 1712 4708 66666).-
1735 4645 1781 4696 Sic
1804 4655 1818 4693 a
1840 4642 1913 4690 Benc-

249 4727 338 4784 atque
367 4722 404 4770 ita
429 4717 532 4768 habere
555 4718 593 4767 ait
619 4717 769 4768 vetustiora
797 4715 975 4778 exemplaria.
996 4717 1069 4766 Non·
1119 4718 1237 4764 uentano
1263 4714 1359 4766 codice
1382 4731 1387 4763 :
1420 4715 1522 4776 caeteri,
1551 4729 1658 4766 caraem
1686 4717 1800 4777 Spiritus
1823 4715 1914 4764 eurialus

254 4791 324 4841 rrullt
354 4794 461 4840 veteres
485 4789 547 4839 libri
578 4792 605 4839 et
633 4788 753 4853 vulgatae
784 4787 919 4837 editiones
946 4787 1068 4849 hahent,
1117 4786 1250 4842 induitur,
1269 4799 1333 4849 quse
1362 4787 1383 4834 si
1413 4788 1533 4850 genuina
1560 4787 1697 4851 scriptura
1722 4787 1848 4852 Cypriani
1871 4785 1912 4836 est,

254 4883 268 4906 «
300 4863 418 4912 Carnem
450 4860 555 4924 Spiritu
581 4865 678 4910 sancto
703 4862 867 4922 cooperante
896 4858 1028 4908 induitur.
1055 4877 1069 4904 s
1119 4854 1235 4918 Spiritus
1265 4855 1323 4926 ipse
1359 4855 1437 4917 Λόγος
1462 4857 1630 4922 intelligatur
1659 4863 1775 4922 oportet.
1805 4851 1912 4916 valeatis

254 4933 337 4982 Deest
369 4929 437 4980 illud
466 4933 665 4991 cooperantem
691 4929 761 4980 libro
782 4928 924 4979 Beccensi.
952 4928 1069 4980 Codices
1118 4926 1252 4975 insertum
1275 4933 1439 4990 cooperante,
1466 4927 1542 4992 qarod
1570 4927 1647 4978 abest
1675 4943 1690 4978 a
1715 4929 1831 4993 scriptis.
1856 4924 1912 4974 Tres

256 5002 459 5065 Remigianus,
488 5001 692 5061 narianensis,
722 5011 819 5051 recens
852 4999 1010 5050 Victorinus
1041 5005 1069 5050 et
1119 4997 1241 5058 insignes
1252 4997 1472 5059 delabitur,·alii‚
1486 4999 1615 5050 illabitur.
1630 5001 1768 5052 Lrunaaa.

254 5087 328 5121 urias
354 5071 457 5134 liegius
480 5071 594 5132 habent,
620 5091 634 5116 ι
661 5069 751 5122 Carne
776 5070 881 5134 Spiritu
904 5075 1002 5122 sancto
1025 5071 1069 5120 in·
1150 5068 1200 5128 (76)
1215 5067 1334 5117 Sciebant
1348 5073 1371 5116 ct
1385 5067 1481 5118 iudei.
1498 5069 1552 5119 ista
1562 5075 1590 5120 et
1602 5085 1666 5135 quae
1677 5073 1831 5135 sequuntur
1841 5066 1913 5114 terme

256 5143 359 5192 duitur.
381 5163 393 5186 a
416 5142 462 5194 Sic
479 5144 562 5192 etiam
577 5141 755 5191 emendatum
775 5145 817 5191 est
835 5154 870 5190 ex
890 5141 960 5191 libro
981 5142 1070 5192 veteri
1119 5143 1230 5202 sumpta
1244 5143 1309 5188 sunt
1323 5139 1416 5190 omnia
1431 5153 1464 5190 ex
1480 5142 1569 5205 capite
1589 5155 1631 5194 xrr
1649 5142 1807 5208 Apelopetiar'
1818 5133 1912 5188 Tertul-

254 5212 282 5260 66
310 5213 434 5276 raargiae
463 5212 593 5262 editionis
619 5209 812 5274 Lugdunensis
835 5212 901 5261 anni
925 5214 993 5264 6566.
1023 5212 1070 5264 Sic
1118 5209 1195 5260 lieni.
1213 5209 1319 5260 Banna.

255 5284 337 5334 otiam
356 5285 489 5346 seriptum
509 5283 612 5334 eratin
630 5283 700 5333 libre
722 5283 803 5332 Tiori.
821 5281 915 5334 Codex
937 5285 1070 5349 antiquus
1106 5317 1108 5322 ·
1152 5281 1201 5344 (76)
1215 5281 1365 5345 Sapientiae.
1384 5281 1414 5330 ln
1429 5281 1527 5333 codice
1547 5283 1724 5348 Burgundico
1739 5282 1863 5345 seriptum
1879 5275 1913 5325 est

256 5355 506 5416 sangermanensis
530 5354 641 5418 optimae
662 5357 736 5403 notae
760 5355 801 5404 sic
824 5353 955 5404 habetza
979 5354 1069 5407 Carne
1119 5351 1276 5414 iusipientia
1293 5351 1534 5402 cecitatemattnti.
1549 5354 1653 5406 Baunz.

256 5425 378 5488 Spiritus
393 5431 507 5474 sanctas
529 5423 692 5474 induitur.»
718 5424 808 5486 Quam
829 5426 993 5488 scripturam
1017 5427 1068 5476 Pa·
1152 5423 1199 5486 (76)
1218 5423 1393 5474 crediderunt
1405 5423 1533 5474 homiaem
1546 5429 1659 5475 tautum.
1673 5423 1805 5484 Rutfinna,
1816 5422 1842 5468 ia
1853 5413 1911 5467 Psei-

254 5497 356 5548 meiius
383 5498 485 5560 reperit
513 5497 540 5545 in
566 5498 684 5558 quatuor
709 5509 774 5544 mss.
800 5497 931 5547 Erasmus
957 5498 1071 5549 retinuit
1118 5492 1912 5560 11‚deChristoadversumJudoeos:«Quiahuncincarne

255 5567 397 5630 vulgatam
418 5566 578 5628 lectionem,
591 5565 641 5616 sed
656 5567 685 5615 ia
707 5569 839 5632 margine,
851 5570 952 5631 posuit,
966 5587 979 5615 a
999 5568 1069 5620 Car·
1118 5565 1254 5616 humilem
1270 5565 1409 5626 viderunt,
1423 5566 1542 5630 superbo
1558 5567 1642 5618 corde
1659 5572 1686 5617 et
1698 5578 1772 5616 caeco
1786 5567 1910 5622 contemp·

254 5652 319 5688 nem
346 5638 466 5702 Spiritus
488 5643 603 5688 sanctus
627 5637 759 5687 induitur.
780 5653 794 5684 s
817 5637 989 5690 Praelerenda
1008 5639 1068 5689 hec
1118 5640 1222 5686 serunt.
1238 5655 1251 5681 a
1267 5635 1336 5688 ltem
1355 5638 1383 5686 ia
1400 5637 1469 5688 Psut.
1488 5651 1561 5690 xm:
1582 5637 1815 5701 «contempsistis
1832 5629 1910 5681 hurni-

254 5711 346 5770 lectio,
371 5713 427 5760 turn
444 5709 509 5773 quia
531 5709 630 5758 nititur
651 5709 792 5758 veteribus
815 5709 902 5770 libris,
921 5713 981 5758 tum
1004 5711 1070 5773 qnia
1119 5708 1174 5758 lem
1186 5707 1336 5758 adventum
1349 5707 1412 5758 Filii
1423 5709 1631 5762 Debellanuz.
1890 5769 1893 5778 .
1963 5701 1964 5756 i

254 5795 306 5829 vox
330 5779 375 5829 illa
398 5785 554 5844 cooperante
581 5779 692 5828 videtur
709 5793 770 5829 esse
788 5780 935 5842 glossema.
952 5779 1000 5828 Est
1022 5793 1070 5828 au-
1150 5779 1197 5841 (73)
1227 5779 1334 5842 Syriam
1359 5779 1530 5843 procurabat.
1558 5782 1642 5842 Bene,
1666 5777 1831 5845 procurabat,
1855 5783 1909 5836 quta
1963 5797 1964 5812 ι

253 5857 309 5907 tam
339 5852 462 5918 antiquis
488 5851 617 5905 Patribus
645 5851 780 5903 familiare
807 5850 948 5900 Christ-um
970 5863 1070 5902 vocare
1120 5850 1234 5902 Tacitus
1259 5850 1391 5902 Pontium
1415 5851 1535 5903 Pilatum
1560 5857 1756 5917 procuratorem
1777 5847 1849 5906 dixit,
1868 5841 1908 5892 tia.

1963 6001 1964 6041 t
