3986 6208
58 317 96 370 m
560 309 833 368 aosrrucmonun
851 307 927 363 lav.
947 309 1082 366 auersos
1101 311 1162 368 un.
1178 311 1198 368 1.
1276 269 1278 276 ¹
1672 317 1724 372 ne

58 439 197 498 nenmllu
223 441 299 510 (isa,
325 455 399 508 exiri,
424 439 458 511 l).
482 441 522 494 De
545 440 598 494 hoc
621 435 853 512 ipseindctibus
864 447 1066 522 Aumqnam»
1090 441 1191 511 (lcum,
1219 457 1255 510 vr,
1283 443 1336 516 35).
1367 446 1437 500 ltem
1462 443 1508 500 hio
1532 443 1594 516 ipse
1615 461 1659 499 :a
1694 428 1726 500 Si

59 536 237 608 apostolorum
261 535 385 590 Paulus:
407 555 421 584 n
443 533 527 589 Vobis
551 533 676 606 primum
690 535 856 606 oportuerat
911 531 975 603 quis
1001 532 1070 600 sitit,
1098 533 1194 590 veniat
1226 541 1254 592 et
1285 535 1374 592 bibat.
1414 537 1466 601 Qui
1497 537 1589 593 credit
1614 539 1644 594 in
1671 556 1717 596 me

59 629 160 684 iolicau'
173 629 294 684 verbum
309 629 371 684 Dei.
387 628 452 697 SeD,
469 627 535 699 quia
546 627 694 700 expulistis
709 626 790 694 illud,
805 641 859 682 nec
910 625 982 682 sieut
995 626 1063 682 dicit
1087 627 1242 699 Scriptura,
1267 629 1388 685 ilumina
1398 631 1432 686 de
1444 635 1543 687 ventre
1559 633 1620 703 ejus
1632 632 1726 688 fluent

59 723 210 794 rosdignas
225 723 291 777 ritae
311 728 425 778 aeternae
443 722 605 794 judicastis,
630 737 694 778 ecco
717 719 856 776 converti·
909 736 990 791 aquae
1014 719 1085 775 vivae
1106 743 1121 772 n
1146 723 1244 792 (laon,
1268 740 1314 791 vu,
1340 727 1383 790 37,
1409 727 1462 794 38).
1480 726 1550 779 ltem
1567 725 1621 780 illic
1641 728 1723 798 ipse:

60 835 109 874 mus
127 834 178 872 nos
203 815 239 871 ad
262 821 369 888 gentes.
393 816 438 872 Sic
459 817 538 870 eninr
553 815 621 870 dixit
637 815 859 888 perscripturus
912 814 1001 868 «Nisi
1025 814 1142 870 ederitis
1164 833 1281 872 carnem
1306 817 1368 872 Filii
1394 817 1530 886 bominis,
1556 819 1584 872 et
1596 818 1725 876 biberitis

61 912 181 968 Dominus
196 929 201 966 :
216 911 286 966 Eece
301 912 397 966 lucem
414 910 496 982 posui
519 916 546 965 le
562 912 638 965 inter
651 915 761 980 gentes,
776 908 814 964 ita
830 911 860 963 ut
910 908 970 978 ejus
997 911 1179 980 sanguinem,
1204 927 1261 966 nou
1287 911 1427 968 babebitis
1449 910 1537 966 vitam
1560 913 1589 966 iu
1609 913 1687 968 vobis
1710 937 1724 964 »

62 1008 89 1061 sis
106 1007 133 1060 in
154 1005 343 1062 salvationem
355 1007 378 1040 ⁸⁸
394 1020 483 1076 usque
504 1005 541 1060 ad
564 1003 634 1060 lines
647 1008 730 1058 terrae
743 1025 757 1052 »
775 1003 858 1075 (Act,
910 1003 1015 1073 (lacn,
1030 1020 1068 1071 vr,
1083 1007 1138 1076 53).

4 1109 5 1174 l
62 1117 105 1170 Μ’
117 1102 160 1169 ⁴6¹
174 1099 230 1170 m
909 1157 973 1212 Cae.
985 1157 1071 1214 Xlllll.
1086 1189 1120 1199 -
1133 1159 1212 1226 Quod
1224 1160 1381 1228 cua-ennam
1392 1161 1516 1216 eumcum
1533 1162 1620 1230 munis
1634 1165 1725 1230 centes

59 1245 111 1299 tir.
132 1243 209 1297 llllll.
239 1273 272 1282 —
298 1243 376 1309 Quod
397 1255 496 1313 punem
521 1249 546 1296 ct
569 1243 679 1297 calicem
704 1241 808 1300 Clin'sti
833 1246 859 1296 ct
1140 1253 1222 1310 quam
1240 1241 1496 1312 Judaeipemeaiont

86 1340 179 1378 omnem
202 1326 322 1392 ceciliam
349 1325 408 1392 ejas
431 1325 559 1379 amissuri
582 1327 670 1378 essent
690 1323 794 1384 ludat,
808 1338 857 1376 eccs

4 1441 5 1444 ,
86 1420 140 1459 „m
160 1406 316 1474 accepturi,
338 1403 794 1474 etwodchmuammmnovum
807 1417 856 1456 ηο-
943 1365 975 1418 ln
990 1364 1144 1434 Evangelio
1168 1365 1306 1420 Dominus
1321 1365 1416 1421 dicit:
1442 1387 1456 1415 ι(
1471 1366 1549 1421 llulli
1563 1367 1679 1422 venient
1691 1367 1725 1422 ab

86 1501 137 1539 mm,
152 1485 349 1540 benedicerem,
364 1486 394 1540 ,n
409 1486 499 1539 lm·
908 1459 1020 1515 Oriente
1035 1461 1063 1513 et
1083 1445 1245 1526 Occidente,
1270 1463 1298 1514 el
1321 1459 1490 1514 recumbent
1502 1477 1567 1516 cum
1581 1460 1725 1516 Abraham

84 1601 156 1672 Apud
172 1600 275 1656 baiam
288 1601 327 1655 sic
352 1600 420 1656 dicit
443 1601 601 1655 Dominus:
618 1621 631 1650 α
648 1603 717 1656 Ecce
732 1599 781 1672 qui
796 1616 857 1656 ser·
909 1555 938 1606 et
964 1553 1041 1606 lsaae
1062 1558 1090 1607 et
1111 1553 1197 1608 Jacob
1221 1554 1249 1608 in
1273 1569 1361 1624 regno
1381 1554 1530 1623 ccelomrm,
1555 1554 1606 1608 Dlii
1627 1557 1724 1609 alitem

59 1695 124 1749 siunt
152 1695 223 1749 mibi
251 1693 480 1763 manducabunt,
508 1710 555 1748 vos
584 1697 680 1750 autem
716 1695 855 1750 esurietis.

59 1791 113 1844 Ecce
131 1790 178 1860 qai
201 1789 272 1844 milii
292 1789 421 1844 serviunt
435 1789 458 1822 ⁸⁵
480 1789 589 1859 bibent,
608 1794 767 1844 vosautem
784 1789 858 1844 sitie-

60 1883 171 1939 tisEcce
186 1883 234 1954 qul
250 1882 322 1938 mihi
342 1884 469 1940 serviunt
485 1883 733 1955 jucundabuntur,
748 1899 795 1938 vos
810 1899 858 1938 all·
908 1891 971 1946 Cnp,
994 1891 1080 1946 XXIV,
1095 1921 1129 1933 --
1148 1893 1224 1960 Quod
1245 1894 1302 1948 solo
1323 1893 1723 1964 houditdaeiltccipereveniam

60 1983 105 2032 lein
132 1977 345 2032 confundemini
359 1994 367 2046 ;
391 1993 439 2031 vos
464 1977 617 2032 interficiet
641 1977 785 2032 Dominus.
813 1977 858 2032 Eis
942 1973 1046 2042 possint
1067 1972 1224 2028 delictorum
1243 1988 1364 2036 suorum,
1386 1977 1410 2029 si
1431 1977 1592 2044 nonnionem
1623 1974 1725 2030 Christi

61 2077 140 2124 saleru
160 2071 208 2142 qui
231 2071 357 2126 serviunt
382 2070 858 2140 mihi,nomennominabiturno-
943 2053 1024 2142 Olmii
1048 2052 1179 2122 l’‘lllll'dmo
1207 2053 1263 2122 ejus
1298 2055 1448 2146 “blitildis
1476 2060 1502 2110 0²
1525 2058 1555 2108 ὑὶ
1580 2056 1724 2147 Ecclesiam

60 2181 111 2218 mm
127 2167 159 2234 n,
174 2165 252 2237 quod
268 2163 456 2220 benedicetur
479 2165 509 2219 in
525 2169 600 2220 ,ma
613 2187 627 2214 ἣ
641 2165 720 2236 (isc,
736 2181 796 2232 LXV,
814 2169 855 2232 43,
943 2147 1000 2200 ejus
1023 2138 1203 2196 transcuntes,
1223 2139 1368 2204 praecptis
1387 2149 1444 2204 ejus
1470 2136 1723 2206 occempemocmt.

62 2263 91 2322 li,
110 2263 161 2328 lu.
188 2261 256 2313 ltem
281 2258 392 2313 illicza
417 2259 507 2329 lgitur
529 2258 639 2313 extollet
666 2259 856 2328 liguumtlin
942 2261 1024 2332 Apud
1046 2263 1148 2316 isaiam
1174 2263 1229 2332 (2¹2)
1255 2263 1392 2316 Dominus
1415 2263 1511 2318 dicit:
1539 2283 1553 2312 κ
1574 2265 1638 2318 lam
1667 2281 1723 2320 non

60 2357 143 2422 sontes
153 2369 215 2424 quae
229 2355 296 2406 sunt
309 2354 404 2423 louge,
423 2357 451 2406 et
467 2351 589 2406 attrahet
606 2351 701 2406 illos⁸⁸
715 2369 856 2407 asumma
906 2355 1006 2411 laxabo
1015 2356 1039 2390 ⁹²
1055 2359 1169 2426 peecata
1180 2359 1281 2412 vestra.
1296 2359 1366 2412 Cum
1376 2355 1561 2412 extenderitis
1576 2373 1678 2412 manus
1688 2359 1724 2426 ⁹³,

59 2461 137 2506 terrm.
150 2453 181 2506 Et
194 2467 258 2506 ecce
270 2451 326 2505 cito
345 2449 625 2505 leviter⁸⁹venientr
642 2466 700 2504 non
719 2451 854 2520 esurient,
906 2455 1033 2504 avertam
1055 2449 1191 2504 iaciern⁹⁸
1211 2450 1321 2504 uvobis
1345 2467 1353 2520 3
1371 2453 1400 2505 et
1421 2451 1443 2505 si
1467 2449 1724 2521 multiplicaveritis

59 2562 135 2616 neque
157 2545 254 2600 sitient
269 2565 283 2596 n
308 2546 383 2614 lisa„
404 2561 429 2612 v,
442 2547 487 2612 26,
502 2545 558 2616 Ἡ).
575 2545 644 2599 ltem
660 2543 735 2599 illic:
755 2545 855 2599 «Eece
906 2561 1015 2616 preces,
1037 2560 1095 2598 non
1118 2544 1267 2600 exaudiam
1283 2561 1340 2600 vos.
1359 2545 1455 2600 Manus
1468 2547 1569 2599 vestrae
1584 2545 1724 2617 sanguine

58 2639 134 2710 ilique
160 2639 323 2694 dominator
344 2639 482 2693 Dominus
497 2639 622 2694 Sabaoth
635 2638 744 2694 auferet
757 2656 773 2693 a
785 2639 856 2694 luda
906 2639 996 2710 plenae
1009 2643 1084 2692 sunt.
1096 2637 1254 2707 Lasamini,
1269 2638 1368 2693 mundi
1382 2643 1481 2709 estote,
1497 2640 1607 2694 auferto
1620 2641 1722 2712 nequi·

59 2737 79 2786 cl
90 2735 119 2788 ab
137 2733 295 2788 Jerusalem
316 2733 460 2787 ualentem
487 2737 514 2787 et
537 2732 669 2800 validam,
700 2731 855 2788 valentiam
906 2731 958 2788 tias
978 2730 1014 2786 ab
1034 2731 1447 2802 animiss'estrisaeonspectu
1471 2733 1620 2788 oculorum
1643 2749 1722 2787 mec-

58 2827 121 2897 panis
140 2826 392 2896 ⁹⁰3etvalenliam
407 2843 489 2898 aquae
510 2847 524 2877 n
541 2828 618 2898 (ism,
635 2827 810 2898 111,l).ltem
825 2827 855 2880 in
905 2842 980 2893 rum,
1010 2831 1114 2880 cessate
1141 2842 1158 2880 a
1182 2825 1317 2896 nequitiis
1339 2825 1449 2882 vestris.
1484 2825 1586 2880 Discite
1613 2824 1722 2881 bonum

59 2923 273 2977 Psalmoxxunr:
296 2921 484 2976 ‹Gustateet
507 2920 855 2992 videtequoniamdulcis
906 2919 1008 2990 lacere,
1032 2919 1171 2990 exquirite
1200 2919 1354 2989 judicium,
1384 2923 1550 2974 conservate
1580 2935 1648 2974 eum
1674 2921 1724 2992 qui

58 3019 114 3068 esta*
140 3017 286 3071 Dominus.
313 3014 388 3070 Felix
416 3020 459 3070 est
481 3013 524 3068 vir
551 3014 599 3086 qui
625 3014 853 3085 speratineum.
904 3013 1039 3084 injuriam
1064 3011 1182 3084 patitur,
1211 3011 1337 3082 judicate
1374 3013 1480 3085 pupillo
1513 3019 1541 3069 et
1571 3013 1723 3085 justificate

58 3109 147 3166 limete
164 3109 320 3165 Dominum
347 3110 445 3177 Deum,
468 3123 568 3162 omnes
593 3108 682 3163 sancti
699 3108 769 3180 ejus,
784 3125 852 3181 quo·
904 3107 1033 3176 viduam,
1050 3113 1077 3162 et
1098 3106 1204 3172 venite,
1228 3105 1417 3177 disputemus,
1441 3107 1509 3163 dicit
1521 3107 1659 3163 Dominus
1674 3126 1680 3163 :
1695 3113 1723 3162 et

59 3204 118 3258 niam
130 3221 187 3259 non
205 3207 249 3260 est
270 3203 364 3275 inopia
385 3201 425 3257 eis
445 3202 574 3274 quicum
590 3206 734 3257 metuunt.
749 3194 892 3268 DivitesC
906 3204 929 3258 si
952 3201 1060 3257 luerint
1085 3204 1199 3273 peccata
1224 3203 1316 3256 vestra
1329 3205 1360 3254 ul
1372 3201 1553 3271 phoeuieeum
1564 3203 1588 3236 ⁹⁵
1609 3202 1675 3272 (⁸23),
1691 3210 1723 3257 ut

58 3303 220 3367 eguernnlet
233 3297 417 3352 esurierunt:
442 3296 492 3368 qui
514 3301 613 3350 antem
634 3295 782 3368 inquirunt
798 3297 853 3350 Do·
905 3297 1000 3351 nivem
1028 3295 1175 3362 exaltabo,·
1195 3300 1222 3350 et
1247 3295 1269 3350 si
1293 3293 1401 3350 luerint
1422 3295 1503 3366 quasi
1525 3295 1709 3351 concinnasti

57 3392 150 3446 nerium
169 3407 227 3446 non
248 3390 422 3460 indigebunt
443 3389 523 3445 omni
545 3389 621 3444 bono
644 3391 727 3461 (Psul.
757 3407 852 3458 xxxiii,
904 3391 1046 3446 ulianam
1070 3389 1212 3444 inalbabo.
1238 3391 1273 3444 Et
1297 3389 1319 3443 si
1347 3387 1490 3443 volueritis
1520 3393 1548 3443 et
1575 3389 1723 3445 audieritis

57 3486 124 3546 llll„
135 3484 368 3558 »6941temin
379 3483 531 3554 Evangelio
543 3487 603 3538 eata
613 3486 751 3538 loannem
762 3485 855 3538 Domi·
904 3502 951 3540 me
963 3486 997 3554 ⁹⁷,
1009 3484 1084 3540 bona
1097 3487 1183 3540 terrm
1198 3483 1299 3538 edetis.
1310 3483 1339 3538 Si
1353 3486 1448 3538 autern
1460 3483 1611 3539 nolueritis
1625 3487 1654 3540 et
1664 3501 1722 3540 non

57 3579 223 3635 nnsdioit:«
243 3582 301 3649 Ego
323 3577 482 3648 snmpanis
502 3577 576 3632 vitae.
600 3577 854 3642 Quivenitadme
903 3577 1051 3634 audieritis
1079 3595 1136 3646 me,
1164 3577 1273 3650 gladius
1296 3593 1344 3632 vos
1367 3579 1560 3633 consumetll.
1583 3581 1619 3634 Os
1647 3579 1722 3634 enim

57 3687 99 3726 uun
122 3673 235 3730 esuriet.
263 3677 291 3728 et
315 3673 364 3744 qui
385 3671 416 3726 in
442 3687 488 3727 me
515 3671 670 3727 crediderit
694 3689 753 3728 non
779 3672 855 3728 sitiet
904 3672 1017 3728 Domini
1034 3672 1161 3728 locutum
1176 3677 1219 3727 est
1232 3671 1285 3726 ista
1299 3671 1323 3706 ⁹⁹
1340 3691 1355 3720 n
1372 3673 1446 3742 lisa..
1462 3687 1480 3741 r,
1495 3673 1598 3742 14-20).

908 1645 991 1718 regni
1009 1644 1127 1700 exibunt
1139 1646 1168 1701 in
1185 1647 1318 1702 tenebras
1338 1647 1501 1704 exteriores.
1517 1648 1576 1702 lllie
1595 1649 1649 1704 erit
1666 1649 1725 1719 plo-

908 1739 979 1794 ratio
994 1742 1022 1794 el
1036 1738 1142 1795 stridor
1156 1741 1286 1796 dentium
1304 1743 1426 1813 (illeille,
1442 1759 1497 1812 vrri,
1511 1745 1556 1811 ll,
1571 1741 1615 1812 la)

729 3813 833 3878 Varie
862 3814 1031 3880 lectiones.

77 3949 330 4002 ¹¹Vocavitnomen
348 3949 408 3999 Tha.
443 3947 510 4000 ⁸‘Ut
524 3949 582 3998 sint
593 3948 691 3999 salvati
702 3947 772 3998 lana.
783 3948 837 4000 NG.
852 3951 874 4000 l.
889 3950 954 4001 Ded.
968 3955 990 3999 Ξ.
1024 3948 1721 4014 ⁸⁵llecequiservinotmlhi,bibent,vosautem

55 4023 140 4075 sitietis
153 4026 227 4074 Lam.
239 4023 294 4074 NG.
309 4023 331 4070 l.
347 4021 409 4070 aod.
425 4021 450 4079 l,
464 4021 489 4080 3,
501 4021 526 4081 3,
540 4021 563 4070 t.
608 4017 986 4086 “Dominabitur-magnum
1006 4021 1074 4070 Lam.
1094 4021 1148 4070 NG.
1172 4022 1194 4069 l.
1217 4019 1279 4071 Dod.
1299 4019 1322 4070 2.
1341 4026 1383 4071 Ar.
1427 4017 1554 4085 ⁸⁷lgnem
1573 4021 1602 4069 in
1622 4026 1718 4085 gentes

54 4095 102 4144 Dcd.
120 4097 139 4144 l.
153 4095 273 4158 Lignum
288 4091 385 4158 llr'qclt.
403 4095 494 4142 cantra
515 4090 592 4154 fidem
607 4103 690 4140 cecus.
707 4094 732 4140 et
748 4105 807 4140 mas.
824 4093 895 4142 tarn.
912 4092 969 4141 tin.
985 4091 1039 4142 NG.
1053 4092 1076 4152 l,
1089 4092 1112 4142 2.
1134 4091 1197 4141 lind.
1216 4091 1240 4153 Ξ,
1257 4092 1280 4152 3,
1296 4091 1319 4142 l.
1342 4091 1403 4142 Τὴν.
1418 4091 1486 4140 Foss.
1504 4089 1576 4140 Cart.
1596 4091 1713 4156 Signum

56 4167 118 4214 Dran.
162 4161 482 4215 ⁸‘atttrahetillachse
529 4159 1006 4214 ⁸'Citovenientium.ltaliam.
1028 4163 1089 4212 uon.
1107 4163 1131 4213 2.
1176 4159 1713 4228 ⁹⁰Virtutampanisetvirtutemaqu'ae

53 4237 136 4286 Dedi.
181 4234 354 4297 ”Quoniam
376 4234 470 4284 suavis
492 4233 536 4282 Ar.
557 4232 629 4282 Lam
651 4231 704 4282 NG.
727 4235 749 4283 l.
775 4234 839 4284 Ded.
864 4234 888 4296 l,
911 4233 935 4293 D,
956 4233 981 4294 3,
1032 4231 1204 4284 9¹Relaxabo
1219 4234 1281 4284 Dori.
1302 4235 1327 4296 t,
1351 4233 1376 4295 3,
1395 4234 1419 4283 4.
1444 4233 1514 4296 Spir.
1534 4236 1601 4284 llem.
1618 4233 1720 4284 Erasm.

52 4305 166 4358 ”liunus
180 4309 289 4358 vestras
302 4305 363 4356 Bod.
376 4307 401 4365 3,
416 4306 441 4355 t.
475 4303 498 4337 ⁹⁸
507 4303 596 4354 Meam
610 4302 673 4354 Ded.
689 4304 711 4366 l,
732 4304 756 4353 t.
776 4304 845 4353 Vert.
863 4303 934 4367 spir.
949 4303 1032 4356 Demi.
1047 4305 1123 4354 Dius.
1142 4303 1245 4354 Morcll.
1261 4305 1339 4354 Occu.
1354 4304 1429 4354 Deest
1442 4305 1469 4353 in
1486 4306 1600 4368 impress.
1615 4305 1720 4366 nuperis

53 4391 137 4429 meam.
187 4377 307 4441 ²⁵Quasi
327 4389 454 4427 russeum
474 4376 529 4425 Ver.
549 4375 755 4439 quasiroseum
773 4375 840 4423 Veri.
862 4375 947 4422 denec.
970 4374 1139 4425 Vendlonut.
1187 4374 1435 4437 ⁹⁶Quasicoccum
1458 4374 1518 4426 Tlu.
1537 4375 1608 4424 Foss.
1627 4377 1714 4425 Beneu.

57 4449 210 4501 inlinunt.
252 4445 471 4500 ”obaudieritis
486 4459 530 4497 me
544 4445 606 4495 boc.
620 4447 642 4496 l.
658 4446 719 4495 Non
733 4444 915 4495 obaudieritis
930 4445 994 4495 Bod.
1008 4446 1032 4495 t.
1075 4445 1304 4498 ⁹⁸Voscomedet
1322 4446 1378 4497 Lin.
1417 4443 1585 4497 ”Locutum
1604 4447 1721 4510 estbaec

701 4595 813 4678 steph.
830 4595 954 4660 Boluzii
968 4601 1066 4660 notae.

78 4721 121 4775 no
133 4723 207 4786 Apud
221 4723 328 4774 leuium.
342 4721 382 4772 lta
392 4733 482 4786 usque
496 4719 530 4770 ad
543 4719 630 4784 lqr'tar
642 4718 742 4769 cetcllc
754 4719 854 4770 desunt
905 4719 1065 4784 nuscriptis,
1078 4721 1105 4770 in
1121 4719 1224 4784 quibus
1236 4719 1369 4782 scriptum
1383 4723 1425 4769 est
1441 4720 1522 4783 quasi
1540 4731 1656 4769 rosacum
1673 4719 1715 4769 vel

55 4791 76 4840 ia
90 4793 153 4844 libro
168 4795 305 4844 Lemouii.
905 4803 1017 4849 roseum,
1028 4805 1112 4856 quam
1122 4790 1270 4841 lectionem
1281 4803 1341 4840 esse
1350 4790 1492 4841 meliorem
1504 4789 1615 4840 videtur
1627 4789 1719 4854 colligi

78 4865 120 4912 nn
141 4863 312 4916 Phuniceum.
333 4863 441 4915 Dubius
463 4877 526 4913 sum
550 4877 584 4914 an
610 4861 756 4914 lectionem
774 4861 855 4911 istum
906 4873 987 4925 posse
1012 4876 1046 4912 ex
1070 4859 1252 4922 Tertulliano,
1276 4859 1349 4924 apud
1373 4874 1458 4925 quem
1478 4861 1526 4912 lib.
1542 4872 1572 4912 lv
1593 4861 1722 4911 aduersus

55 4937 163 4992 preferre
187 4935 304 4986 debeam
319 4935 345 4987 ei
360 4949 423 5000 quae
447 4939 537 4986 exstat
555 4935 584 4986 in
609 4932 776 4998 quibusdam
796 4945 855 4983 ma·
905 4935 1068 4986 Marcionem
1080 4933 1181 4998 legitur
1194 4945 1272 4995 quase
1288 4945 1400 4984 ruscum.
