3978 6204
85 251 124 304 st?
633 249 729 306 ttsau
749 251 793 306 DE
811 249 981 306 tutatione
1001 248 1170 304 DOMlNle.
1692 249 1743 304 538

110 371 221 439 manplo
244 370 344 427 Christi
361 374 530 439 amiserae
552 375 711 442 uipilrmtam
727 389 759 430 ac
780 379 834 430 toto
851 374 929 430 corde
945 374 1070 444 emisam,
1089 373 1208 443 aaamplo
1232 373 1379 428 sucerdotis
1401 374 1451 442 qui
1471 391 1484 424 u
1506 377 1570 428 ante
1593 373 1742 428 orationem

17 509 18 526 ,
108 460 265 529 pretatione
278 464 418 530 mancuso
438 467 521 533 porat
541 465 663 529 fratrum
683 469 783 520 mentes
803 464 916 520 amando
931 481 937 518 :
954 463 1073 519 Sursum
1095 463 1190 530 corda,
1212 468 1237 516 ct
1259 462 1400 532 respondet
1419 461 1494 531 plebs
1516 478 1522 515 ι
1546 459 1688 516 Habemus
1706 461 1742 515 ad

108 548 256 604 Dominum
264 567 273 620 ;
288 570 303 599 »
317 553 347 605 3⁰
361 553 437 608 bonis
450 553 572 622 operibus
594 558 620 610 ct
638 556 809 622 cteauospm's
828 558 1020 617 consociatam,
1037 553 1123 610 Tabia
1136 555 1225 608 instar
1240 559 1265 608 et
1276 552 1407 619 lunatim
1424 552 1454 606 4ο
1468 551 1589 606 omuibus
1602 551 1657 606 diei
1670 550 1743 606 boris

17 697 18 702 1
108 653 135 692 cc
146 641 294 708 prasertim
309 641 395 696 tribus
410 641 445 698 ab
457 643 576 700 Ecclesia
588 647 706 701 orationi
717 646 869 710 destinatis,
886 647 967 702 tertia
980 647 1120 708 nimirum,
1138 649 1215 700 senta
1233 649 1259 698 et
1279 657 1362 704 uano,
1377 655 1456 696 mona
1470 655 1516 696 nec
1529 655 1582 696 nou
1596 647 1621 696 ct
1634 655 1741 710 uespera

17 749 18 764 ἢ
108 729 311 788 amarandum.
325 733 391 788 Ebu.

106 866 122 921 1.
137 867 308 924 Erascmrcu
330 877 482 946 precepta,
503 875 604 932 iratres
624 875 811 944 dilectissimi,
831 876 875 930 ni·
887 887 916 960 Α
960 875 1007 930 111.
1022 873 1143 929 Oramus
1157 873 1264 943 itaque,
1278 871 1379 926 iratres
1392 867 1578 936 dilectissimi,
1592 867 1666 920 sicut
1679 879 1743 919 ma·

17 991 18 1008 r
77 957 377 1036 hilaiiudsuntquam
389 967 555 1040 magisteria
570 968 675 1040 divina,
690 969 877 1025 fundamenta
927 967 1016 1039 gistar
1030 969 1125 1023 Deus⁸
1148 964 1252 1021 docuit.
1274 963 1372 1021 Amica
1387 967 1415 1018 et
1428 959 1577 1016 familiaris
1590 958 1682 1014 oratio
1700 961 1743 1012 est

79 1051 238 1112 edificandis
259 1058 351 1129 spei¹,
365 1059 546 1118 firmamenta
563 1063 780 1120 corroboranda
799 1062 875 1131 iidei,
926 1063 1016 1118 Deum
1040 1061 1075 1116 de
1097 1076 1148 1115 suo
1167 1075 1272 1131 rogare
1293 1059 1340 1130 (t),
1361 1057 1396 1112 ad
1409 1071 1491 1111 aures
1514 1053 1574 1126 ejus
1587 1051 1742 1108 ascendere

78 1147 240 1204 retamenta
261 1150 376 1208 iacendi
395 1155 499 1226 cordis,
525 1155 720 1227 gubernacula
734 1156 875 1228 dirigendi
927 1154 1034 1210 Christi
1053 1155 1180 1209 oratione
1196 1153 1244 1224 (bt.
1260 1153 1401 1224 Agnoscat
1414 1151 1498 1205 Pater
1517 1145 1579 1201 Filii
1594 1145 1639 1200 sui
1657 1143 1743 1198 verba

78 1237 181 1309 itineris,
198 1243 334 1312 praesidia
346 1245 509 1303 obtinenda
523 1249 623 1304 salutis
632 1268 641 1320 ;
656 1267 731 1323 quse,
746 1251 814 1306 dum
824 1250 875 1306 do·
927 1264 992 1304 cum
1008 1263 1120 1320 precem
1134 1247 1264 1302 iacimus.
1281 1246 1334 1311 Qui
1347 1243 1459 1300 habitat
1473 1243 1551 1297 intus
1567 1239 1596 1295 in
1617 1241 1742 1311 pectore,

78 1331 131 1384 cites
141 1335 321 1392 credentium
334 1341 488 1396 montesio
503 1343 752 1412 terruiuslinum,
768 1344 804 1400 ad
819 1361 875 1400 coe·
928 1343 986 1416 ipse
1001 1343 1036 1398 sit
1048 1345 1076 1398 et
1092 1341 1121 1396 in
1138 1357 1215 1397 soce.
1237 1341 1272 1396 Et
1297 1355 1362 1395 cum
1382 1339 1475 1410 ipsum
1494 1335 1652 1390 habeamus
1665 1331 1741 1404 apud

17 1507 18 1512 ἵ
77 1424 143 1480 testie
170 1444 263 1500 regne
287 1432 458 1503 perducunt.
486 1437 571 1494 llulta
595 1441 622 1492 et
644 1455 697 1512 per
723 1439 877 1512 prophetas
927 1438 1039 1492 Patrem
1054 1437 1222 1491 advocatum
1238 1451 1289 1502 pro
1308 1433 1429 1506 peccatis
1449 1429 1551 1486 nostris
1565 1429 1584 1500 (l
1599 1430 1692 1490 loca„
1710 1441 1740 1494 u,

17 1529 18 1552 ¹
77 1535 155 1574 sarcos
172 1539 238 1578 suos
253 1524 306 1580 dici
331 1528 403 1582 [teus
427 1529 515 1584 voluit
535 1535 562 1586 et
575 1531 685 1602 audiri3
701 1533 750 1588 sed
768 1537 876 1606 quanto
928 1531 965 1601 t),
980 1530 1092 1602 quando
1107 1533 1271 1601 peccatores
1286 1544 1338 1600 pro
1361 1525 1472 1582 delictis
1485 1522 1589 1579 uostris
1603 1520 1740 1593 petimus,

77 1613 192 1682 majora¹
206 1633 274 1689 que
292 1619 378 1675 Filius
392 1623 528 1694 loquitur,
542 1641 606 1697 quae
621 1625 669 1681 Dei
680 1643 774 1681 sermo
788 1627 836 1698 qui
847 1628 876 1682 in
927 1624 1054 1680 advocati
1067 1624 1158 1679 nostri
1174 1622 1261 1678 rerba
1275 1636 1453 1694 promamus.
1470 1619 1553 1686 Nam,
1576 1631 1642 1672 cum
1663 1613 1739 1670 dicat

17 1743 18 1776 ,
77 1708 205 1778 prophetis
220 1710 278 1767 tuit
292 1715 409 1786 propris
423 1731 489 1771 voce
506 1721 636 1787 testetur,
650 1721 778 1792 nonjam
793 1737 874 1776 men·
926 1717 992 1790 quia
1004 1719 1205 1791 quodcumque
1216 1715 1503 1789 petierimusal’atre
1513 1709 1668 1766 innomine
1679 1708 1742 1780 ojus

78 1799 131 1854 dans
145 1805 173 1856 ut
196 1811 319 1876 paretur
338 1809 466 1865 venienti
480 1810 535 1880 ria,
551 1811 600 1868 sed
624 1811 682 1886 ipse
705 1815 833 1884 veniens,
849 1819 877 1870 et
927 1811 1007 1868 dabit
1021 1811 1101 1867 urobis
1115 1811 1215 1882 (loon,
1230 1827 1287 1880 xvc,
1302 1807 1359 1880 23),
1376 1810 1485 1880 quanto
1501 1803 1640 1861 efficacius
1655 1801 1743 1872 impe·
1772 1809 1776 1814 '

17 1939 18 1952 2
78 1893 137 1950 uam
149 1896 230 1952 uobis
250 1902 383 1972 aperiens
399 1909 428 1958 et
442 1905 616 1977 ostendens;
634 1913 663 1962 ut
675 1907 734 1980 qui,
749 1909 779 1962 in
796 1914 875 1965 tene·
927 1911 1036 1962 tremus
1047 1905 1124 1978 (prod
1137 1905 1261 1976 petimus
1272 1904 1301 1958 in
1312 1901 1415 1958 Christi
1426 1899 1554 1966 nomiae,
1570 1898 1593 1952 si
1608 1900 1741 1968 petamus

17 1989 18 2040 f
77 1989 232 2048 brismortis
255 2002 394 2066 errantes,
416 1998 568 2070 improvidi
592 2003 621 2056 et
643 2001 708 2056 coeci
729 2002 807 2073 prius
821 2002 874 2058 lui·
926 1999 1013 2072 ipsius
1027 1999 1180 2055 oratione?

17 2071 18 2080 ¹
78 2100 136 2152 mus,
150 2084 211 2140 luce
224 2087 326 2159 gratiae
334 2089 476 2160 luminati,
487 2092 540 2147 iter
550 2093 613 2149 vitoe
625 2093 696 2149 duce
708 2097 736 2150 ct
746 2097 876 2150 rectore³
963 2095 1005 2147 lV.
1030 2094 1071 2149 Sit
1085 2097 1182 2147 autem
1204 2090 1349 2146 arantibus
1365 2104 1458 2144 sermo
1482 2089 1510 2143 et
1530 2084 1655 2158 precatio
1676 2097 1741 2137 cum

77 2177 181 2235 mnino
195 2184 374 2239 teneremus.
927 2185 1088 2257 disciplina,
1105 2185 1233 2258 quietem
1250 2183 1399 2240 continens
1413 2185 1441 2237 et
1460 2181 1610 2252 pudorem.
1626 2177 1740 2248 Cogite-

105 2275 133 2328 u.
146 2273 199 2338 Qui
212 2275 291 2332 inter
309 2281 410 2333 cetera
431 2279 560 2336 salutaria
575 2299 624 2336 sua
639 2283 748 2337 monitu
759 2286 787 2337 et
803 2300 873 2354 prae-
886 2255 914 2329 Β
927 2297 992 2335 mus
1014 2295 1064 2334 uos
1086 2279 1139 2334 sub
1162 2282 1315 2350 conspectu
1332 2277 1378 2332 Dei
1399 2281 1485 2330 stare.
1510 2271 1684 2329 placendum
1699 2275 1742 2324 est

78 2373 142 2440 cepta
163 2369 260 2425 divina
282 2371 383 2443 quibus
406 2375 510 2445 populo
533 2391 584 2430 sao
608 2377 729 2431 consulit
751 2377 785 2432 ed
800 2378 875 2432 salu-
925 2373 1027 2429 divinis
1051 2373 1139 2428 oculis
1159 2376 1188 2427 et
1209 2371 1308 2426 habitu
1329 2370 1456 2441 corporis
1476 2373 1505 2423 et
1527 2366 1633 2422 madal
1655 2363 1739 2420 vocis.

79 2467 131 2530 totu,
154 2464 241 2519 etiam
263 2465 365 2520 orandi
388 2467 446 2538 ipse
477 2468 599 2524 formam
622 2469 709 2540 dedit,
727 2471 786 2542 ipse
808 2471 875 2542 quid
926 2469 1007 2536 Nam,
1030 2471 1061 2521 ut
1085 2465 1264 2538 impudentis
1282 2469 1324 2519 est
1350 2462 1520 2518 clamoribus
1541 2467 1679 2531 strepere,
1702 2457 1741 2512 ita

17 2553 18 2596 l
79 2571 242 2625 precaremur
255 2559 371 2614 monuit
393 2566 421 2615 et
443 2562 585 2620 instruxit.
607 2563 659 2628 Qui
682 2564 749 2618 lecit
769 2565 875 2632 vivere,
926 2563 1022 2616 contra
1034 2561 1165 2632 congruit
1180 2559 1341 2622 verecundo
1357 2557 1489 2612 modestis
1502 2554 1633 2626 precibus
1647 2568 1740 2606 orare.

17 2707 18 2712 ἵ
79 2649 156 2705 docuit
169 2657 196 2705 et
209 2667 307 2721 oraro,
323 2652 503 2724 benignitate
525 2673 559 2710 ea
573 2657 680 2712 scilicet
704 2674 760 2729 qua
776 2661 804 2712 et
819 2675 875 2712 cee-
927 2655 1053 2726 Bessique
1076 2653 1241 2726 magisterio
1258 2653 1293 2722 (b)
1310 2668 1360 2706 suo
1376 2651 1513 2706 Darninus
1532 2653 1639 2703 secreto
1656 2662 1740 2700 orare

79 2743 202 2798 teradare
227 2751 256 2801 et
277 2747 556 2820 conferredignatus
577 2751 874 2823 ost;ut,du1nprece
927 2764 977 2803 uos
996 2747 1140 2820 precepit,
1167 2747 1194 2800 in
1224 2747 1327 2801 abditis
1348 2749 1375 2800 et
1396 2745 1512 2799 semotis
1535 2745 1570 2813 (7)
1603 2740 1682 2806 locis,
1710 2738 1739 2793 in

80 2841 100 2890 et
120 2839 264 2895 oratioue‘
287 2857 374 2911 quam
392 2841 477 2896 Filius
497 2842 593 2899 docuit
609 2845 684 2916 apud
706 2848 816 2902 Patrem
831 2846 873 2900 lo·
926 2841 1061 2897 cubiculis
1074 2841 1152 2912 ipsis,
1178 2841 1253 2912 quod
1267 2839 1359 2910 magis
1378 2837 1509 2894 convenit
1531 2837 1612 2903 iidem
1629 2833 1742 2890 utscia-

80 2932 187 3002 quimus,
201 2933 316 2990 facilius
330 2935 492 2991 audiamur.
516 2935 606 3011 521
630 2939 690 2994 lam
703 2940 875 3010 predixerat
926 2935 1094 2990 musileum
1114 2934 1218 3006 ubique
1241 2949 1300 2988 esse
1323 2935 1504 3004 presentem,
1530 2929 1629 2985 audire
1642 2941 1741 2982 amnes

17 3075 18 3104 3
80 3025 160 3081 horam
182 3028 280 3084 uenire
306 3029 420 3100 quando
445 3031 503 3086 veri
531 3031 698 3087 adoratores
723 3035 876 3090 adorarent
925 3033 953 3085 et
975 3029 1084 3095 videre,
1107 3033 1136 3082 et
1158 3027 1389 3099 majestatissuoe
1409 3021 1740 3098 plenitudineinabdita

17 3107 18 3118 ¹
80 3118 172 3174 Patrem
187 3122 215 3176 iu
239 3123 387 3193 spiritual
402 3124 635 3196 verimteilouu„
652 3141 688 3194 rr,
703 3129 757 3198 23),
774 3130 803 3183 ot
821 3128 873 3184 im·
925 3139 1039 3195 quoque
1059 3126 1087 3177 ot
1110 3121 1218 3176 occulta
1238 3126 1399 3192 penetrare,
1425 3120 1498 3174 sicut
1518 3117 1655 3188 scriptum
1674 3121 1738 3171 est:

81 3213 148 3280 placit
160 3217 232 3286 qtrod
247 3221 315 3272 anie
339 3217 470 3288 promisit
480 3235 489 3286 ;
505 3222 536 3272 ut
549 3218 597 3289 qui
614 3219 745 3290 spiritum
762 3227 790 3276 et
803 3223 873 3276 veri·
924 3221 980 3286 Epo
995 3219 1065 3272 Dauos
1087 3218 1294 3288 approximans,
1312 3213 1409 3287 522
1428 3219 1452 3268 et
1471 3229 1525 3266 nou
1548 3215 1617 3266 Deus
1630 3211 1662 3266 cte
1682 3211 1739 3264 lon·

81 3307 151 3359 tatem
164 3307 197 3363 de
210 3309 272 3380 ejus
292 3309 539 3367 sanctificationei
566 3313 754 3384 percepimus,
772 3315 807 3368 de
822 3321 875 3370 tra·
924 3315 1035 3381 piupuo.
1059 3313 1089 3368 Si
1114 3310 1288 3366 absconditus
1311 3311 1398 3377 merit
1420 3309 1495 3362 tromo
1517 3309 1545 3360 in
1566 3303 1738 3366 absconditis,

82 3395 166 3454 ditione
180 3419 295 3476 quoque
313 3405 373 3475 eius
388 3421 453 3459 rere
478 3409 506 3459 et
525 3405 690 3476 spiritaliter
709 3407 873 3463 adoremus.
925 3421 972 3476 epo
988 3421 1050 3474 erpo
1069 3420 1123 3460 nou
1140 3405 1235 3459 uidebo
1258 3408 1342 3459 oum?
1362 3407 1457 3460 Nonne
1477 3402 1571 3457 calum
1593 3406 1619 3454 et
1640 3405 1740 3454 terram

80 3491 131 3552 ttae
150 3496 222 3550 enim
243 3501 338 3568 potest
362 3514 422 3551 esse
446 3499 537 3570 ansgis
560 3499 696 3570 spiritalis
719 3501 755 3572 (i)
784 3503 874 3556 oratio
925 3513 970 3566 epo
984 3497 1255 3570 impteotfflterem,
1267 3513 1342 3565 xxrrc,
1359 3499 1403 3563 23,
1420 3496 1488 3566 itti
1503 3496 1538 3549 Et
1558 3493 1685 3549 iterum:
1708 3494 1740 3544 ln

82 3590 430 3661 utcmquceacbristoffi)
446 3592 608 3648 nobrsdata
625 3598 676 3661 est,
693 3595 998 3689 aquionobiscamni
1034 3594 1088 3648 loco
1114 3593 1187 3647 ocuti
1215 3593 1263 3647 Dei
1288 3591 1464 3663 speculantur
1495 3591 1575 3644 bonos
1606 3591 1631 3642 et
1655 3585 1739 3641 malos

82 3680 222 3748 aspirans
246 3689 362 3738 sanctus
385 3685 489 3740 missus
510 3687 575 3741 esti
598 3689 666 3752 011ae
689 3703 755 3742 vare
781 3689 874 3760 magis
925 3685 1025 3756 (Pron,
1039 3701 1084 3756 xv,
1108 3689 1145 3756 3).
1161 3687 1194 3741 Et
1208 3685 1322 3757 quando
1345 3685 1374 3740 in
1401 3700 1490 3738 unum
1515 3678 1737 3737 cumfratribus

83 3773 141 3841 opud
153 3776 262 3832 Patrem
285 3779 411 3849 precatio
435 3795 522 3850 quam
548 3796 611 3852 quae
631 3797 648 3834 a
675 3781 754 3851 Filio,
770 3783 818 3853 qui
832 3787 873 3837 est
924 3779 1120 3847 convenimus,
1135 3783 1164 3833 et
1183 3778 1317 3834 sacrificia
1340 3777 1435 3832 divina
1450 3793 1515 3831 cum
1530 3775 1579 3830 Dei
1593 3772 1762 3829 sacerdote‘

18 3875 19 3948 j
82 3863 179 3938 terias,
204 3871 238 3926 de
259 3871 322 3941 ejus
340 3887 388 3926 ore
407 3872 517 3942 prolata
539 3875 602 3929 esti
627 3877 658 3929 ut
682 3873 874 3946 aliter2orare
924 3872 1111 3942 celebramus,
1123 3871 1301 3928 verecundiae
1312 3875 1340 3926 ct
1352 3870 1510 3943 disciplinae
1525 3884 1667 3924 memores
1680 3881 1739 3922 esse

84 3973 152 4026 quam
164 3962 257 4019 docuit
279 3979 335 4020 non
351 3965 514 4036 ignorantia
528 3967 586 4022 sols
609 3967 654 4035 sit,
669 3968 719 4024 sed
739 3975 768 4024 at
780 3971 872 4042 culpa,
925 3965 1070 4034 debemus,
1094 3983 1151 4021 non
1174 3967 1281 4038 passim
1302 3965 1438 4022 ventilare
1459 3979 1555 4036 preces
1571 3961 1736 4017 austrasia-

83 4055 176 4119 quando
193 4057 252 4128 ipse
275 4059 402 4129 posuerit
424 4062 454 4114 et
468 4059 589 4116 dixerit:
612 4061 729 4131 licjicitis
753 4064 871 4118 mondo-
924 4059 1044 4115 conditis
1065 4059 1188 4126 vocibus,
1211 4075 1262 4116 neo
1282 4059 1450 4131 petitionem
1482 4053 1737 4112 commendendam

84 4147 126 4197 tum
145 4151 194 4211 bei,
219 4157 250 4206 ut
280 4152 454 4208 traditionem
466 4157 583 4210 uestram
607 4159 738 4212 statuatis
761 4154 870 4227 (Marc,
924 4153 1051 4210 modeste
1066 4155 1124 4209 Deo
1148 4153 1322 4209 tumultuosa
1340 4153 1513 4224 loquacitate
1534 4149 1653 4221 jactare,
1674 4147 1739 4218 quia

85 4250 119 4304 ’Ἧι
132 4241 163 4311 8)·
638 4328 645 4340 Ι
924 4253 998 4306 Deus
1013 4267 1070 4308 nou
1090 4252 1165 4308 vacis
1189 4250 1239 4306 sed
1255 4251 1348 4307 cordis
1371 4251 1485 4306 auditor
1499 4253 1549 4305 est.
1564 4247 1619 4303 Nec
1634 4246 1734 4302 admo-

754 4417 859 4484 Variae
882 4419 1049 4484 lectiones.

110 4549 315 4606 ‘Fundamenta
338 4555 1026 4619 corroborandaefidei,nutrimentoaed1flcandae
1050 4561 1118 4625 spei,
1138 4563 1345 4612 firmamentum
1368 4559 1479 4610 fovendi
1505 4557 1597 4609 cordis
1624 4557 1689 4606 Voss.
1713 4557 1736 4606 3.

87 4619 197 4676 'Meliora
215 4627 406 4677 unaarum.
442 4629 587 4680 ³lterviae
607 4628 679 4680 duca
699 4631 755 4680 lin.
776 4631 869 4682 aaa.
889 4631 953 4682 uod.
973 4632 1080 4695 t,2‚l.
1114 4631 1294 4683 ‘Orationem
1313 4631 1378 4680 Voss.
1394 4630 1416 4680 3.
1451 4625 1675 4680 ‘satisfactione
1690 4637 1738 4687 pro

87 4695 277 4749 sacrificatione
299 4701 376 4747 Oeam
409 4698 562 4764 ‘Magister
578 4701 715 4751 Dominus
735 4703 780 4751 Ar.
802 4701 932 4766 Magister
950 4703 1044 4754 docuit
1067 4701 1128 4752 aaa.
1146 4701 1170 4763 i,
1192 4701 1216 4751 3.
1250 4699 1386 4752 ⁷Modulo
1404 4699 1480 4750 vocis
1505 4699 1597 4747 Victor.
1624 4695 1689 4744 Voss.
1712 4695 1735 4744 Ξ.

88 4756 200 4828 *implam
214 4767 280 4820 dicit
293 4769 430 4820 Dominus
448 4771 542 4820 Victor.

706 4889 818 4976 Steph.
843 4893 964 4958 Baluzii
987 4897 1085 4957 nota.

112 5031 136 5090 (ll
158 5036 235 5114 lippis
259 5035 401 5101 spiritatis.
436 5037 575 5088 Pamelius
603 5041 711 5092 monuit
739 5043 912 5130 scriptump)
955 5043 988 5105 (5)
1019 5042 1116 5092 Ciristi
1138 5041 1266 5091 oratioue.
1294 5039 1389 5092 Sacuti
1417 5041 1444 5090 in
1472 5040 1525 5090 boc
1552 5039 1612 5090 loco
1639 5051 1737 5090 sumus

90 5110 134 5150 csse
151 5105 295 5168 spiritalior
321 5109 349 5158 in
364 5111 483 5172 mutuor
498 5109 619 5176 antiquis
637 5111 790 5172 codicibus.
814 5114 872 5177 Ego
924 5113 1073 5164 editionem
1099 5111 1219 5176 Rigaltii,
1243 5125 1326 5176 quam
1350 5111 1409 5175 ipse
1433 5123 1526 5161 varam
1553 5123 1614 5162 esse
1637 5111 1738 5176 probat

90 5177 225 5252 samaeus
242 5179 331 5244 reperi
349 5181 378 5230 in
404 5192 461 5230 sax.
484 5180 555 5234 Vide
577 5187 657 5232 notas
678 5183 712 5234 ad
728 5184 830 5235 librum
843 5187 874 5235 de
923 5185 1031 5234 ratione
1050 5187 1078 5233 et
1096 5183 1232 5247 exemplo.
1250 5183 1349 5234 Nititur
1368 5184 1460 5234 autem
1477 5195 1508 5232 ea
1526 5181 1648 5246 plurium
1664 5187 1737 5234 vete-

90 5237 163 5294 llatrtu
181 5247 321 5314 lirpinum.
923 5269 984 5306 rum
999 5256 1133 5306 librorum
1146 5255 1315 5305 auctoritate.

113 5313 138 5378 tlt
160 5319 212 5381 Oua
233 5337 250 5372 n
276 5323 391 5374 Christo.
423 5323 563 5376 Manutius
588 5329 681 5390 posuit
704 5341 873 5394 qrrarrcrra
954 5325 987 5388 (o)
1006 5325 1125 5392 Denique
1145 5327 1305 5390 mopiacrro.
1322 5324 1397 5376 citat
1414 5325 1489 5375 hunc
1511 5325 1603 5376 locum
1625 5331 1738 5380 sanctus

92 5381 176 5466 Clusa.
194 5391 245 5444 Sed
260 5407 312 5460 ego
332 5407 431 5446 vocem
456 5409 523 5458 aare,
550 5409 614 5462 quas
629 5411 683 5448 non
705 5397 822 5452 babetur
844 5399 873 5449 in
921 5395 1084 5460 Fulgentius
1097 5397 1143 5448 lib.
1160 5411 1177 5446 11
1193 5397 1227 5447 od
1242 5397 1453 5454 trasimundum,
1468 5411 1528 5462 cap.
1543 5399 1581 5447 to.

91 5459 187 5534 lullonis
204 5463 371 5518 aditionibus
393 5479 484 5531 neque
505 5469 532 5518 in
553 5469 694 5520 veteribus
708 5469 785 5520 libris
806 5483 874 5521 nos·
954 5471 987 5532 (7)
1012 5469 1115 5520 abditis
1140 5475 1162 5520 et
1188 5470 1303 5520 semotis.
1327 5469 1444 5520 Veteres
1467 5469 1601 5520 editiones
1626 5473 1655 5520 et
1680 5475 1736 5522 tros

93 5527 168 5588 tuso
191 5535 294 5588 inutilis
316 5539 367 5600 ast,
389 5538 488 5600 abjeci.
514 5540 601 5591 Nemo
620 5543 722 5606 quippe
746 5541 873 5594 dubitare
923 5538 986 5596 libri
1000 5545 1107 5592 veteres
1126 5542 1277 5606 praeierunt
1299 5541 1396 5592 crbditis
1414 5545 1438 5590 et
1451 5541 1555 5591 secretis
1568 5541 1608 5590 col
1621 5541 1735 5600 seruatis,

93 5603 659 5684 1¹0lestqninOratioDominicacompostta
674 5611 871 5665 sitaChristo.
922 5615 953 5662 ut
980 5612 1067 5663 lector
1094 5625 1156 5664 eam
1184 5612 1331 5664 lectionem
1360 5612 1498 5676 acciperet
1524 5625 1608 5677 quam
1631 5611 1734 5661 mallet.

94 5663 165 5724 lidum
179 5691 283 5744 quoque
296 5681 451 5745 anglicana
469 5695 531 5732 enm
546 5695 643 5734 vocem
656 5683 759 5747 rejecit.
923 5683 1020 5749 ltaque
1034 5685 1150 5749 quidam
1163 5685 1305 5740 habebant
1322 5685 1349 5736 in
1361 5685 1457 5737 obditis
1475 5691 1498 5736 et
1510 5685 1624 5747 secretis,
1642 5683 1689 5734 alit
1708 5683 1736 5731 in

117 5745 142 5802 ‘li
167 5748 237 5800 Deum
260 5752 293 5802 dc
319 5765 367 5802 sico
393 5764 498 5817 roparo.
535 5754 650 5816 Seneca,
682 5755 768 5820 Epist.
807 5755 835 5804 10
867 5771 871 5802 :
923 5755 1195 5808 obditisuclsoruotis.

96 5813 332 5875 «cruentatorum
348 5836 424 5889 roga,
443 5824 512 5876 nibil
530 5825 564 5878 do
579 5825 670 5880 alieno
689 5831 843 5892 rogaturus.
860 5845 873 5874 »
