3986 6208
228 279 280 334 659
698 276 726 333 S.
746 275 903 333 cranium
921 273 1060 332 ornauit
1080 274 1166 331 PARS
1179 274 1213 330 tl.
1234 301 1266 318 -
1281 273 1466 333 croscum.
1854 279 1899 334 bib

152 451 154 466 ‚
229 403 300 458 tiam
314 401 456 474 patientia
469 402 585 458 custode
599 401 739 471 serrarit;
754 405 782 457 et
798 405 829 456 at
841 401 960 456 tratrem
973 400 1043 456 tlain
1055 404 1166 485 Alam.
1180 399 1258 456 l'acit
1266 399 1391 456 humiles
1403 400 1433 456 in
1446 401 1606 474 prosperis,
1615 401 1646 456 iu
1656 399 1781 456 adversis
1789 399 1898 456 tortesll

229 495 396 568 perimeret,
428 496 557 552 sacrificii
592 498 653 570 ejus
679 500 709 552 et
737 497 863 578 muneris
890 493 1041 566 impatiens
1092 493 1370 567 coatrninjariaset
1389 495 1580 552 contumelias
1603 495 1699 551 mites.
1720 495 1806 550 Docet
1827 495 1910 550 delia-

228 590 302 660 luit;
320 595 348 646 et
365 590 441 661 quod
459 591 532 646 Esau
548 591 582 646 do
605 591 761 664 majoribus
786 590 822 646 ad
849 589 962 644 minora
978 587 1040 644 des·
1093 588 1252 662 queatibas
1267 587 1324 644 cito
1342 589 1512 661 ignoscere;
1530 589 1554 644 si
1575 590 1637 662 ipse
1656 589 1813 660 delinquas,
1828 589 1911 644 diuet

230 683 336 752 cendit,
360 683 500 756 primatus
524 701 591 740 suos
613 701 664 758 per
687 685 899 757 impatientiam
924 681 1043 738 lentis⁹⁰
1094 682 1221 738 multum
1236 699 1352 755 rogare.
1371 684 1557 740 Tentationes
1571 689 1732 755 expugnat,
1748 684 1910 753 persecutio·

231 776 336 834 amisit.
351 777 562 844 Ouidtudaicas
576 781 698 851 populus
709 779 782 835 circa
792 777 935 833 beneficia
949 775 1045 830 divina
1094 793 1145 832 nas
1159 777 1272 846 tolerat,
1285 777 1431 849 passiones
1446 782 1475 832 et
1491 777 1630 850 martyria
1646 779 1837 834 consummat.
1853 777 1910 846 lpse

230 873 356 945 perfidus
377 878 406 928 et
426 873 566 944 ingratus,
588 889 685 928 nouae
710 871 790 944 qaod
811 887 827 926 a
849 871 904 926 Deo
918 869 1044 941 primum
1099 877 1143 928 est
1159 887 1224 942 qaas
1247 869 1318 926 ndei
1331 876 1437 927 nostres
1452 871 1646 926 fundamenta
1668 869 1909 926 llrmitcrmunil:

232 968 357 1036 recessit,
374 966 561 1039 impatientias
581 967 688 1022 crimen
704 966 768 1034 tait,
794 966 863 1021 dam
876 963 965 1035 ltloysi
978 973 1044 1017 cam
1095 963 1158 1036 ipsa
1170 970 1212 1020 eet
1224 981 1288 1036 qua·
1299 965 1480 1020 incrementa
1492 964 1550 1036 spei
1560 965 1726 1020 sublimiter
1735 963 1862 1034 provebit
1871 965 1907 1018 ⁸⁸.

234 1063 324 1118 aeon
347 1061 535 1133 colloquentis
556 1077 651 1117 moras
673 1076 731 1116 non
755 1063 848 1132 potest
869 1059 953 1124 terre,
979 1071 1044 1128 pro·
1095 1061 1163 1129 lpsa
1189 1057 1326 1114 ectum⁸⁹
1351 1058 1459 1128 dirigit,
1484 1063 1515 1113 ut
1547 1061 1645 1114 tenere
1679 1057 1820 1130 possimus
1839 1057 1906 1112 riam

233 1159 315 1214 lenos
339 1158 407 1212 deos
427 1172 513 1212 ausus
531 1163 573 1211 est
602 1154 791 1228 postulare⁹²,
815 1157 847 1208 ut
873 1149 983 1207 itineris
1002 1150 1046 1204 sui
1096 1151 1220 1221 Christi,
1242 1151 1310 1206 dam
1326 1167 1381 1224 per
1395 1153 1456 1223 ejas
1471 1153 1650 1208 tolerantiam
1674 1149 1824 1223 gradimur
1838 1167 1844 1205 :
1857 1151 1908 1222 ipsa

233 1252 321 1308 daces
341 1254 519 1322 nuncuparet
528 1251 552 1286 ⁹³
578 1254 664 1320 caput
691 1247 830 1302 bubalum
853 1251 882 1301 et
908 1249 1046 1300 terrestre
1098 1247 1184 1302 efficit
1210 1249 1241 1301 ut
1265 1261 1483 1316 perseveremus
1502 1245 1552 1300 lilii
1576 1246 1638 1313 liei,
1659 1245 1731 1300 dum
1751 1245 1906 1316 patientiam

233 1347 425 1419 figmentum
453 1361 505 1400 aaa
529 1359 654 1415 unquam
678 1341 714 1396 ab
737 1341 837 1396 eadem
865 1337 1048 1411 impatientia
1098 1340 1188 1396 Patris
1201 1339 1360 1394 imitamur.

233 1441 353 1506 destitit,
377 1441 551 1512 quominus,
578 1451 691 1508 semper
712 1435 866 1490 docilitatis
891 1439 920 1488 et
946 1431 1048 1488 divina
1135 1433 1198 1489 lllll.
1214 1433 1279 1502 Sed,
1295 1433 1433 1505 quoniam
1445 1433 1582 1504 plurimos
1593 1432 1661 1500 scio,
1678 1432 1783 1487 iratres
1796 1431 1906 1487 dilectis·

234 1533 440 1590 admonitionis
465 1531 629 1604 impatiens,
653 1529 807 1600 prophetas
831 1543 896 1582 suos
918 1530 947 1581 et
957 1525 1049 1596 justos
1099 1527 1174 1597 simi,
1191 1527 1235 1582 rel
1250 1527 1379 1598 pondere
1395 1527 1566 1599 injuriarum
1581 1526 1808 1598 angentiumrel
1822 1526 1907 1580 dolare

234 1643 363 1700 quosque
378 1625 558 1697 perimendo,
570 1625 604 1679 ad
618 1638 731 1678 cracem
754 1637 870 1692 quoque
891 1627 920 1674 et
934 1619 971 1673 ad
985 1635 1048 1674 saa·
1101 1622 1135 1676 de
1152 1621 1186 1678 iis
1208 1621 1258 1692 qni
1278 1621 1471 1676 adversamus
1485 1623 1653 1692 grassantur
1668 1625 1697 1675 at
1712 1619 1839 1687 sariunt,
1852 1619 1904 1674 ria-

235 1721 352 1793 guiaem
376 1718 490 1775 [lamini
512 1716 662 1790 prosiliret.
689 1713 869 1786 Impatientia
883 1713 970 1768 etiam
982 1714 1007 1749 ⁸⁸
1019 1711 1047 1766 ia
1101 1715 1189 1770 dicari
1203 1715 1337 1769 volociter
1350 1731 1465 1786 cupere,
1487 1731 1539 1770 nec
1560 1713 1678 1769 illudio
1699 1715 1843 1768 extrema¹
1857 1713 1903 1782 (ii)

235 1815 361 1872 Ecclesia
372 1813 521 1870 haereticos
538 1811 617 1880 lacit,
634 1813 672 1878 et,
689 1810 726 1864 nd
738 1809 901 1865 ludaeorum
915 1807 1048 1861 similitu·
1060 1783 1088 1854 Β
1101 1812 1182 1882 parte
1202 1808 1382 1864 reticendum
1395 1813 1448 1878 est,
1473 1811 1513 1875 ut,
1529 1807 1558 1862 in
1578 1807 1639 1863 istis
1661 1807 1824 1863 fluctuantis
1836 1823 1906 1862 mun·

236 1911 347 1978 dinem,
362 1913 461 1964 contra
476 1905 580 1964 Christi
595 1919 695 1976 pacem
712 1907 741 1958 et
754 1901 920 1957 charitatem
934 1901 1051 1955 rebelles
1100 1903 1129 1960 di
1142 1902 1305 1958 turbinibus
1321 1902 1524 1957 attudeorum
1540 1902 1598 1957 sire
1611 1901 1766 1974 gentilium
1781 1907 1810 1957 et
1828 1901 1907 1956 here·

237 2005 272 2060 ad
285 2003 398 2059 hostilia
412 2005 441 2056 et
450 2000 557 2056 inriosa
571 1999 637 2054 odia
651 1996 807 2068 compellit.
825 1999 867 2065 Et,
883 2011 918 2050 ne
931 1995 1051 2065 longum
1101 1993 1222 2052 tioorirm
1243 2011 1359 2067 quoquo
1381 1995 1625 2068 persecutionibus
1637 1995 1801 2062 constituti,
1814 1994 1907 2067 patieu-

237 2100 274 2156 sit
286 2097 398 2169 singula
410 2109 568 2161 recensere,
585 2092 680 2148 omnia
703 2091 823 2146 omnino
838 2105 902 2160 quae
916 2088 1052 2160 patientia
1101 2096 1145 2147 ter
1164 2093 1359 2163 exspectemus
1384 2090 1499 2145 ultionis
1521 2089 1608 2158 diam,
1633 2105 1688 2146 nec
1703 2090 1740 2146 ad
1763 2089 1905 2144 vindictam

238 2192 370 2265 operibus
401 2189 458 2244 suis
490 2185 613 2242 aedificat
642 2186 677 2241 ad
705 2183 837 2256 gloriam,
871 2183 1052 2254 impatientia
1102 2183 1209 2240 doloris
1224 2184 1312 2238 nostri
1328 2183 1447 2256 querula
1465 2184 1519 2256 (id)
1539 2183 1723 2240 festinatione
1736 2197 1907 2256 properemus

238 2283 359 2340 destruit
375 2280 410 2335 ad
422 2278 547 2334 retinam.
1102 2295 1167 2334 enm
1190 2277 1327 2349 scriptum
1348 2277 1383 2332 sit
1401 2295 1407 2332 :
1423 2281 1557 2348 Exspecta
1578 2294 1629 2344 me,
1644 2279 1714 2334 dicit
1735 2280 1869 2338 Dominus,
1882 2279 1907 2330 in

275 2377 328 2434 lill-
351 2375 453 2440 Quare·
478 2367 781 2434 frairetdllesslifflimis
806 2365 1051 2438 0ib⁰ni⁵lt³iiew
1102 2373 1146 2428 die
1169 2373 1373 2428 resurrectionis
1401 2373 1487 2428 ιιιειιι
1510 2376 1540 2428 in
1567 2375 1760 2435 testimoninm,
1792 2372 1906 2443 quonian

240 2474 321 2528 tireet
333 2465 520 2542 impatientias
533 2464 616 2519 malis
629 2461 932 2535 diligentarexpensis,
945 2461 1053 2533 patien·
1097 2467 1233 2537 judiciam
1256 2481 1344 2522 meam
1362 2466 1399 2520 ad
1412 2469 1635 2536 congregationes
1649 2469 1785 2536 pontium,
1808 2473 1836 2520 ut
1848 2466 1907 2520 easi-

238 2567 319 2633 tiam,
343 2579 396 2634 per
419 2577 504 2632 qaam
529 2560 559 2614 in
582 2557 694 2615 Christo
715 2571 878 2623 manemus,
903 2561 933 2610 ut
955 2555 1052 2610 renim
1100 2563 1262 2632 piamrepes
1281 2564 1305 2614 et
1319 2559 1456 2629 effundam
1468 2575 1550 2631 snper
1564 2575 1606 2617 eos
1619 2563 1693 2616 tram
1714 2575 1800 2616 meam
1815 2559 1905 2630 (sept,

239 2657 423 2716 cumChristo
433 2654 565 2711 addeum
574 2651 757 2725 possimus⁹⁶,
767 2647 1053 2721 planaobsorvatione
1104 2669 1144 2722 ιιι,
1166 2652 1205 2724 8).
1228 2653 1395 2724 Exspectare
1418 2669 1470 2709 nos
1493 2653 1577 2726 jubet
1598 2655 1760 2712 ιιοιιιιιιιιι1
1775 2657 1804 2708 et
1815 2653 1906 2708 latura

238 2757 406 2820 teneamus3
429 2765 494 2820 qaae
517 2747 633 2820 copiosa
647 2746 678 2801 et
698 2743 844 2814 multiplea
859 2759 917 2798 non
932 2749 1054 2814 angusto
1103 2747 1221 2804 ultionis
1236 2746 1312 2802 diem
1325 2746 1392 2802 torti
1415 2747 1554 2820 patientia
1568 2748 1721 2805 sustinere.
1737 2748 1789 2814 Oai
1801 2747 1828 2802 in
1841 2749 1906 2817 ipo·

239 2849 297 2902 fine
319 2843 509 2911 concluditur,
531 2857 582 2896 nec
594 2839 729 2896 brevibus
743 2837 877 2893 terminis
894 2841 1052 2892 coercetur.
1103 2841 1210 2913 calypsi
1224 2840 1351 2914 loquitar
1362 2840 1480 2897 dicens:
1497 2843 1537 2902 Ne
1557 2843 1711 2912 sipnaoers‘s
1725 2842 1805 2898 uerba
1822 2837 1905 2914 636

237 2943 305 2999 Late
323 2944 402 3012 patet
415 2935 510 3010 635
529 2935 673 3007 patientias
685 2933 791 3002 virtus3
808 2935 837 2988 et
853 2931 971 2987 abertas
991 2931 1054 3002 ejus
1103 2936 1252 3007 prophetia
1274 2935 1339 2990 libri
1358 2935 1451 3004 buius,
1469 2937 1536 3006 qnia
1551 2935 1613 3007 iam
1628 2941 1734 3008 tempus
1748 2939 1777 2991 in
1796 2938 1906 3008 prosim

241 3041 269 3092 et
287 3033 405 3106 largitas
429 3032 463 3087 de
487 3029 572 3085 unius
595 3028 713 3100 q'uidem
734 3025 863 3082 nominis
886 3026 964 3081 fonte
986 3043 1054 3098 pro·
1105 3035 1146 3084 est
1167 3032 1199 3084 nt
1220 3033 1245 3084 et
1262 3031 1285 3084 ii
1304 3031 1354 3100 qai
1370 3035 1546 3100 perseverant
1565 3045 1658 3087 nocere
1684 3037 1804 3094 noceant,
1825 3034 1848 3085 et
1864 3027 1905 3098 qui

240 3128 384 3197 ficiscitur,
419 3124 480 3192 sed,
518 3121 731 3179 exundantibus
765 3119 854 3191 venis,
888 3135 940 3192 per
965 3121 1056 3176 multa
1104 3125 1136 3178 in
1156 3123 1282 3179 sordibus
1305 3123 1709 3196 estsordesoatodbuc,iustus
1731 3121 1906 3180 autemadtua

241 3223 401 3297 gloriarum
443 3217 546 3274 itinera
587 3214 758 3271 diffunditur
766 3232 775 3284 3
820 3230 872 3269 nec
916 3215 1056 3286 prolicere
1100 3217 1220 3288 justiora
1239 3215 1338 3288 faciat,
1360 3219 1487 3274 similiter
1510 3223 1536 3275 et
1560 3221 1609 3291 qni
1634 3227 1747 3276 sanetus
1760 3219 1826 3282 est‘,
1841 3229 1905 3272 sanc·

240 3315 349 3388 aliquid
373 3315 403 3368 ia
427 3312 536 3367 actibus
559 3310 666 3366 nostris
688 3313 783 3380 potest
803 3307 839 3364 ad
859 3323 1056 3364 consummau-
1106 3314 1187 3366 tiara.
1208 3313 1274 3368 Eece
1297 3313 1374 3366 venio
1402 3313 1465 3375 cito,
1502 3317 1528 3368 et
1549 3329 1647 3370 meres
1661 3331 1723 3371 mea
1747 3329 1842 3370 mecum
1865 3315 1905 3374 est,

242 3411 307 3466 dam
331 3407 458 3474 laudem,
482 3404 535 3459 nisi
566 3403 632 3459 inde
653 3402 912 3458 consummationis
936 3401 1057 3473 accipiat
1104 3405 1216 3461 reddere
1240 3407 1386 3478 stannique
1400 3407 1637 3476 secundumsacto
1659 3423 1714 3464 sna
1736 3409 1903 3480 (Apoa.,xxu,

241 3500 454 3558 firmitatemtt.
478 3497 615 3555 Patientia
638 3499 680 3552 est
703 3511 768 3568 quae
789 3511 841 3552 nos
863 3496 920 3551 lieo
934 3502 962 3551 et
982 3511 1057 3550 com·
1105 3497 1208 3571 10-12).
1228 3499 1307 3555 Unde
1329 3499 1418 3556 etiam
1437 3500 1591 3557 clamantes
1613 3505 1754 3574 martyres
1769 3504 1796 3556 et
1809 3499 1841 3555 ad
1856 3498 1904 3551 rin·

244 3596 364 3652 mandat
383 3597 412 3650 et
432 3595 536 3648 serrat.
565 3594 628 3663 lpsa
651 3595 694 3646 est
715 3606 781 3662 qum
804 3589 876 3645 iram
904 3593 1055 3661 temperat,
1107 3591 1905 3668 dictamnum,doloreerumpente,properautoserspec·

243 3704 309 3763 qnae
334 3689 463 3760 linguam
490 3686 596 3753 irenei,
623 3688 749 3740 mantem
776 3683 928 3755 gubernat,
957 3699 1055 3755 pacem
1108 3689 1166 3741 tare
1190 3685 1284 3742 adbuc
1301 3686 1442 3758 jubentur
1464 3691 1493 3742 et
1516 3687 1698 3760 temporibus
1721 3701 1903 3745 consumman-

244 3783 376 3850 custodit,
391 3779 572 3853 disciplinam
585 3779 670 3850 regit,
683 3777 809 3834 libidinis
821 3777 961 3849 impetum
976 3778 1055 3833 iran-
1106 3779 1149 3835 dis
1184 3778 1395 3852 implendisque
1427 3781 1602 3854 martyribus
1644 3783 1774 3856 praebere
1816 3778 1905 3853 patien-

243 3879 296 3950 git,
321 3875 441 3931 tumoris
460 3871 626 3930 violentiam
651 3871 824 3944 comprimit,
840 3871 1004 3927 incendium
1019 3872 1055 3926 si·
1107 3873 1205 3928 tiam:
1228 3876 1263 3930 at
1290 3889 1351 3930 cum
1379 3879 1539 3946 aperuisset,
1563 3875 1666 3948 inquit,
1694 3880 1815 3949 quintam
1839 3873 1903 3940 sipil-

245 3971 374 4028 multatis
406 3968 572 4040 exstinguit,
608 3972 716 4022 coercet
745 3966 902 4038 potentiam
927 3965 1057 4034 divitum,
1109 3967 1196 4035 tant,
1215 3969 1275 4023 aidi
1291 3967 1341 4023 sub
1365 3984 1416 4024 ara
1440 3971 1489 4025 lici
1512 3973 1621 4026 animas
1647 3975 1791 4028 carnorum
1807 3971 1903 4041 propter

246 4067 372 4138 inopiam
395 4079 554 4136 pauperum
578 4061 697 4128 refovet,
726 4064 821 4116 tuetur
842 4061 871 4116 in
901 4059 1059 4132 uirginibus
1108 4061 1217 4117 uerbum
1241 4063 1288 4118 liei
1312 4069 1339 4118 et
1362 4065 1526 4132 martenium
1558 4079 1651 4133 snam,
1687 4072 1712 4122 et
1740 4063 1903 4120 clamaverunt

245 4160 358 4217 beatam
381 4157 587 4229 integritatem,
607 4156 636 4210 in
657 4154 749 4210 vidais
765 4153 933 4210 laboriosam
947 4156 1059 4210 castita-
1109 4171 1170 4210 noae
1191 4169 1291 4224 maana
1313 4157 1428 4212 dicentes
1452 4173 1459 4212 ι
1488 4157 1640 4229 Quousque,
1668 4161 1788 4220 Domine,
1813 4157 1903 4212 sanctus

245 4258 315 4320 tem,
329 4254 359 4308 in
375 4251 531 4322 conjunctis
545 4253 574 4304 et
588 4248 727 4304 maritatis
742 4247 921 4304 individuam
933 4249 1059 4304 charita·
1110 4254 1135 4304 et
1149 4263 1239 4318 verns,
1261 4265 1315 4306 nan
1324 4251 1433 4321 judicas
1445 4255 1470 4308 et
1494 4253 1617 4310 vindicas
1631 4256 1790 4326 sanquinem
1804 4255 1903 4306 nostnrn

934 4416 1039 4481 Variae
1067 4417 1238 4481 lectiones.

277 4551 298 4585 ⁹⁰
316 4551 415 4604 Mentis
426 4552 489 4604 flod.
504 4554 527 4614 l,
543 4553 567 4604 3.
598 4551 620 4586 ⁰¹
632 4553 691 4603 Deo
705 4551 846 4616 loquentis
858 4551 901 4602 Ar.
917 4549 980 4600 Bod.
996 4551 1021 4602 2.
1040 4551 1106 4602 Voss.
1127 4551 1190 4602 Vici.
1224 4551 1246 4584 ⁹¹
1259 4553 1354 4604 Ausus
1371 4556 1413 4604 est
1438 4554 1580 4618 postulare
1594 4558 1664 4608 Lam.
1677 4557 1752 4608 Etor.
1763 4558 1813 4608 lis.
1826 4553 1870 4605 Νι.
1885 4551 1901 4600 l.

246 4623 308 4676 Bod.
332 4625 355 4686 i,
373 4623 397 4678 Ξ.
421 4623 446 4686 3,
472 4625 497 4674 ι.
518 4623 568 4674 Est
591 4624 677 4674 amitt.
698 4623 776 4672 Onon.
810 4623 831 4656 ⁹¹
853 4621 948 4674 Duces
962 4622 1067 4674 diceret
1087 4625 1133 4674 Ar.
1170 4623 1299 4675 “Ellam
1323 4625 1351 4674 iu
1376 4625 1502 4678 Ecclesia
1540 4629 1612 4678 tam.
1639 4621 1901 4682 admaturari·

242 4693 263 4728 ⁹⁵
291 4693 327 4744 tit
351 4695 446 4746 venire
471 4707 536 4747 oum
558 4693 668 4746 Christo
689 4694 725 4745 ad
746 4693 836 4745 Deum
864 4707 1014 4758 possumus
1040 4695 1114 4744 Lam.
1142 4692 1217 4744 Ebur.
1245 4698 1300 4746 lin.
1324 4698 1377 4748 NG.
1406 4700 1469 4750 Bod.
1497 4703 1520 4752 t.
1547 4707 1572 4763 t,
1598 4704 1622 4765 3,
1647 4707 1671 4756 t.
1706 4706 1726 4740 Γ·
1751 4703 1903 4754 Firmamen-

246 4765 448 4816 tumlini’em.
482 4764 503 4797 ⁹⁷
517 4765 552 4815 itt
563 4765 592 4816 in
605 4765 732 4816 adversis
743 4764 830 4815 sortes
847 4763 944 4816 lindi.
976 4761 999 4796 ⁰⁸
1012 4763 1159 4815 Subtiliter
1180 4765 1363 4830 provehitis.
1398 4769 1488 4836 ‘'lpsi
1505 4765 1901 4840 agnitionsmactuumeeant.

247 4833 325 4884 Ebur.
341 4836 409 4884 inm.
423 4835 487 4887 liud.
498 4837 523 4896 Ξ,
540 4838 561 4886 ι.
635 4833 644 4866 ¹
660 4836 703 4887 Sic
728 4837 799 4886 tam.
814 4834 892 4886 Ebur.
915 4836 974 4888 Lin.
987 4835 1041 4886 ΝΟ.
1059 4837 1083 4894 t,
1100 4839 1124 4884 ι.
1135 4838 1196 4888 nen.
1215 4837 1300 4889 Suria.
1327 4839 1388 4891 aad.
1408 4841 1464 4905 ιβ,
1481 4849 1505 4904 s,
1524 4848 1546 4893 t.
1564 4847 1625 4896 lin.
1648 4847 1715 4898 Voss.
1729 4846 1782 4896 Nec
1801 4845 1826 4894 ia
1838 4839 1901 4889 illum

247 4907 363 4957 extremi
378 4906 477 4970 judicii
494 4907 567 4958 diem
577 4908 714 4958 malorum
733 4907 944 4958 retributionum
957 4904 1078 4966 differre,
1095 4905 1253 4968 nobiscum,
1266 4907 1418 4972 hortamur,
1431 4912 1542 4966 interim
1560 4914 1756 4980 amplectimini
1778 4907 1900 4978 patientie·

248 4980 279 5028 ut
294 4977 322 5027 in
337 4981 406 5027 extr.
422 4977 523 5027 Morelt.
538 4978 609 5028 Pam.
624 4980 705 5030 Onon.
736 4977 958 5030 *Retributionis
973 4990 1043 5029 meas
1053 4977 1154 5029 Roda
1186 4976 1318 5032 ⁸Fratres
1331 4980 1504 5036 dilectissimi
1515 4985 1570 5036 add
1583 4987 1662 5038 Onon.
1695 4987 1901 5038 ‘Sanctussauc-

247 5051 318 5100 tiora
330 5049 398 5099 lam.
417 5047 493 5098 libor.
510 5049 573 5100 lind.
589 5050 613 5110 l,
626 5049 650 5112 ι,
663 5053 687 5112 t,
701 5052 723 5100 t.
744 5049 798 5099 Ver.
813 5050 881 5100 itan
915 5049 1075 5112 ⁵Qaintum
1087 5049 1198 5111 signum
1213 5050 1288 5100 lans.
1304 5051 1378 5102 libor.
1397 5055 1483 5106 saria
1503 5057 1567 5108 aad.
1583 5059 1607 5110 Ξ.
1623 5063 1648 5122 t,
1658 5061 1680 5110 t.
1701 5059 1754 5108 Ver.
1770 5055 1825 5106 itu.

909 5207 1022 5292 Steph.
1041 5205 1161 5271 lialuzii
1178 5211 1276 5275 nota.

281 5355 329 5418 (ibt
357 5357 407 5407 Nec
433 5357 503 5408 illud
530 5360 558 5408 in
586 5365 711 5410 extrema.
743 5361 929 5412 Restituimus
971 5361 1232 5449 lectio-Dillasint
1248 5375 1254 5409 :
1270 5378 1284 5408 ι
1300 5359 1358 5412 Nee
1375 5359 1404 5410 in
1419 5359 1499 5410 illum
1521 5357 1639 5410 extremi
1654 5356 1749 5423 judicil
1767 5353 1830 5404 diem
1849 5359 1899 5397 mt-

248 5439 312 5477 nem
336 5430 461 5478 veterum
484 5429 649 5490 editionum,
670 5445 754 5496 quam
782 5432 948 5484 confirmant
969 5447 1065 5486 xxxin
1115 5432 1205 5483 loram
1225 5431 1438 5484 retributionem
1463 5429 1584 5490 differre,
1608 5430 1749 5482 nobiscum
1773 5424 1898 5476 bonumne

246 5497 310 5548 libri
323 5501 409 5550 nostri
424 5504 452 5552 et
474 5514 512 5551 xxx
529 5503 683 5565 anglicani.
709 5501 805 5554 Coacti
819 5517 917 5556 sumus
929 5505 1020 5556 delere
1033 5517 1065 5556 ea
1114 5504 1226 5558 interim
1241 5503 1442 5570 amplectimini
1457 5503 1598 5568 patientiae
1612 5501 1724 5562 bonum,
1738 5501 1766 5550 ut
1777 5498 1801 5548 in
1822 5491 1898 5546 istis.»

247 5582 310 5634 quae
326 5574 432 5621 mutata
457 5575 484 5622 et
510 5571 603 5622 addita
627 5575 737 5623 luerunt
758 5574 787 5624 in
801 5575 923 5627 editione
937 5575 1064 5636 liorellii,
1114 5578 1168 5628 eto.

247 5641 376 5712 quamvis
402 5655 435 5693 ea
459 5656 571 5708 quoque
596 5644 795 5708 reperissemus
825 5647 854 5696 iu
877 5646 967 5697 tribus
988 5649 1063 5698 auti·
1146 5647 1197 5710 (ao)
1216 5647 1341 5709 (lass-ula.
1369 5645 1507 5697 Pamelias
1534 5658 1568 5698 ex
1588 5645 1685 5698 codice
1711 5637 1896 5712 Camberoueust

244 5713 307 5775 qais
322 5712 474 5776 codicibus,
490 5715 618 5779 quemvis
627 5717 762 5768 sciremus
777 5717 931 5768 pamelium
944 5731 976 5770 ea
989 5731 1064 5782 quo·
1113 5715 1190 5768 addit
1202 5724 1225 5768 st
1237 5719 1379 5769 invidiosa.
1395 5719 1431 5767 nt
1442 5729 1493 5782 ego
1503 5717 1776 5769 hocadditamsntum
1790 5712 1894 5769 nuspiam

242 5797 299 5845 que
312 5784 452 5837 invenisse
465 5787 493 5835 in
512 5791 632 5850 quatuor
648 5789 776 5851 antiquis.
798 5788 866 5838 tlara
890 5793 982 5838 autem
998 5793 1064 5840 sant
1113 5789 1201 5852 reperi
1215 5789 1245 5838 in
1268 5789 1347 5842 libris
1369 5789 1501 5853 antiquis,
1522 5790 1665 5855 usquein
1686 5779 1894 5843 sueonibus&

237 5865 300 5919 qaae
313 5869 365 5910 nos
379 5855 543 5924 delevimus,
556 5858 581 5911 si
594 5859 642 5925 qui
656 5859 724 5916 lauti
750 5861 890 5914 aestimant
912 5861 984 5913 scire
998 5873 1062 5928 qua
1113 5859 1302 5916 Paurcltauam
1314 5863 1535 5916 antecesserunt.
