4012 6192
106 231 155 294 uer
756 219 1153 290 ueuurucruearmro.
1732 237 1784 298 0⁸2

99 381 175 424 mus.
192 363 265 424 Sunt
277 367 307 422 et
319 363 390 421 lalse
405 361 505 432 vidua,
517 377 591 436 qua,
607 361 675 418 dum
689 361 788 418 visunt
801 359 831 416 iu
850 357 918 416 deli·
929 355 1003 438 AEt
1012 356 1042 412 lu'
1054 360 1103 428 qui
1115 361 1314 432 corsuptlbilem
1329 379 1452 423 cuonem
1466 363 1600 436 ambiunt,
1613 367 1648 425 ab
1662 370 1784 428 mertens

99 461 160 530 ciis,
175 460 286 519 Christo
299 465 422 518 mortuae
437 463 513 516 sunt.
529 459 562 514 ln
582 472 695 513 summa
714 460 823 523 tamen,
839 456 915 527 quis·
968 465 995 506 se
1009 451 1145 508 abstinent
1159 453 1181 524 (l
1198 456 1297 525 These,
1313 473 1331 526 r,
1347 461 1382 528 9;
1402 461 1425 515 ll
1441 463 1520 530 Tim„
1536 467 1612 532 11,5;
1628 465 1638 519 1
1655 463 1726 531 cor„
1742 481 1781 532 η,

100 555 167 628 quis
182 571 248 610 rere
262 553 449 623 Christianus,
463 552 599 626 cujusque
619 553 709 607 status
729 553 779 604 aaut
798 547 916 615 ordinis,
968 545 1188 611 niunhunda
1208 547 1344 606 facientes
1359 555 1435 624 quod
1456 555 1490 610 ad
1510 556 1655 612 victoriam
1676 559 1782 614 condu-

99 649 188 704 hohet
202 650 364 706 certamina
379 665 441 716 sua,
455 647 540 702 hahet
554 661 667 702 crucem
682 659 778 711 suum;
793 659 879 714 quam
895 641 918 698 si
967 637 1005 694 cit
1021 655 1027 694 :
1044 639 1112 712 quid
1126 656 1180 696 nos
1193 641 1287 698 iacere
1300 646 1431 701 convenit
1452 653 1482 702 ul
1496 666 1682 722 assequamur
1702 651 1781 708 illam

100 744 244 816 patienter
267 741 351 811 tollit,
375 742 399 798 si
418 745 580 798 constanter
598 738 728 806 sustinet,
753 736 918 794 testimonio
967 730 1135 788 immortalis
1147 735 1211 791 vitre
1225 752 1358 794 coronam
1372 739 1615 814 incorruptibilem
1629 745 1783 802 etimmar-

99 855 152 893 suo
176 837 318 909 glorificet
341 835 503 905 Dominum,
525 838 639 890 tantum
662 849 699 888 ne
721 831 775 888 sibi
795 831 918 888 vindicet
967 826 1128 884 cescihilem
1143 827 1173 884 in
1187 829 1285 886 coelis?

98 931 220 989 laudem
238 932 385 990 honorum
399 945 518 1003 operum
534 945 541 985 ι
557 929 612 986 hoc
631 927 711 984 euim
724 943 782 984 non
798 927 839 982 est
855 925 916 996 glu-
1002 929 1098 986 lllllll'.
1114 931 1163 986 llic
1184 933 1208 986 si
1231 934 1297 1006 quis
1320 939 1404 1008 roget
1429 953 1485 1008 quo
1506 944 1587 1009 paeto
1607 941 1670 1012 quis
1692 943 1782 1014 possit

100 1027 213 1082 rilicare
227 1028 326 1094 Deum,
339 1025 388 1082 sad
401 1024 557 1082 clarificare
571 1021 709 1095 seipsum.
968 1038 1026 1078 csse
1045 1031 1152 1096 martyr
1165 1025 1227 1082 sinc
1242 1029 1390 1098 sanguinis
1409 1030 1548 1087 eliusions
1567 1051 1573 1086 s
1589 1035 1714 1106 quisquis
1728 1037 1782 1092 hoc

135 1122 250 1178 lllllllll.
267 1119 354 1176 itabat
366 1118 563 1192 uuusquisque
576 1116 707 1174 lidelium
721 1131 826 1188 agones
839 1129 916 1178 suos.
969 1116 1066 1171 animo
1078 1119 1207 1190 sequitur
1217 1119 1369 1190 justitium,
1386 1127 1416 1178 ut
1431 1131 1552 1180 murtam
1572 1126 1654 1182 citius
1674 1129 1781 1184 admis-

100 1215 191 1271 hahet
210 1214 406 1271 adversarium
433 1212 592 1275 diabolum,
609 1211 696 1266 habet
716 1209 917 1282 agonothetam
969 1225 1052 1266 serras
1076 1212 1112 1268 sit
1137 1229 1225 1284 quam
1257 1215 1323 1272 velit
1348 1234 1364 1272 a
1388 1218 1498 1289 justitia
1524 1219 1687 1290 delleclere,
1715 1223 1782 1278 huic

101 1310 207 1376 Derras,
223 1307 308 1364 habat
322 1309 468 1362 theatrum
490 1323 547 1361 non
567 1306 661 1360 solum
683 1303 812 1361 Ecclesia
827 1307 855 1356 ct
871 1317 919 1356 au·
968 1310 1102 1376 prompta
1124 1308 1250 1365 voluutas
1273 1327 1323 1380 pro
1345 1312 1483 1382 rirertyrio
1502 1314 1693 1386 deputabitur.
1710 1319 1785 1372 Deus

102 1404 249 1472 galerum,
267 1401 318 1456 scd
338 1407 365 1456 et
386 1400 566 1468 arundellum
587 1396 834 1473 quemadmodum
851 1394 919 1449 dicit
969 1399 1046 1454 enim
1061 1417 1115 1454 trun
1131 1402 1438 1475 aestimatqucmquam
1454 1423 1488 1461 ex
1503 1414 1604 1462 crerrlu
1617 1412 1784 1477 rerum‚sed

102 1497 207 1554 l‘aulus
222 1494 313 1568 901
333 1495 370 1550 ad
384 1493 548 1550 Corinthios
562 1510 569 1548 :
583 1493 770 1564 Spectaculum
787 1492 859 1559 sacti
870 1504 917 1544 su·
969 1508 1002 1546 ex
1015 1493 1126 1550 ellectu.
1142 1494 1237 1568 902
1253 1497 1309 1551 Cur
1327 1499 1405 1554 enim
1426 1500 1473 1554 ille
1496 1503 1642 1557 iraudclur
1655 1505 1783 1576 martyrii

102 1607 163 1646 mers
177 1591 279 1644 maredo
291 1594 317 1645 et
339 1590 442 1658 capelia
457 1593 484 1645 et
496 1588 647 1643 hominibus
662 1588 682 1658 (l
696 1586 769 1654 Cor,
784 1601 822 1653 rr,
838 1585 874 1654 u).
889 1581 919 1638 Si
970 1585 1069 1657 gloria,
1085 1604 1135 1659 per
1150 1605 1235 1660 quem
1261 1607 1319 1646 uon
1343 1593 1421 1646 stelit
1441 1595 1595 1664 quominus
1616 1596 1783 1668 martyrium

102 1683 255 1750 vincimus,
272 1680 767 1754 glurianlurangeli,glorianturat
788 1677 918 1733 fidelium
969 1681 1135 1752 peregerit?
1158 1684 1193 1738 Ut
1217 1687 1332 1752 contra,
1361 1687 1521 1742 mercedem
1548 1692 1683 1760 apostatae
1712 1692 1784 1747 leret

103 1779 252 1844 Ecclesia,
275 1775 415 1847 gloriatur
435 1780 464 1831 et
485 1777 544 1846 ipse
571 1774 699 1830 Christus
725 1773 754 1828 iu
783 1770 919 1826 memhris
970 1772 1098 1845 quisquis
1110 1776 1163 1831 hoc
1176 1776 1275 1832 animo
1288 1778 1366 1846 viril,
1378 1785 1408 1835 ut
1424 1780 1567 1837 Christum
1581 1786 1785 1854 negaturussit

102 1872 171 1928 suis.
185 1871 214 1927 Si
234 1870 376 1926 vincimur
397 1869 514 1941 ignavia
538 1865 918 1937 nosemtrlomphatsare-
968 1867 992 1922 si
1010 1868 1125 1938 jactura
1152 1870 1307 1938 benorum,
1334 1878 1384 1928 aut
1411 1875 1536 1945 corporis
1559 1877 1711 1944 cruciatus,
1736 1881 1786 1932 aut

102 1983 157 2022 uas
178 1982 243 2020 curu
256 1964 367 2035 angelis
380 1964 447 2032 suis,
469 1962 605 2018 insultant
624 1961 707 2017 nohis
721 1958 873 2026 increduli,
887 1973 920 2013 ao
970 1977 1048 2016 mors
1063 1962 1099 2017 sit
1115 1963 1291 2034 accipianda.
1307 1966 1360 2030 Qui
1375 1967 1411 2022 oh
1425 1967 1573 2039 paululum
1589 1970 1719 2040 pecunius
1734 1987 1784 2042 pe·

103 2062 194 2114 Deum
210 2058 391 2114 corilumeliis
412 2057 552 2123 alliciunt,
575 2055 702 2111 dicentes
719 2071 725 2107 :
747 2073 762 2104 a
777 2053 848 2108 Ecce
870 2050 920 2123 qui
967 2055 1054 2126 J'srat,
1067 2072 1104 2112 an
1119 2056 1142 2112 is
1156 2058 1301 2114 verebitur
1313 2059 1456 2132 abnegare
1467 2061 1656 2131 Christum,si
1671 2066 1731 2118 teta
1741 2079 1787 2120 res

99 2154 211 2226 jactant
229 2169 258 2208 se
273 2152 465 2222 redemptusa
481 2149 632 2221 tyrannide
645 2148 768 2214 Sotanae,
785 2143 835 2218 qui
849 2161 920 2217 prae·
970 2148 1157 2219 periclitatur,
1172 2150 1195 2205 si
1216 2151 1379 2208 intentetur
1391 2152 1519 2222 infamia,
1536 2171 1635 2210 carcer
1647 2162 1675 2210 et
1688 2158 1787 2212 mors?

103 2247 201 2302 dicant
224 2263 253 2302 sc
274 2251 402 2300 manuos
420 2243 541 2310 mundo,
563 2241 752 2297 nihilominus
766 2239 922 2294 vincuntur
972 2241 1025 2306 Oui
1039 2242 1252 2300 ubiehriculam
1268 2245 1304 2301 ad
1328 2246 1546 2302 incantatricum
1571 2249 1698 2304 remedia
1719 2265 1786 2306 con·

103 2339 339 2412 acupiditatihus
360 2338 419 2394 ersis
441 2353 527 2409 quam
548 2353 601 2392 nos
623 2351 696 2409 quos
718 2333 922 2392 dicuntadhuc
970 2333 1044 2406 lugit
1069 2335 1134 2406 (3³),
1155 2354 1192 2392 an
1217 2338 1242 2392 is
1263 2337 1345 2394 molit
1366 2340 1506 2396 cruciatus
1530 2345 1623 2396 morto
1650 2341 1787 2398 tristiores

104 2435 199 2490 teneri
211 2433 264 2488 surb
277 2433 512 2504 reguoSetanoe.
525 2429 599 2496 Drrid
613 2429 728 2502 prodest
740 2427 796 2482 illis
811 2425 921 2497 baptis·
971 2430 1117 2499 perterre,
1140 2447 1227 2502 quarn
1257 2432 1370 2489 Christo
1401 2433 1592 2490 renuntiaret
1623 2437 1705 2505 lmo,
1738 2436 1788 2508 qui

104 2545 182 2596 mus,
198 2543 255 2598 quo
275 2527 376 2582 dicunt
391 2525 457 2580 exui
472 2529 598 2580 veterem
620 2521 768 2578 hominem
793 2536 857 2575 cum
875 2537 919 2574 ac·
971 2522 1054 2577 toties
1069 2522 1104 2578 ob
1123 2523 1238 2580 breuem
1259 2525 1352 2581 cernis
1375 2524 1655 2598 delectatiunculam,
1671 2528 1707 2584 ob
1730 2543 1788 2584 me

105 2621 183 2676 tibus
204 2620 272 2688 suis,
294 2624 328 2674 at*
345 2619 426 2676 indui
448 2635 554 2674 neurim
576 2616 626 2688 qrri
648 2615 809 2671 secundum
833 2615 922 2668 Dsrrm
973 2619 1150 2671 montaneam
1165 2618 1300 2688 gloriam,
1315 2618 1412 2674 delicit
1427 2636 1444 2673 a
1457 2620 1580 2686 Christo,
1595 2621 1684 2676 ritem
1697 2621 1787 2677 habe-

106 2720 221 2770 creatus
234 2714 297 2768 eall
314 2712 388 2778 Quid
402 2711 517 2784 prodest
532 2711 587 2766 illis
598 2710 720 2782 Spiritus
733 2712 856 2774 metus,
871 2723 921 2760 cu·
972 2708 1014 2764 hit
1037 2709 1122 2764 vilem
1145 2727 1197 2782 pro
1224 2711 1339 2767 Chistul
1365 2713 1423 2768 Nec
1448 2712 1524 2768 huuc
1553 2719 1694 2785 tyrannus
1721 2714 1788 2772 iecit

102 2811 151 2880 jus
165 2807 281 2864 arbitrio
296 2806 395 2862 dicunt
406 2822 436 2860 se
451 2804 630 2877 temperarit
643 2805 698 2858 Cur
709 2817 824 2874 semper
838 2801 864 2855 in
874 2815 923 2855 ore
972 2807 1141 2874 apostatam,
1154 2803 1204 2859 ssd
1223 2804 1259 2858 ad
1278 2810 1432 2876 tyranuum
1452 2805 1569 2862 accessit
1592 2812 1731 2877 apostata.
1749 2807 1785 2864 Ut

105 2903 239 2958 habeut:
257 2901 455 2972 Evangelium,
479 2898 679 2969 Evangelium,
696 2912 762 2952 cum
786 2898 846 2950 tota
865 2893 924 2950 vita
972 2902 1068 2951 autem
1091 2899 1134 2951 est
1155 2897 1256 2953 similis
1270 2898 1399 2954 certandi
1420 2899 1504 2966 ratio,
1519 2899 1558 2956 ita
1579 2897 1680 2956 iisdem
1701 2900 1789 2957 armis

106 2996 248 3067 discrepet
260 2995 295 3050 ab
310 2991 452 3065 Evangelii
466 2991 635 3064 praeceptis?
648 3010 663 3042 s
678 2990 789 3054 Quanto
809 2986 923 3043 creditis
973 2989 1094 3045 fratrum
1115 2991 1204 3046 animi
1219 2991 1433 3048 communiendi
1454 2997 1521 3048 sunt
1541 2993 1577 3049 ad
1601 2993 1653 3048 has
1676 3010 1788 3066 pugnas

105 3090 217 3164 pudore
238 3086 410 3144 stillunditur
425 3085 558 3152 Ecclesia,
581 3101 646 3140 cum
669 3084 731 3140 hacc
752 3082 1078 3172 ingerunturcquihus
1104 3084 1283 3140 ostendimus
1302 3085 1516 3142 cuntirmandos
1542 3087 1578 3144 ad
1606 3087 1788 3160 martyrium.

106 3185 143 3240 eh
172 3183 316 3248 hostibus,
341 3197 394 3236 uec
422 3179 513 3235 hahet
536 3195 593 3250 quo
621 3177 733 3234 relellat
756 3173 922 3247 approbrial
976 3177 1056 3233 Fides
1068 3183 1110 3232 est
1123 3195 1187 3249 quae
1202 3185 1310 3250 pugnat
1320 3183 1351 3234 et
1362 3183 1478 3252 superat
1489 3180 1517 3234 in
1533 3181 1706 3252 martyribus
1720 3199 1726 3236 ε
1739 3197 1791 3238 nco

106 3281 209 3336 Nonne
233 3276 359 3332 ridemus
383 3277 475 3329 totum
497 3271 629 3328 Ecclesia
650 3274 755 3326 coetum
773 3268 925 3324 demittere
975 3271 1124 3342 quisquam
1140 3271 1242 3326 deiecit
1254 3273 1283 3328 in
1298 3273 1455 3340 tormentis,
1469 3274 1524 3329 nisi
1537 3273 1603 3330 lidci
1618 3274 1740 3330 deiectu.

105 3372 202 3428 eultrrs
216 3372 271 3441 (32)
292 3375 378 3440 atque
401 3367 582 3436 errabescere,
603 3365 716 3438 quoties
734 3364 829 3435 alique
842 3361 924 3432 virgo
1010 3365 1116 3421 xlllVl.
1142 3364 1273 3420 Drandus
1295 3366 1384 3438 igitur
1408 3367 1520 3422 assidua
1542 3369 1626 3436 Deus,
1648 3371 1682 3423 ut
1704 3368 1792 3424 tidem

105 3481 172 3538 qum
186 3463 298 3519 Christo
321 3467 469 3533 nupserat,
492 3461 602 3532 dilapsa
618 3476 654 3514 ex
673 3458 804 3530 angelico
821 3459 923 3511 contu·
975 3459 1004 3513 in
1020 3457 1102 3514 nobis
1113 3465 1240 3532 augeats
1256 3464 1299 3515 est
1312 3460 1391 3515 anim
1408 3461 1458 3516 Dei
1480 3460 1597 3529 donum,
1614 3461 1654 3516 illi
1672 3461 1793 3516 debatur

104 3559 221 3620 burnio,
238 3556 342 3612 deiecit
363 3555 398 3611 ad
415 3560 545 3626 stuprum
560 3556 610 3608 aut
628 3549 816 3626 conjugium?
829 3551 924 3614 Duau·
975 3552 1069 3606 omnis
1092 3551 1218 3607 victoriae
1240 3553 1342 3624 gloria.
1365 3557 1535 3624 ingeramus
1554 3554 1669 3610 illorum
1689 3554 1792 3611 animis

103 3658 152 3710 tus
167 3667 273 3708 moeror
298 3655 416 3721 occupat
432 3649 563 3704 omnium
587 3635 715 3702 nostrum
738 3641 924 3712 animasset
975 3648 1004 3699 et
1026 3645 1180 3717 inligamus
1203 3663 1289 3718 quam
1313 3647 1490 3703 horrendum
1512 3647 1621 3704 crimen
1642 3647 1677 3704 sit
1698 3649 1793 3704 omnis

105 3746 252 3820 perscipue
274 3748 431 3816 pastorum,
450 3742 473 3797 si
494 3740 609 3813 quaudo
629 3739 732 3796 Christi
752 3737 843 3804 miles,
865 3741 923 3792 tor·
974 3737 1145 3808 idololalrie,
1158 3756 1245 3811 quam
1259 3756 1357 3796 severe
1371 3741 1471 3811 punita
1490 3741 1526 3795 sit
1544 3757 1560 3794 a
1578 3742 1637 3796 Deo
1652 3742 1703 3796 sub
1719 3743 1793 3813 lege

106 3839 215 3896 meritis
227 3837 355 3904 interior,
372 3835 546 3891 renuntiarit
565 3831 732 3905 imperatori
745 3831 814 3886 suol
830 3831 924 3895 Ouan-
975 3837 1091 3888 vetere:
1114 3839 1183 3903 quot
1204 3833 1293 3888 millia
1314 3834 1465 3890 trucidarit
1484 3835 1592 3905 lloyses
1614 3833 1650 3888 ob
1673 3835 1793 3890 vitulum

106 3939 152 3988 tus
166 3938 262 3987 aulem
277 3947 311 3985 ex
326 3929 445 3985 aduerso
459 3929 571 3984 Satanas
586 3924 763 3997 triumphus!
975 3941 1105 3980 aureum.
1120 3925 1227 3981 Deinde
1241 3931 1417 3996 proponatur
1438 3926 1611 3998 comparatio
1632 3926 1793 3983 manifestae

141 4025 253 4080 lllleV.
276 4027 386 4094 ltaque,
410 4022 512 4078 fratres
534 4018 721 4087 dilectissimi,
744 4017 766 4072 si
789 4031 855 4072 vere
882 4014 925 4070 di·
975 4017 1154 4084 idololatriae,
1170 4034 1234 4072 cum
1250 4018 1414 4074 immolatur
1428 4019 1596 4086 simulacris,
1616 4025 1644 4075 et
1664 4019 1792 4088 occultae,

107 4120 229 4190 ligimus
256 4119 357 4184 Deum,
382 4115 406 4170 si
430 4114 555 4188 quotidie
583 4113 709 4184 petimus
733 4128 768 4166 cx
791 4111 888 4166 animo
917 4125 924 4164 :
976 4111 1793 4186 cum,contcmptoDeo,obediturpsrcoucupisceutiam

105 4213 296 4281 Sanctificetur
310 4225 405 4265 numen
426 4214 517 4276 tuum3
537 4223 649 4262 summo
671 4205 765 4261 studio
788 4203 924 4274 advigile-
976 4206 1095 4260 Saluum.
1113 4203 1218 4260 Deinde
1232 4205 1393 4261 conferatur
1412 4205 1488 4262 inter
1508 4223 1538 4260 se
1559 4207 1633 4263 Deus
1654 4206 1718 4261 lons
1731 4223 1792 4262 om-

107 4323 185 4373 mus,
200 4321 251 4360 nec
264 4304 312 4358 uhi
326 4302 487 4374 polluamus
500 4316 607 4356 noman
622 4299 709 4366 illius,
724 4297 775 4354 sed
792 4300 820 4352 ct
834 4299 926 4353 morlo
977 4297 1021 4351 uis
1042 4297 1120 4368 boni,
1136 4301 1165 4353 et
1185 4298 1312 4354 diabolus
1333 4299 1426 4355 omnis
1441 4299 1555 4356 malitiae
1578 4299 1720 4372 princeps.
1742 4299 1793 4355 Os·

105 4399 206 4455 etrite
220 4389 925 4467 glorificemusillum‚juxtabeatiParrlimonita:
976 4390 1109 4446 tendatur
1136 4395 1164 4446 et
1197 4391 1375 4463 itiaqualites
1402 4393 1584 4449 contubernii
1613 4412 1620 4449 :
1650 4394 1680 4449 in
1707 4394 1796 4449 altera

106 4493 241 4547 Viventes
265 4489 325 4544 sinc
349 4488 466 4560 querela
491 4491 521 4542 ut
543 4486 684 4558 simplices
706 4484 758 4540 lilii
782 4483 839 4550 Dei,
864 4481 926 4536 sinc
937 4461 966 4536 D
979 4490 1060 4558 parte
1070 4489 1137 4540 sunt
1150 4485 1200 4540 ulii
1214 4486 1273 4552 Dei,
1288 4487 1416 4542 concives
1427 4488 1609 4560 angelorum,
1624 4492 1655 4542 et
1666 4486 1797 4542 haeredes

105 4581 376 4657 reprehensionem
387 4581 481 4637 medio
494 4579 617 4636 nationis
627 4595 720 4651 pravae
734 4581 762 4632 et
773 4592 925 4648 perversa,
975 4580 1068 4635 beatae
1080 4578 1302 4634 immortalitatis
1310 4597 1319 4648 ;
1337 4579 1365 4634 iu
1385 4579 1477 4634 altare
1495 4579 1545 4636 lilii
1564 4579 1663 4643 Belial,
1678 4578 1796 4634 societas

105 4679 182 4734 iuter
203 4693 276 4749 quos
301 4678 448 4732 luceamus
473 4673 544 4728 sicul
571 4671 726 4729 luminaria
754 4671 783 4726 in
806 4670 925 4738 mundo,
978 4674 1107 4728 omnium
1123 4672 1473 4727 daemonumethreredas
1493 4671 1795 4744 gehennationem-

105 4771 227 4826 rerbum
248 4770 313 4826 vita
336 4769 524 4836 continentes,
539 4767 576 4822 ed
597 4765 719 4838 glorium
738 4763 841 4822 Christi
861 4765 926 4818 lesu
978 4769 1065 4820 turcl
1084 4765 1179 4837 impar
1200 4765 1317 4820 malitias
1340 4781 1442 4835 genus,
1463 4770 1668 4836 comparentur
1689 4763 1798 4820 diversa

107 4864 187 4936 regis
208 4869 237 4918 et
257 4862 437 4934 agonothetae
462 4860 564 4930 nostri,
587 4860 638 4932 qui
662 4875 744 4914 suum
770 4873 830 4914 asse
850 4856 929 4914 ducit
978 4859 1129 4931 stipendia.
1153 4861 1216 4914 llaec
1238 4859 1260 4912 si
1287 4857 1366 4930 prius
1387 4857 1496 4914 luerint
1515 4874 1661 4929 persuasa,
1682 4863 1710 4914 et
1728 4855 1796 4911 inti-

108 4953 252 5028 quidquid
268 4955 298 5009 in
314 4955 451 5010 membris
464 4954 554 5025 ipsius
570 4952 687 5024 geritur.
705 4951 849 5007 Patiamur
861 4966 928 5006 curn
981 4953 1035 5008 mis
1062 4952 1147 5006 inlisa
1174 4951 1336 5018 visceribus,
1363 4951 1455 5006 facille
1487 4951 1542 5006 crit
1567 4950 1692 5006 victoria.
1718 4950 1798 5004 Nunc

109 5050 174 5112 illo,
190 5053 222 5104 ut
237 5063 302 5102 crim
326 5048 374 5102 illo
394 5045 591 5119 glorificemur
611 5047 641 5100 in
663 5046 708 5100 die
730 5045 852 5100 Domini.
873 5045 929 5100 Nos
980 5046 1050 5102 sides
1064 5045 1162 5102 multis
1174 5049 1255 5101 natat
1270 5046 1299 5100 in
1313 5044 1406 5114 labiis,
1422 5061 1487 5100 cum
1504 5045 1533 5099 in
1552 5044 1640 5100 corde
1657 5049 1706 5100 aut
1718 5042 1798 5099 nullu

110 5143 158 5198 hic
179 5141 261 5196 illum
283 5139 471 5196 elanhcemus
496 5139 572 5212 apud
592 5139 735 5205 homiues,
756 5144 787 5192 ut
809 5139 856 5194 illa
879 5154 929 5192 nos
981 5141 1026 5210 ait,
1041 5139 1292 5195 eutrehementer
1310 5138 1457 5210 langueat.
1474 5137 1544 5203 Quis
1562 5137 1640 5193 enirn
1661 5153 1718 5193 non
1736 5153 1800 5209 pro·

111 5235 250 5291 clar-ilicet
275 5233 403 5290 claritate
429 5250 480 5290 sua
504 5249 599 5288 coram
624 5232 735 5304 angelis
762 5231 830 5302 suis,
853 5247 929 5300 crim,
981 5234 1089 5296 litetur,
1107 5233 1183 5304 quod
1199 5233 1230 5288 in
1247 5231 1463 5288 Deuteronomio
1485 5231 1610 5305 legimus
1626 5247 1633 5286 ε
1649 5231 1735 5301 Audi,
1749 5233 1800 5288 Do·

113 5334 146 5384 ut
157 5327 253 5400 iuquit
267 5327 368 5382 beatus
385 5327 500 5395 Paulus,
519 5327 627 5382 uenerit
640 5325 793 5398 glorificari
808 5325 838 5381 in
851 5341 931 5380 sanc·
982 5329 1073 5382 suiuus
1095 5330 1163 5382 Deus
1183 5331 1246 5382 tuus
1266 5329 1395 5382 Dominus
1414 5342 1486 5382 unus
1508 5330 1562 5394 est;
1579 5329 1629 5380 et:
1654 5327 1799 5380 Dominum

114 5422 152 5476 tis
178 5419 247 5476 suis.
274 5422 357 5478 Nemo
384 5425 529 5476 coroaotur
556 5422 611 5475 aas·
635 5421 752 5492 legitime
778 5421 932 5474 curaverit.
984 5424 1065 5478 Deum
1080 5425 1157 5476 tuum
1170 5421 1298 5476 adorabis
1312 5425 1338 5475 et
1352 5419 1798 5492 sttrsotssavustoeuor,r1,t,

816 5514 994 5583 lariorum
1007 5523 1107 5582 notre.

146 5617 195 5680 (33)
213 5614 455 5668 Demittereoultue.
470 5613 602 5678 Quidem,
619 5627 675 5666 non
688 5618 773 5676 recta,
788 5613 930 5665 dimittere.
982 5618 1035 5681 gat.
1055 5616 1142 5666 Nemo
1161 5616 1252 5667 nescit
1272 5629 1321 5680 per
1341 5615 1522 5680 periammata
1547 5615 1575 5665 in
1597 5613 1803 5664 incantamenta

113 5691 227 5741 Pausi„
983 5685 1091 5736 vetulas
1116 5686 1238 5740 remedia
1267 5687 1371 5752 passim
1401 5685 1626 5738 lehricltantihus
1655 5681 1803 5750 spondere,

145 5759 195 5822 [33]
227 5758 277 5820 Qui
300 5757 331 5808 ob
351 5756 508 5820 (abricolam
529 5757 566 5808 ad
590 5759 795 5810 incantatricum
818 5757 936 5808 remedio
986 5759 1098 5810 esuri„

115 5829 247 5898 reatuqit.
265 5829 364 5884 Nescio
378 5842 441 5896 quae
462 5829 585 5884 remedia
600 5830 813 5884 lacentmrloum
834 5830 938 5882 intelli·
