4080 6200
118 261 156 316 iis
566 281 569 286 ·
809 254 970 316 trisiota
988 259 1044 316 Vll.
1717 257 1769 314 250

115 389 190 441 tantm
204 383 299 452 oravit,
317 383 389 440 sieut
402 383 431 438 in
446 383 599 456 Evangelio
616 383 740 456 legimus
755 400 762 438 t
778 385 855 440 assit
868 387 899 439 in
910 383 1008 469 Ajam
1026 385 1124 454 pectus
1139 381 1273 439 illecebra
1287 379 1429 438 saecularis
1444 385 1568 450 enervet,
1583 383 1626 438 vel
1648 398 1685 438 ne
1706 383 1765 438 ler-

114 485 209 536 uostsm
217 493 301 545 crore,
312 485 338 534 et
346 481 403 546 soit
410 483 571 549 peremtum
583 480 611 534 in
624 481 746 534 oratione
756 480 804 533 liei
813 479 898 548 [hue.
951 477 1078 548 gioribus
1106 476 1199 548 epulis
1224 491 1305 532 mens
1332 481 1448 546 gravate
1476 475 1570 532 minus
1597 475 1635 531 ad
1663 491 1763 549 preces

113 591 142 638 u,
154 575 197 640 li).
208 573 239 628 Et
251 572 362 645 utique,
372 575 449 647 qnod
463 573 564 630 orabat
576 572 676 628 orabat
686 572 733 628 ille
747 588 798 644 pro
810 571 899 640 nohis,
950 569 1089 626 orationis
1109 568 1236 641 evigilet.

112 683 162 722 tum
180 669 304 738 peccator
322 667 383 740 ipse
403 685 463 724 uon
481 669 563 734 esset,
584 665 633 722 sed
652 665 745 722 aliena
764 666 899 737 peccata⁹
984 665 1038 720 vlt.
1056 663 1237 720 Dissimulare
1257 663 1318 718 haec
1337 662 1450 736 singula
1471 667 1501 718 et
1519 664 1595 734 apud
1615 663 1764 720 conscien-

111 760 420 832 pauetsdeosatem
434 777 487 835 pro
500 761 581 816 nobis
594 761 640 816 ille
653 759 857 832 deprecabatur
870 763 901 814 ut
950 757 1019 815 tiam
1047 752 1142 814 meam
1169 757 1244 812 sultis
1270 756 1410 812 occultare
1441 772 1497 812 non
1529 757 1631 828 debui,
1660 757 1765 829 quibus

110 854 219 924 legamus
231 854 288 909 alio
298 854 362 910 loco
374 872 381 910 ε
393 857 470 912 liios't
481 860 573 910 comm
582 856 711 910 Dominus
725 855 898 910 odPetrum:
949 851 1145 924 unusquisque
1160 853 1288 906 nostrum
1307 853 1335 906 et
1354 849 1456 904 instrui
1476 855 1505 906 et
1523 850 1582 922 regi
1596 849 1693 922 possit.
1707 852 1764 908 Nee

108 951 159 1004 licoe
174 949 289 1005 Sotosms
305 949 454 1019 podatomt
466 954 497 1004 ui
513 964 559 1004 uos
576 953 687 1004 vesores
703 947 833 1018 quomodo
849 949 898 1002 tri-
950 945 1003 1019 ipsi
1013 944 1167 1018 denique¹⁰
1179 944 1234 1016 (70)
1245 944 1321 1016 apud
1333 959 1381 1000 vos
1393 944 1467 998 hanc
1478 943 1629 1015 epistolam
1642 944 1763 1002 teneatis

109 1044 182 1096 timu.
199 1044 254 1111 ligo
273 1046 362 1098 nuum
380 1043 478 1112 reponi
491 1058 542 1114 pro
562 1048 588 1098 tc
600 1057 634 1097 na
646 1042 754 1112 danaim
766 1041 831 1111 tides
852 1047 900 1098 tuo
950 1039 1101 1108 occultam,
1117 1039 1165 1094 sed
1177 1035 1331 1110 legendam
1347 1037 1480 1092 iratribus
1493 1037 1663 1109 suggeratis.
1677 1039 1767 1094 luter-

108 1137 178 1202 (lue,
195 1151 259 1202 xxu,
278 1137 333 1206 tl).
349 1135 431 1201 Quod
450 1135 475 1191 si
495 1152 546 1207 pro
566 1135 649 1191 nohis
668 1151 699 1190 ac
718 1151 770 1206 pro
789 1134 900 1190 delictis
948 1133 1041 1204 cipere
1055 1133 1110 1204 (71)
1126 1131 1203 1188 enim
1220 1131 1324 1204 quibus
1339 1147 1389 1186 nos
1405 1130 1542 1186 Dominus
1556 1129 1711 1188 admonere
1734 1136 1764 1186 et

108 1227 192 1283 ussine
211 1227 259 1284 ille
285 1231 316 1284 et
335 1229 484 1286 laborabat
507 1235 536 1285 et
556 1229 694 1302 vigilabat
716 1232 745 1284 et
764 1228 899 1300 precaba·
950 1227 1090 1282 instruere
1110 1225 1255 1297 dignatur,
1275 1225 1336 1296 ejus
1357 1229 1410 1292 est,
1429 1224 1479 1298 qui
1501 1223 1651 1280 admoneri
1671 1226 1700 1280 et
1719 1224 1763 1279 in·

108 1325 151 1389 tor,
168 1327 271 1394 quanto
284 1339 335 1378 nos
349 1323 441 1394 magis
459 1323 589 1380 insistere
606 1323 739 1395 precihus
757 1328 785 1378 ct
805 1337 898 1390 orare,
950 1318 1020 1377 strui
1040 1319 1158 1376 tratrem
1179 1335 1263 1375 suum
1288 1319 1371 1374 nolit.
1393 1317 1511 1374 Probari
1534 1333 1586 1373 nos
1605 1335 1622 1374 a
1645 1317 1765 1374 minino

108 1415 224 1486 etprimo
241 1416 336 1488 ipsum
354 1417 510 1473 bominum
527 1433 639 1490 rogare,
654 1420 716 1472 turn
733 1416 835 1472 deinde
849 1432 901 1487 per
952 1417 1047 1474 nostro
1062 1413 1160 1480 sciant,
1174 1429 1227 1468 nec
1243 1428 1370 1485 unquam
1384 1429 1400 1468 a
1413 1412 1469 1468 lide
1481 1428 1537 1484 qua
1549 1412 1580 1468 in
1594 1428 1661 1468 eum
1674 1411 1769 1468 semel

108 1509 182 1580 ipsum
206 1511 265 1566 Deo
292 1510 367 1566 Patri
393 1511 552 1567 satisfacere
581 1511 736 1568 debemus?
761 1509 901 1566 liabemus
950 1507 1133 1575 credidimus,
1155 1506 1300 1580 praesentis
1320 1522 1461 1578 pressurae
1482 1505 1690 1562 conflictatione
1714 1506 1766 1561 de·

108 1603 256 1660 advocatum
280 1608 309 1660 et
334 1605 551 1678 deprecatorem
574 1621 627 1677 pro
651 1604 775 1677 peccatis
797 1603 901 1660 nosuis
950 1601 1056 1660 liciam.
1086 1601 1192 1658 lielicta
1221 1617 1271 1656 sua
1300 1600 1405 1672 singuli
1437 1603 1691 1671 recognoscentes,
1720 1597 1765 1654 vel

107 1699 184 1752 laum
203 1698 349 1756 Christum
370 1699 528 1762 Dominum
552 1701 582 1756 et
602 1700 692 1756 Deum
715 1702 853 1766 nostrum,
877 1699 900 1754 si
952 1696 1037 1752 modo
1060 1695 1304 1752 conversationem
1327 1694 1430 1750 veteris
1455 1693 1581 1748 hominis
1606 1696 1763 1765 exponant.

108 1791 176 1846 nodo
189 1808 237 1848 nos
251 1792 282 1848 in
298 1794 476 1865 preteritum
492 1809 621 1866 peccasse
634 1793 779 1865 poeniteat,
793 1797 822 1848 et
834 1809 899 1850 con·
912 1765 939 1838 B
951 1791 1040 1847 Nemo
1052 1791 1130 1847 enim
1142 1794 1219 1845 retro
1231 1788 1382 1844 attendens
1394 1791 1423 1843 et
1435 1803 1633 1860 superponens
1646 1803 1764 1844 manum

107 1884 200 1940 titanus
219 1889 307 1959 atquc
325 1887 520 1961 intelligentes
538 1887 643 1944 delicta
665 1890 773 1951 nostra,
797 1886 901 1960 quibus
951 1901 1032 1940 suam
1046 1899 1131 1955 super
1149 1887 1275 1939 aratrum
1291 1887 1374 1954 aptus
1389 1886 1432 1937 est
1450 1896 1539 1952 regno
1559 1881 1619 1937 Dei.
1635 1879 1765 1951 Denique

107 1995 166 2034 uouc
178 1979 332 2038 Dominum
350 1981 533 2050 offendimus,
547 1981 591 2038 vel
606 1981 758 2038 decutere
772 1997 827 2038 nos
839 1996 900 2038 em·
950 1983 978 2036 et
992 1994 1062 2036 uxor
1073 1979 1132 2042 hot,
1146 1991 1211 2049 que
1224 1975 1351 2044 liberata,
1365 1979 1464 2032 contra
1478 1979 1666 2047 preceptum,
1682 1980 1763 2028 retro

106 2073 226 2130 hulerein
237 2073 292 2130 viis
307 2075 370 2146 ejus
389 2081 418 2132 et
435 2081 578 2148 precepta
592 2073 653 2146 ejus
668 2077 797 2132 metuere
813 2091 902 2147 spon·
950 2071 1082 2145 respexit,
1100 2069 1175 2143 quod
1195 2071 1325 2126 evaserat
1340 2067 1464 2141 perdidit
1483 2068 1551 2140 (72).
1575 2065 1762 2124 Attendamus

108 2167 216 2238 dumus,
229 2169 315 2224 Pater
328 2185 382 2224 nos
399 2169 517 2242 corrigit
528 2173 558 2226 et
569 2173 673 2238 tuetur,
686 2173 795 2225 stantes
806 2171 903 2224 umen
951 2181 1009 2223 non
1030 2163 1272 2236 posterioraque
1294 2161 1420 2218 diabolus
1442 2166 1564 2231 revocat,
1585 2160 1634 2216 sed
1657 2159 1764 2232 priora,

107 2260 192 2316 infide
208 2267 237 2318 et
249 2263 394 2334 pressuris
410 2265 496 2335 atque
510 2261 660 2335 angustiis,
674 2261 780 2318 scilicet
790 2261 902 2318 Christo
953 2275 1010 2332 quo
1028 2257 1154 2314 Christos
1169 2261 1260 2313 vocat.
1276 2255 1378 2314 Oculos
1392 2255 1537 2328 erigemus
1550 2253 1584 2310 ad
1601 2253 1713 2322 caelum,
1728 2267 1766 2308 ne

107 2355 156 2425 ejus
173 2355 293 2413 firmiter
311 2355 501 2426 adherentes,
520 2356 592 2413 sicut
612 2357 747 2430 scriptum
762 2361 804 2412 est
818 2372 824 2410 :
839 2357 904 2424 Ouia
952 2350 1168 2409 oblectamentis
1183 2353 1213 2406 et
1229 2349 1370 2406 illecebris
1386 2365 1440 2406 nos
1459 2349 1517 2404 suis
1536 2352 1611 2405 terra
1631 2345 1766 2420 decipiat.

107 2464 144 2504 nos
159 2451 294 2520 separabit
315 2466 334 2505 o
351 2449 492 2507 uectum
510 2449 779 2522 Christiipresauro,
797 2466 835 2506 on
851 2466 901 2506 on·
953 2446 1153 2518 Unusquisque
1172 2449 1237 2501 erat
1256 2445 1358 2512 ileum,
1375 2459 1434 2500 non
1453 2459 1511 2514 pro·
1527 2459 1557 2498 sa
1576 2443 1699 2510 mutum,
1717 2439 1768 2496 sed

106 2545 191 2611 rudo,
205 2547 413 2615 onpemccutio,
429 2560 466 2600 on
479 2547 577 2612 fomes,
593 2561 629 2601 on
641 2545 763 2607 nuditas,
779 2560 816 2602 on
829 2547 903 2615 pesi-
952 2557 1006 2614 pro
1030 2539 1164 2596 omnibus
1188 2536 1332 2604 iratribus,
1357 2537 1428 2593 siem
1450 2536 1589 2592 Dominus
1610 2550 1694 2591 orare
1715 2549 1767 2589 nos

107 2637 188 2702 mhnn,
208 2653 244 2692 oss
264 2638 399 2708 gladius?
419 2639 519 2710 ilium„
540 2654 599 2706 vrrs,
623 2637 680 2710 ³5.)
701 2637 776 2694 Nihil
797 2638 902 2694 horum
953 2635 1064 2704 docuit;
1079 2633 1128 2688 ubi
1146 2649 1203 2688 non
1217 2631 1335 2704 singulis
1350 2630 1489 2702 privatam
1509 2645 1622 2702 precem
1639 2627 1766 2696 mandat,

106 2734 184 2798 potest
196 2746 331 2803 separare
346 2731 506 2798 credentes,
520 2731 593 2786 nihil
606 2735 699 2804 potest
710 2731 831 2788 avellere
844 2747 905 2788 cor·
953 2728 1001 2784 sed
1015 2727 1141 2784 oratione
1152 2724 1299 2782 communi
1312 2729 1341 2782 et
1350 2724 1483 2782 concordi
1496 2739 1580 2796 prece
1589 2729 1702 2780 orentes
1714 2737 1766 2793 pro
1775 2731 1816 2760 ν

107 2825 156 2893 pori
174 2825 232 2896 ejus
254 2830 284 2881 et
307 2825 439 2897 sanguini
464 2825 647 2882 coherentes.
669 2825 830 2882 Persecutio
851 2825 906 2882 ista
954 2821 1087 2878 omnihus
1104 2820 1190 2892 jussit
1207 2835 1299 2876 orare.
1315 2819 1345 2876 si
1366 2835 1418 2876 nos
1437 2817 1574 2874 hominus
1591 2815 1716 2872 humiles
1737 2817 1768 2870 et

107 2917 261 2973 examinatio
288 2922 335 2974 eet
364 2922 448 2991 atque
480 2918 635 2990 exploratio
661 2917 758 2992 244
783 2920 906 2990 pectoris
954 2916 1075 2989 quietos,
1097 2915 1121 2970 si
1141 2913 1224 2970 nohis
1242 2913 1364 2970 invicem
1384 2911 1539 2984 copulatos,
1561 2910 1585 2966 ei
1604 2909 1676 2966 droa
1695 2908 1767 2964 iram

37 3063 38 3066 ,
108 3010 256 3084 nubitis).
270 3011 374 3068 oxonii
387 3027 439 3067 nos
453 3013 527 3068 Dens
541 3011 631 3067 voluit
649 3018 679 3067 et
697 3011 820 3085 probari,
834 3013 906 3069 sicut
955 3026 1036 3066 suam
1062 3008 1189 3076 timidos,
1212 3009 1236 3064 si
1259 3007 1394 3078 praesenti
1417 3005 1601 3062 tribulatione
1625 3007 1767 3059 correctos

37 3089 38 3124 ³
108 3119 160 3158 snos
170 3120 280 3177 semper
294 3105 445 3177 probavit3
462 3101 515 3160 nec
529 3107 624 3162 umen
643 3106 674 3162 iu
691 3106 905 3178 probationibus
914 3132 942 3206 G
956 3103 1181 3174 emendatosque
1194 3100 1393 3172 conspexerit:
1411 3105 1486 3157 tutos
1502 3099 1538 3156 ab
1555 3095 1663 3154 inimici
1679 3095 1767 3152 inies·

108 3195 319 3269 ejusaliqnando
336 3197 474 3254 auxilium
490 3198 670 3255 credentibus
683 3199 782 3256 detuit.
954 3195 1111 3255 talionibus
1136 3195 1234 3270 245
1261 3193 1416 3252 exhibebit.
1438 3192 1582 3250 Precessit
1604 3189 1766 3262 disciplina,

135 3289 172 3345 u.
185 3291 314 3363 lienique
332 3291 369 3346 ad
388 3291 540 3348 minimum
557 3293 699 3350 famulum
720 3309 805 3350 snum
826 3296 855 3350 et
874 3293 905 3349 in
953 3295 1090 3364 sequetur
1104 3296 1134 3346 et
1148 3289 1241 3346 renis.

109 3379 197 3438 delictis
208 3384 273 3440 licet
284 3384 419 3456 plurimis
430 3385 616 3442 mosaicum
625 3389 655 3442 et
664 3385 831 3458 dignatione
842 3387 905 3457 ejus
990 3385 1061 3442 Vlll.
1075 3385 1129 3442 Nos
1141 3387 1265 3451 tentum,
1275 3383 1335 3440 sine
1348 3381 1503 3440 cusatiom
1515 3379 1649 3454 poscendi
1661 3385 1690 3436 et
1702 3393 1768 3435 cum

109 3473 253 3547 indignum,
274 3482 376 3533 tamen
398 3477 445 3534 ille
465 3495 517 3552 pro
540 3495 589 3534 sua
608 3479 682 3536 circa
703 3495 755 3536 nos
775 3479 904 3536 bonitate
954 3477 1011 3536 ilde
1035 3477 1201 3551 accipiendi,
1223 3477 1365 3551 simplices
1388 3480 1418 3532 et
1437 3475 1590 3532 unanimes
1613 3473 1768 3530 Dominam

110 3569 224 3627 mendam
247 3571 385 3644 dignatus
408 3575 459 3628 est.
481 3593 496 3622 «
519 3572 569 3629 Dic
590 3573 642 3642 illi,
664 3573 768 3645 inquit,
789 3589 905 3630 securus
954 3574 1150 3644 deprecemur,
1165 3588 1230 3629 cnm
1246 3571 1355 3644 gemitu
1367 3571 1476 3644 pariter
1489 3574 1518 3628 et
1529 3569 1597 3626 iletu
1612 3568 1767 3640 deprecan-

37 3743 38 3748 .
109 3661 143 3728 sit,
155 3664 217 3734 qnia
230 3679 285 3736 pax
304 3670 425 3720 ventura
436 3666 556 3734 est;sed
575 3666 652 3738 qnod
665 3665 782 3723 interim
795 3669 905 3722 morula
954 3670 1007 3736 tes,
1023 3667 1095 3723 sicut
1109 3667 1254 3738 deprecari
1269 3667 1382 3738 oportet
1395 3681 1443 3720 eos
1460 3665 1510 3738 qui
1525 3664 1580 3720 sint
1594 3661 1679 3735 positi
1692 3661 1769 3717 inter

109 3757 151 3822 et,
167 3761 321 3828 supersunt
338 3757 432 3814 adbuc
453 3759 541 3831 aliqui
561 3760 611 3832 qni
630 3759 799 3831 probentur.
817 3760 905 3816 »Sed
955 3761 1152 3833 plangentium
1172 3761 1271 3816 ruinas
1293 3766 1323 3815 ot
1346 3759 1509 3816 durentiam
1533 3755 1675 3830 reliquias,
1694 3755 1770 3810 inter

110 3851 130 3900 et
142 3849 171 3904 ds
183 3852 256 3906 rictu
267 3867 358 3924 parco
375 3857 403 3908 et
415 3851 509 3908 sobrio
526 3855 593 3924 potu
612 3853 712 3908 divinis
731 3853 905 3926 dignationi·
956 3869 1139 3910 numerosam
1164 3853 1365 3926 languentium
1378 3855 1400 3890 ¹¹
1427 3858 1552 3924 stragem
1578 3853 1607 3906 et
1635 3849 1769 3920 exiguam

37 4005 38 4032 3
110 3937 533 4015 busadmonemur3scilicetne
548 3947 647 4019 vigore
663 3947 905 4004 coelestisublime
957 3948 1094 4004 stantium
1114 3947 1289 4004 firmitatem.
1312 3948 1457 4017 Rogemus
1479 3945 1610 4020 pacem¹¹
1630 3941 1769 3998 maturius

775 4099 881 4165 Varie
908 4099 1078 4194 lectiones.

126 4229 143 4309 '⁹
155 4231 244 4284 Nostra
257 4235 441 4298 peccatelam.
459 4234 565 4293 Vocat,
580 4235 603 4284 t.
619 4233 681 4284 Bod.
694 4235 718 4284 i.
731 4234 799 4285 Pom.
850 4235 870 4267 ⁴·
885 4233 1051 4300 ipsiutique
1068 4235 1147 4286 Osos.
1202 4235 1390 4288 ’'iacentinm
1414 4233 1475 4286 liud.
1497 4235 1520 4286 i.
1541 4231 1680 4285 stantium
1698 4245 1770 4297 pou-

113 4305 274 4354 crismatis.
291 4305 363 4355 Peos.
379 4304 440 4354 Bod.
457 4305 481 4366 t,
495 4305 519 4355 3.
538 4305 604 4354 Voss.
615 4303 637 4354 Ξ.
657 4303 719 4357 ihu.
735 4306 805 4356 Fors.
851 4308 870 4338 ¹¹
885 4307 984 4357 Pacem
997 4305 1129 4359 Ecclesiae
1141 4319 1200 4358 sues
1217 4307 1285 4359 Voss.
1299 4307 1321 4356 t.
1335 4303 1399 4357 Bod.
1411 4305 1434 4356 3.

738 4440 851 4524 Steph.
875 4441 999 4507 Balnzii
1019 4449 1118 4509 notae.

135 4573 174 4633 (ost
186 4574 297 4626 Pectoris
326 4573 420 4626 nostri.
447 4575 517 4626 Duas
537 4578 603 4626 sunt
626 4575 710 4640 hujus
733 4576 787 4626 loci
813 4577 905 4628 lectio·
955 4582 999 4630 tur
1011 4593 1044 4632 eo
1057 4581 1194 4633 vocabulo
1207 4595 1275 4632 usus
1289 4594 1350 4633 esse
1376 4581 1404 4631 in
1428 4579 1526 4631 eodem
1540 4589 1624 4627 sensu
1639 4589 1694 4640 quo
1708 4573 1767 4638 Cy-

112 4655 151 4692 nes
164 4647 189 4694 in
201 4647 323 4710 antiquis
336 4645 488 4698 codicibus.
502 4647 571 4697 Eam
585 4659 668 4712 quam
690 4659 741 4698 nos
754 4649 905 4699 retinemus
954 4651 1077 4714 prianus.
1104 4653 1151 4704 nit
1172 4653 1248 4704 enim
1272 4668 1277 4702 :
1303 4671 1317 4698 «
1335 4653 1392 4703 Nec
1417 4647 1545 4714 agricole
1571 4659 1695 4711 unquam
1720 4657 1768 4708 per

112 4712 250 4768 invenimus
274 4720 304 4769 in
330 4721 394 4768 octo
418 4715 570 4768 codicibus.
599 4717 700 4778 dham,
725 4731 789 4782 quas
820 4719 907 4772 habet
954 4719 1023 4772 alios
1050 4727 1127 4788 gesta
1158 4723 1255 4773 avidus
1288 4722 1447 4785 intercepit,
1483 4717 1531 4769 sed
1561 4717 1688 4767 centurio
1715 4728 1766 4764 eeu

112 4787 194 4844 peccati
205 4789 298 4850 matri,
312 4787 446 4839 exhibent
467 4801 563 4840 omnes
583 4788 718 4841 editiones
732 4803 796 4854 ques
810 4790 905 4842 Peme
953 4792 1102 4856 prefectus
1116 4794 1305 4857 incorruptum
1320 4793 1384 4843 iacti
1404 4795 1503 4842 testem
1519 4786 1648 4838 habebat.
1665 4803 1679 4833 a
1695 4786 1766 4836 ltem

111 4853 197 4907 tiaram
219 4862 438 4920 antecesserunt,
467 4872 529 4911 eam
551 4871 618 4911 vero
643 4860 795 4924 praeierunt
821 4863 905 4912 eiiam
955 4862 1071 4926 Seneca,
1095 4864 1142 4916 ltb.
1169 4865 1201 4915 ds
1227 4863 1405 4928 Beneficiis,p
1440 4862 1470 4913 li
1490 4875 1496 4910 :
1520 4887 1528 4896 υ
1545 4858 1605 4910 Ur1t
1633 4857 1711 4907 illum
1740 4858 1768 4907 et

112 4927 221 4982 undecim
241 4931 308 4982 libri
331 4934 458 4990 reteres3
490 4944 579 4996 eaque
600 4930 725 4995 adiuvari
755 4935 845 4995 potest
870 4946 906 4984 ex
954 4935 1031 4999 angit
1045 4934 1188 5000 intercepti
1210 4934 1338 4987 beneficii
1360 4931 1541 4985 conscientia.
1554 4948 1568 4976 »
1590 4927 1623 4992 Q.
1644 4927 1766 4991 canius,

113 5001 216 5077 acquod
237 5003 266 5052 ln
288 5003 369 5053 initio
394 5001 458 5053 libri
477 5002 531 5053 Joh
553 5003 688 5067 reperitur
704 5017 737 5052 :o
757 5003 788 5053 lit
801 5016 905 5067 querna
953 5004 1002 5056 lib.
1021 5019 1087 5056 xv:
1111 5022 1126 5056 a
1147 5007 1246 5057 Alieno
1266 5006 1341 5057 enim
1363 5003 1498 5069 sanguine
1522 5005 1628 5066 partam
1651 4999 1767 5064 gloriam

113 5073 255 5133 equitatem
271 5085 358 5124 msam
382 5076 407 5122 st
428 5080 560 5138 peceatum
586 5086 671 5123 mcum
689 5073 821 5124 scruteris.
838 5075 906 5125 Nos·
953 5076 1123 5140 intercipi.»
1149 5076 1300 5138 arnobius,
1323 5075 1371 5126 lib.
1393 5086 1422 5126 111
1447 5090 1453 5124 :
1474 5091 1489 5120 e
1510 5073 1579 5124 Nem
1602 5071 1769 5135 intercipere

113 5141 241 5218 transero
255 5143 424 5195 confirmant
437 5143 555 5208 plurima
569 5156 656 5196 sacres
679 5143 826 5209 Scriptura
844 5145 905 5196 loca
954 5147 1055 5212 scripta
1079 5150 1106 5198 et
1127 5147 1296 5212 publicatam
1319 5147 1390 5198 veile
1414 5145 1592 5208 submergere
1618 5143 1767 5195 lectionem

114 5219 134 5257 ¹11
145 5212 237 5274 quibus
251 5215 329 5265 Deus
342 5215 606 5266 voceturscruutor
629 5213 720 5266 cordis
735 5219 762 5266 et
775 5215 858 5278 renis,
874 5219 906 5268 ut
954 5231 1010 5268 non
1030 5221 1072 5270 est
1096 5218 1163 5270 deos
1186 5219 1344 5280 defendere,
1368 5217 1416 5269 aed
1442 5215 1568 5268 veritatis
1599 5213 1770 5265 testificatio-

113 5285 178 5336 ctam
194 5286 341 5338 adnotatur
352 5288 380 5338 in
395 5287 471 5340 calce
490 5287 614 5352 epistotae
636 5289 905 5342 octavae.1ncodice
953 5301 1019 5340 nem
1030 5290 1137 5342 timere.
1152 5309 1167 5337 o
1182 5290 1341 5351 Cassianus,
1357 5289 1468 5349 l.1x,c.
1485 5287 1513 5338 lt
1530 5301 1535 5334 :
1553 5303 1566 5332 «
1585 5284 1768 5350 intercipiens

113 5351 491 5424 liarisariptumeratpcccoti
502 5360 596 5410 nostri.
953 5359 1106 5413 efficaciam
1129 5363 1336 5423 orationum3o
1357 5362 1386 5411 et
1408 5357 1501 5410 collat.
1522 5356 1570 5408 lib.
1596 5371 1615 5420 1,
1638 5369 1698 5423 cap.
1715 5354 1767 5405 ll:

137 5431 177 5489 (iol
190 5433 237 5483 Nec
253 5433 306 5497 ipsi
321 5432 441 5498 denique.
457 5431 633 5504 Quamquam
648 5433 721 5497 prior
735 5434 826 5496 lectio,
842 5446 905 5498 qnae
955 5449 969 5478 a
982 5430 1108 5482 Charitas
1121 5431 1198 5482 nullo
1210 5431 1401 5496 intercipiatur
1414 5433 1545 5492 ternpore.
1562 5445 1576 5476 o

114 5495 180 5552 babet
205 5503 303 5568 utique,
325 5503 397 5555 bona
418 5503 464 5564 sit,
489 5517 550 5554 eam
577 5504 686 5568 praetuli
713 5517 776 5569 quae
808 5505 906 5556 nititur
986 5507 1033 5567 (iit
1047 5507 1172 5558 Perdidit.
1199 5507 1240 5558 lta
1262 5511 1368 5558 veteres
1384 5505 1520 5556 editiones
1542 5506 1570 5554 et
1593 5514 1691 5553 omnes
1712 5499 1769 5551 iere

115 5573 254 5624 saturitate
267 5575 388 5626 omnium
403 5576 460 5626 iere
475 5578 599 5627 veternam
613 5575 821 5639 exemplarium.
954 5578 1016 5629 libri
1032 5582 1147 5631 veteres.
1161 5581 1192 5629 ln
1206 5593 1262 5630 uno
1277 5583 1369 5629 tomen
1383 5591 1446 5628 meo
1458 5577 1593 5640 scriptum
1609 5579 1651 5625 est
1666 5572 1768 5623 indicit.

37 5671 38 5714 r
138 5647 179 5706 til)
204 5649 369 5713 intercipere,
392 5649 422 5700 id
454 5655 493 5702 est
524 5651 707 5716 supprimere,
744 5649 828 5702 modo
864 5650 906 5701 lo·
955 5649 1037 5712 Quod
1049 5649 1159 5702 videtur
1173 5664 1235 5704 esse
1245 5651 1355 5705 melius.
1369 5647 1595 5702 invetustiasimo
1607 5645 1769 5710 Remiginuo

117 5717 201 5777 quendi
219 5719 338 5772 multum
356 5722 461 5773 remoto
476 5725 498 5772 'a
520 5733 586 5774 vere
606 5721 807 5785 significatione
821 5722 906 5786 hujus
953 5720 1074 5787 percidit.

117 5787 232 5842 versun.
246 5791 281 5845 tn
305 5795 394 5846 temen
416 5792 528 5845 Tacitus
551 5792 580 5846 iu
599 5791 658 5844 Vita
682 5791 810 5860 agricole
825 5792 905 5847 vide-
