3986 6208
72 277 117 333 aas
584 275 859 336 testimoniorum
873 273 949 332 sni.
969 273 1104 332 JUDAEOS
1118 272 1181 332 iiis.
1202 271 1224 328 i.
1492 281 1495 289 “
1695 273 1753 330 710

69 402 163 456 oculos¹
179 417 247 456 suos
269 401 481 471 concluserunt,
505 419 541 458 ne
563 403 638 458 forte
660 402 774 458 videant
794 399 1009 484 oculisAPauli
1028 397 1063 453 ad
1084 395 1249 454 Corinthios
1262 395 1357 468 prima
1373 418 1379 451 :
1397 417 1409 448 a
1424 395 1493 452 Nolo
1508 395 1585 452 euim
1600 411 1651 452 vos
1663 395 1746 467 igno·

69 500 93 550 et
115 495 232 550 auribus
260 494 380 550 audiant
395 499 423 550 et
441 495 525 551 corde
548 495 719 567 intelligant,
744 502 771 551 et
789 511 881 551 rever·
930 507 1002 559 rare,
1019 492 1129 560 fratres,
1146 491 1214 562 quia
1235 495 1332 561 patres
1353 491 1445 547 nostri
1465 505 1564 546 omnes
1590 489 1642 544 sub
1669 489 1747 545 nube

68 595 156 644 hatur
168 590 191 626 ⁸¹
204 593 234 644 et
246 605 345 644 curem
361 589 424 645 illos
439 611 452 640 ιι
468 591 547 662 (ism,
561 607 600 658 vr,
616 589 701 660 9-10).
718 591 789 648 ltem
803 588 881 660 apud
930 585 1046 640 fuerunt
1058 605 1072 634 ιι
1093 585 1114 656 (Ι
1130 584 1205 652 Cor„
1219 599 1245 651 x,
1264 583 1301 655 i).
1316 585 1387 640 item
1408 583 1437 640 in
1453 583 1579 655 Epistola
1598 583 1633 639 ad
1648 582 1748 639 Corin·

67 683 215 738 teremiam
237 683 375 739 Dominus
397 683 464 738 dicit
480 699 487 738 ι
505 703 518 734 u
537 685 578 740 ile
594 683 810 755 dereliquerunt
821 683 881 738 lon·
929 678 1007 734 thios
1022 677 1169 734 secunda:
1188 677 1315 732 «Obtusi
1336 679 1403 732 sunt
1418 693 1516 732 sensus
1534 693 1632 732 eorum
1655 692 1747 750 usquc

68 781 120 832 tem
132 793 217 849 aquae
230 777 312 844 vive,
325 781 353 832 et
364 775 523 832 effoderunt
534 776 586 832 sibi
600 778 677 832 lucus
690 775 818 845 detritos,
831 776 881 847 qm
931 772 959 827 iu
976 772 1053 828 hune
1078 771 1165 840 diem,
1192 771 1247 826 hoc
1272 770 1373 826 eodem
1396 769 1559 826 velamento
1578 769 1609 825 in
1628 770 1747 827 lectione

66 887 120 926 nan
141 874 279 942 poterunt
295 871 319 906 θ’
339 885 442 941 aquam
462 876 577 941 portare
598 891 612 922 ιι
633 871 752 942 (terem,
774 884 802 935 u,
825 869 879 936 lt).
930 865 1034 921 veteris
1058 865 1233 920 Testamenti
1257 867 1391 919 manente
1414 863 1489 935 quod
1510 879 1569 919 nou
1593 864 1748 933 revelatur,
1836 913 1841 938 ,

67 966 131 1019 item
147 964 227 1036 apud
243 964 399 1020 eumdem:
420 985 433 1014 a
455 965 524 1020 Ecce
544 979 638 1019 sermo
659 963 771 1018 Domini
790 963 881 1018 iactus
930 959 999 1032 quie
1024 959 1054 1013 in
1080 958 1194 1016 Christo
1222 962 1388 1026 evacuatum
1415 958 1444 1011 et
1471 971 1559 1028 usqne
1582 956 1611 1011 in
1634 956 1745 1011 hodier-

1 1071 2 1108 i
68 1063 103 1113 est
121 1057 163 1112 eis
184 1056 214 1112 in
237 1055 435 1125 maledictum,
458 1059 485 1112 el
513 1073 572 1112 non
592 1057 616 1093 ⁸³
638 1055 737 1111 volunt
760 1055 841 1110 illum
864 1077 878 1106 ιι
930 1069 999 1107 num
1014 1052 1049 1121 ⁷¹,
1070 1053 1092 1107 si
1110 1050 1226 1122 quando
1239 1049 1346 1122 legitur
1362 1051 1481 1121 Moyses,
1501 1049 1693 1105 velamentum
1706 1053 1748 1104 est

68 1153 180 1221 iterem„
194 1167 233 1217 vr,
249 1151 303 1220 io).
319 1153 386 1206 item
402 1149 479 1222 apud
496 1149 630 1206 eumdem
640 1149 777 1205 Dominus
790 1148 877 1204 dicit:
930 1161 1017 1217 super
1029 1161 1079 1201 cor
1091 1159 1205 1200 eorum.
1222 1145 1284 1199 llox
1306 1147 1402 1199 autem
1419 1147 1450 1198 ut
1461 1142 1588 1198 conversi
1603 1141 1710 1198 luerint
1723 1142 1748 1176 ²³

69 1245 237 1315 «Cognovit
258 1246 282 1280 θ’
303 1244 405 1298 milvus
426 1247 541 1314 tempus
562 1260 656 1314 suum,
678 1245 773 1298 turtur
792 1248 820 1298 et
841 1242 881 1297 hi·
931 1239 967 1294 ad
992 1238 1156 1306 Dominum,
1182 1238 1328 1294 auferetur
1349 1239 1553 1293 velamentum.
1578 1257 1593 1288 ι
1615 1235 1650 1308 (ll
1672 1234 1745 1302 cor„
1771 1273 1775 1282 ι

1 1369 2 1374 1
67 1339 164 1404 ruodo,
189 1338 266 1392 nuris
283 1353 411 1409 passeres
422 1339 447 1374 ⁶⁸
465 1337 664 1393 custodierunt
680 1341 814 1407 tempora
834 1335 880 1392 in·
930 1347 971 1402 ιιι,
990 1333 1032 1399 il,
1052 1331 1106 1402 ld).
1121 1333 1152 1387 ln
1168 1330 1321 1404 Evangelio
1336 1330 1472 1386 Dominus
1484 1334 1550 1404 post
1562 1328 1747 1385 resurrectio-

67 1433 162 1488 troitus
176 1431 230 1496 sui,
246 1432 367 1503 populus
381 1437 476 1488 autem
490 1446 571 1487 meus
585 1447 644 1486 nou
659 1429 879 1501 cognoritjudi-
930 1442 997 1482 nem
1016 1424 1106 1480 dicit:
1124 1446 1138 1476 a
1158 1424 1205 1480 isti
1222 1428 1288 1479 sum
1303 1440 1450 1480 sermones
1468 1439 1541 1495 quos
1559 1423 1668 1480 locutus
1683 1439 1746 1478 sum

67 1526 136 1580 cium
159 1525 285 1581 Domini.
305 1525 455 1590 Quomodo
474 1524 567 1581 dicitis
583 1523 753 1595 :Sapientes
771 1538 879 1592 sumus,
930 1518 965 1574 ad
990 1535 1038 1574 ros
1062 1534 1127 1574 eum
1149 1517 1242 1574 adhuc
1265 1534 1356 1592 essem
1378 1517 1532 1586 vobiscum,
1548 1517 1616 1590 quia
1636 1519 1748 1588 oportet

69 1625 93 1674 et
109 1621 154 1675 lex
177 1619 293 1675 Domini
311 1619 461 1675 uobiscum
482 1618 546 1674 ost?
564 1620 596 1674 ln
618 1632 728 1674 sessum
747 1617 820 1673 iactu
839 1619 882 1672 est
930 1611 1080 1684 adimpleri
1095 1611 1195 1666 omnis
1209 1627 1273 1683 ques
1287 1611 1391 1683 scripta
1405 1611 1430 1647 ⁷⁸
1445 1613 1512 1666 sunt
1524 1609 1553 1665 in
1567 1611 1631 1682 lege
1646 1609 1748 1681 Moysis

69 1719 202 1769 metatura
214 1713 287 1768 falsa
296 1714 320 1750 ⁸⁶
332 1713 398 1784 (tt),
412 1713 512 1768 scrihae
526 1710 635 1768 confusi
650 1715 725 1780 suut,
740 1710 881 1782 sapientes
931 1711 959 1762 et
975 1705 1123 1778 Prophetis
1137 1711 1164 1760 et
1178 1705 1296 1761 Psalmis
1309 1704 1343 1760 do
1358 1720 1414 1760 me.
1430 1706 1508 1760 Tunc
1526 1702 1678 1775 adaperuit
1692 1702 1747 1759 illis

69 1806 281 1879 trepidaverunt
301 1810 330 1862 et
348 1805 425 1878 capti
443 1807 520 1872 sunt,
541 1804 609 1877 quia
629 1803 746 1860 verbum
766 1802 881 1860 Domini
893 1775 919 1848 Β
931 1815 1047 1855 sensum
1071 1802 1104 1853 ut
1125 1798 1319 1870 intelligerent
1338 1797 1508 1869 Scripturas,
1522 1803 1551 1853 et
1569 1797 1640 1852 dixit
1661 1796 1717 1852 illis
1737 1813 1744 1852 ε

68 1900 286 1971 reprobaverunt
317 1921 331 1948 ιι
362 1899 481 1972 (ierem,
512 1914 572 1967 ιιιι,
604 1897 669 1967 7-9).
704 1900 773 1952 ltem
804 1896 881 1968 apud
929 1893 1001 1959 Ouia
1026 1893 1065 1948 sic
1088 1890 1185 1965 683
1207 1891 1344 1964 scriptum
1371 1897 1422 1959 est,
1452 1897 1480 1946 et
1499 1891 1539 1946 sic
1560 1890 1746 1962 oportebat⁷⁵

70 1993 244 2049 Salomonem
265 2009 272 2048 :
292 2015 307 2043 a
328 1996 466 2058 Quaerunt
485 2008 532 2047 me
554 1991 620 2046 mali
638 1991 674 2058 θ’,
687 1994 716 2046 et
733 2007 789 2046 non
805 1991 881 2045 inve·
930 1987 1073 2043 Christum
1094 1985 1152 2058 peti
1172 1988 1201 2042 et
1220 2000 1399 2057 resurgeres
1414 1984 1535 2041 mortuis
1552 1983 1704 2052 tertiadie,
1718 1988 1747 2039 et

68 2087 152 2142 nient.
178 2087 252 2142 Ddio
279 2087 359 2142 enim
383 2085 545 2142 hahuerunt
566 2084 747 2156 sapientiam,
771 2098 879 2139 sermo·
930 2079 1078 2153 praedicari
1090 2081 1119 2134 in
1132 2079 1250 2136 nomine
1266 2080 1328 2149 ejus
1343 2078 1540 2150 paenitentiam
1554 2081 1583 2132 et
1596 2077 1746 2133 remissam

70 2197 128 2236 nem
148 2183 248 2236 autem
274 2179 388 2235 Domini
414 2196 472 2234 non
502 2181 675 2250 receperunt
698 2199 712 2230 ιι
730 2179 832 2250 (Pecu.
859 2193 879 2246 ι,
930 2179 1107 2246 peecatorum
1128 2189 1218 2244 usque
1239 2172 1268 2228 in
1291 2187 1393 2228 omnes
1414 2174 1543 2243 gentes»
1566 2172 1653 2244 (Luc,
1672 2185 1745 2242 xxiv,

70 2277 107 2344 ri,
120 2273 178 2344 29).
194 2275 265 2330 item
285 2273 315 2329 in
336 2275 448 2329 Psalmo
467 2289 542 2329 xxvu
560 2287 567 2325 s
582 2293 596 2323 κ
615 2270 715 2329 Redde
737 2271 779 2326 eis
797 2271 879 2326 retri-
930 2267 1033 2340 stirp

69 2367 208 2471 bunonem
235 2384 350 2436 eorum,
379 2367 514 2439 quoniam
543 2384 599 2421 uon
627 2365 830 2420 intellexerunt
851 2363 880 2420 iu
930 2393 994 2450 Cn·
1007 2391 1251 2462 v1-Nigpp033,
1260 2391 1528 2461 Jugaeostmepgae„
1538 2391 1572 2446 de
1584 2389 1745 2462 Scriptum,

71 2461 197 2532 operibus
210 2461 326 2517 Domini
340 2483 354 2511 ιι
371 2461 452 2530 (Psoi.
472 2476 554 2528 xxm,
570 2461 623 2530 is).
639 2460 709 2514 ilem
724 2459 753 2514 io
773 2459 881 2515 Psalmo
1073 2473 1128 2526 „sss
1138 2473 1219 2539 prius
1234 2470 1401 2526 crediderim
1414 2473 1445 2526 in
1458 2470 1603 2528 claretum.

71 2571 147 2610 ιιιιι
168 2573 186 2658 ;Ι
204 2575 218 2605 u
245 2555 303 2609 Non
326 2559 523 2626 cognoverunt
545 2569 638 2626 neque
666 2552 880 2620 intellexerunt,
968 2579 1048 2652 Apud
1073 2579 1173 2634 kaiam
1197 2595 1204 2634 :
1229 2601 1243 2630 a
1263 2579 1297 2634 Ε,
1317 2578 1339 2634 si
1362 2595 1419 2634 non
1445 2579 1632 2648 credideritis,
1654 2595 1747 2653 neque

72 2645 164 2752 382
178 2665 208 2702 ¹¹¹
227 2647 329 2703 umbra
342 2647 570 2752 flammabunt
586 2669 600 2696 ’'
622 2645 708 2718 (Μ’
733 2661 824 2715 ”¹¹¹⁹
843 2645 879 2716 5).
931 2673 1097 2744 intelligetis
1111 2693 1124 2723 ιι
1147 2675 1223 2746 (isa,
1238 2689 1286 2740 vir,
1306 2673 1345 2744 s).
1359 2675 1430 2728 Item
1449 2673 1587 2729 Dominus
1606 2673 1636 2728 iu
1657 2675 1747 2729 Evan-

71 2742 134 2846 ΜΡ
158 2759 187 2796 ¹¹¹
201 2742 368 2845 ,Evangelw
393 2745 456 2796 cam
476 2742 636 2796 munem*
655 2759 669 2788 “
692 2741 723 2794 ¹¹¹
747 2755 797 2794 ⁸²¹³
818 2755 883 2810 pm·
932 2765 1005 2840 gelio
1020 2783 1027 2822 :
1042 2788 1056 2817 a
1075 2765 1104 2824 Si
1124 2765 1201 2826 enim
1226 2783 1283 2822 uon
1306 2765 1482 2823 credideritis
1502 2765 1571 2838 quia
1594 2783 1648 2838 ego
1673 2783 1746 2839 sum,

70 2852 125 2906 pua
145 2841 231 2905 venrt,
257 2841 285 2890 et
307 2835 351 2890 sui
372 2851 438 2890 sum
460 2850 515 2889 non
532 2836 713 2904 receperunt.
739 2833 883 2905 Quotquot
932 2860 1094 2917 moflemini
1117 2860 1146 2916 iu
1168 2860 1290 2931 peccatis
1310 2857 1421 2916 vestris·
1447 2880 1461 2910 „
1489 2861 1587 2930 (som,
1609 2877 1668 2929 vm,
1689 2861 1746 2932 ᾗ.)

72 2946 130 2985 eum
148 2931 330 3001 receperunt,
353 2929 431 2984 dedit
450 2928 505 2984 illis
526 2929 695 2998 potestatem
719 2932 748 2981 ut
763 2927 814 2982 lilii
833 2927 882 2982 Dei
933 2955 1000 3012 Fide
1019 2959 1115 3010 autem
1138 2959 1212 3010 stare
1227 2953 1368 3025 justitiam
1383 2959 1412 3009 et
1424 2952 1481 3009 mic
1500 2969 1559 3010 em
1572 2952 1748 3026 ,iimm-

71 3022 173 3093 ΜΝ,
198 3021 249 3096 ‘1¹¹i
272 3023 389 3078 “edunt
412 3021 441 3077 in
464 3021 581 3077 ¹¹⁰mi⁰⁰
606 3021 668 3091 ⁰5³⁵
695 3043 709 3071 '‘
738 3021 836 3091 ‘'mm'’
862 3037 881 3090 ¹’
933 3049 1100 3105 dictumest
1120 3047 1194 3120 apud
1213 3047 1364 3102 llabacuc:
1381 3048 1619 3104 «lustusautem
1639 3063 1673 3104 ex
1691 3046 1748 3105 fide

74 3121 110 3186 Ηι
125 3117 181 3191 ¹²l·
892 3143 996 3218 Cinea
1007 3143 1080 3198 vivet
1094 3142 1118 3177 ⁷⁶
1134 3163 1148 3193 ιι
1163 3141 1287 3214 (Haben,
1307 3157 1337 3210 ιι,
1360 3141 1396 3212 i).
1416 3139 1485 3197 inde
1504 3141 1649 3198 Abraham
1668 3147 1749 3215 pater

72 3277 128 3331 Cn·
139 3277 184 3332 Ν,
197 3305 231 3316 -
242 3275 319 3343 Quod
330 3275 488 3344 Scriptums
499 3279 610 3330 sam
623 3273 784 3328 ‘Mallem
795 3273 885 3329 ,ΗΜ
934 3236 1065 3308 gentium
1087 3234 1217 3292 credidit.
1232 3236 1264 3292 lu
1280 3235 1401 3292 Genesi:
1424 3256 1439 3286 a
1457 3233 1585 3292 Credidit
1604 3235 1749 3293 Abraham

102 3373 153 3410 noa
173 3361 274 3416 essem,
294 3355 413 3424 intelligi
428 3359 519 3409 autea
539 3353 667 3408 ualeam
686 3355 715 3408 ia
733 3353 885 3408 nstimis
935 3331 1002 3399 ⁰⁸⁰2
1018 3335 1046 3385 ⁰²
1064 3329 1233 3400 del'umum
1253 3332 1297 3385 ⁰³2
1315 3329 1341 3384 Pi
1361 3328 1397 3384 ad
1414 3327 1585 3400 1¹¹³¹ili³ffl¹t
1600 3329 1687 3400 tuen„
1701 3347 1749 3402 ινι

103 3437 266 3508 tenporibus
277 3440 371 3506 posteo
383 3449 465 3504 quum
477 3433 602 3489 Christus
616 3433 740 3489 emisset.
934 3423 972 3497 6).
983 3427 1056 3481 ltem
1068 3423 1171 3480 Paulus
1181 3423 1215 3478 ad
1225 3423 1334 3480 Galatas
1345 3439 1353 3478 ε
1365 3422 1533 3480 «Abraham
1546 3423 1667 3478 credidit
1681 3425 1749 3494 Deo,

935 3523 964 3572 et
991 3517 1160 3587 deputatum
1177 3515 1201 3550 ⁷⁷
1221 3518 1265 3570 est
1291 3513 1317 3570 ei
1340 3515 1376 3570 ed
1398 3515 1550 3586 justitiam.
1576 3517 1750 3589 Cognoscitis

935 3627 1004 3684 ergo
1020 3609 1087 3683 quia
1100 3609 1149 3681 qai
1169 3625 1204 3665 cx
1218 3609 1275 3666 lide
1290 3611 1366 3678 sunt,
1381 3608 1410 3663 hi
1424 3611 1492 3664 sunt
1508 3609 1559 3664 lilii
1574 3611 1598 3646 ⁷⁸
1615 3611 1749 3669 Abrahae.

73 3751 91 3804 si
113 3751 229 3807 dederis
255 3749 364 3805 homini
389 3749 491 3804 scienti
518 3748 625 3802 linem
650 3747 685 3802 ad
712 3746 883 3817 legendum,
935 3705 1086 3760 Providens
1097 3708 1193 3758 autern
1206 3702 1353 3774 Scriptura
1367 3701 1464 3759 divine
1479 3704 1546 3776 qrria
1559 3719 1592 3759 ex
1604 3705 1750 3782 fidejusti·

72 3846 140 3901 dicet
155 3863 162 3902 ι
177 3845 243 3900 Νοιι
260 3859 375 3916 possum
393 3843 507 3914 legere;
526 3841 656 3912 signatus
669 3843 713 3895 est
728 3841 816 3895 enim.
832 3839 884 3894 Sed
935 3799 1001 3854 *icat
1015 3804 1116 3870 3⁰⁰1oe
1129 3797 1215 3868 Μ’
1229 3795 1434 3867 pfoenuntiaffi
1446 3796 1568 3853 ΑΜΕ
1583 3799 1649 3870 ‘1⁰³²
1660 3799 1750 3855 hene·

72 3937 97 3992 in
114 3939 160 3994 illa
181 3937 228 3994 die
250 3937 369 3992 audient
388 3935 466 3991 surdi
489 3949 635 3991 sermones
656 3932 720 3990 libri
740 3933 780 4001 ⁶⁸;
795 3931 887 4004 etqui
936 3893 1065 3950 dicemur
1085 3891 1113 3946 in
1129 3891 1181 3996 ΨΟ,
1200 3906 1300 3946 ⁰¹⁰⁰²⁵
1325 3893 1433 3962 gente*
1450 3891 1544 3996 Ῑὸἰωξ
1561 3892 1610 3963 ΨῙῘ
1634 3909 1669 3949 0¹
1693 3894 1751 3951 fide

936 3989 1015 4052 sunt,
1040 3985 1182 4041 benedicti
1205 3990 1270 4040 sunt
1295 3984 1348 4056 (tt)
1375 4001 1442 4041 cum
1469 3984 1546 4040 fidele
1569 3985 1749 4043 Abraham»

73 4033 239 4088 intenebris
254 4037 282 4087 et
301 4029 351 4102 qui
369 4030 398 4084 iu
422 4027 526 4085 nebula
549 4029 625 4096 stant,
650 4027 723 4084 oculi
743 4041 886 4082 caseorum

72 4125 205 4182 ιιιιιιιιιιι
232 4145 245 4177 ι
273 4125 348 4195 risa..
373 4139 446 4190 uix,
470 4121 583 4192 mss).
611 4123 684 4178 uem
710 4119 787 4193 apua
813 4123 886 4176 sere·
937 4081 1051 4152 (⁶‘²²⁰‘·2
1068 4095 1108 4147 ¹¹¹·
1126 4079 1193 4150 ⁶·9l·

73 4219 155 4276 misen
170 4237 179 4276 ς
196 4241 211 4270 «
230 4217 426 4274 innovissimo
446 4217 558 4272 dierum
578 4215 602 4251 ⁰⁰
625 4213 802 4286 cognoscetis
818 4230 852 4269 ea
869 4233 884 4267 ιι
935 4209 998 4264 Cir.
1009 4207 1052 4262 Vl.
1064 4235 1098 4246 -
1108 4203 1185 4272 Quod
1196 4204 1345 4261 Jerusalem
1350 4204 1490 4276 perdituri
1501 4212 1599 4272 meent,
1612 4211 1638 4262 st
1650 4211 1751 4265 torum

73 4315 189 4383 (ierom,
217 4328 295 4379 xxm,
316 4311 373 4384 20).
394 4313 468 4368 Item
489 4309 566 4381 apud
588 4307 733 4364 Danielem
755 4323 792 4362 :u
809 4306 887 4362 Doni
1141 4299 1223 4356 quum
1237 4289 1395 4356 (receperam
1409 4286 1542 4342 relicturi.

73 4423 214 4463 sermones
230 4407 255 4442 ³⁰
268 4409 299 4461 et
310 4405 391 4477 signa
410 4404 516 4459 librum
534 4418 625 4474 usque
643 4402 679 4457 ad
696 4407 809 4474 tempus
822 4416 887 4456 con·
971 4393 1051 4467 Apud
1076 4391 1179 4448 isaiam
1201 4409 1208 4447 :
1226 4415 1240 4442 ιι
1256 4393 1343 4448 Terra
1365 4398 1459 4449 vespm
1482 4394 1604 4465 desem,
1627 4395 1752 4454 chime,

73 4500 280 4567 summationis,
308 4497 403 4571 quoad
424 4497 533 4553 discant
557 4496 656 4562 multi,
680 4498 710 4550 st
732 4495 886 4567 impleatur
896 4510 925 4583 D
936 4491 1038 4543 vestras
1051 4487 1112 4558 igni
1124 4491 1232 4542 exustae
1240 4503 1248 4557 3
1259 4487 1408 4559 regionem
1421 4493 1542 4544 vestram
1555 4489 1586 4544 iu
1599 4495 1751 4562 conspectu

73 4597 177 4666 agnitio
191 4597 231 4662 Ἠ,
252 4592 389 4666 quoniam
407 4607 471 4646 cum
483 4591 532 4646 fiet
547 4589 697 4662 dispersio,
712 4593 885 4660 cognoscent
936 4585 1041 4648 vestro,
1055 4580 1140 4636 alieni
1158 4581 1182 4616 ²⁹
1197 4579 1349 4635 comedent
1368 4595 1447 4649 eam3
1462 4586 1491 4636 et
1509 4580 1620 4638 deserta
1636 4587 1665 4637 et
1684 4583 1750 4638 sub·

74 4689 165 4746 omnia
187 4689 250 4745 haec
274 4707 289 4741 ιι
314 4689 408 4760 (Dore,
433 4701 479 4754 xu,
501 4685 528 4754 4,
554 4682 591 4754 7).
615 4686 686 4742 item
706 4683 736 4739 in
763 4682 885 4755 Epistola
935 4695 1015 4734 versa
1036 4693 1053 4730 a
1077 4673 1189 4747 populis
1214 4673 1314 4729 alienis
1344 4671 1559 4746 derelinquetur
1584 4675 1639 4730 lilia
1667 4675 1750 4746 Sion,

101 3559 183 3631 Apud
209 3557 310 3616 isaiam
325 3573 332 3613 :
347 3577 362 3608 a
385 3558 419 3612 st
439 3558 525 3612 eruut
546 3554 626 3610 vobis
649 3553 678 3611 ui
701 3570 802 3610 omnes
826 3569 884 3610 ser·

73 3673 163 3714 mones
184 3656 257 3712 sicut
269 3671 417 3712 sermones
431 3653 496 3710 libri
510 3652 560 3726 qui
575 3653 704 3724 signatus
718 3655 761 3708 est
777 3669 783 3707 :
799 3667 884 3723 quem

758 4851 863 4920 Varius
884 4851 1054 4916 lectiones.

101 5005 120 5039 ⁸¹
135 5007 380 5058 Eteonrertantur
396 5002 470 5054 Ocri.
486 5005 523 5055 sic
537 5001 632 5054 reiut.
647 5000 683 5054 Ut
701 5013 797 5053 curem
823 4999 888 5048 Voss.
905 4995 928 5049 3.
961 4993 982 5029 ⁸¹
1000 4991 1060 5044 Non
1086 4989 1237 5054 potuerunt
1256 4987 1330 5038 corb.
1363 4987 1384 5022 ⁰³
1406 4985 1593 5050 Maledictum,
1608 4999 1664 5039 non
1690 4987 1752 5040 Tha.

74 5077 138 5126 ans.
172 5075 196 5111 ⁸⁴
212 5077 312 5126 titirus
327 5074 458 5138 cognovit
472 5073 534 5125 Ded.
546 5073 569 5124 3.
602 5071 623 5108 ⁰⁵
638 5071 764 5123 Hirundo
786 5081 911 5135 passeres
925 5066 998 5118 Cord.
1031 5061 1052 5096 ⁸⁸
1066 5061 1215 5112 hloecatura
1229 5057 1314 5124 lfflip.
1327 5059 1462 5111 Metulum
1473 5063 1564 5110 vestra
1574 5057 1677 5126 Dedi,
1692 5060 1716 5122 Ξ,
1728 5061 1753 5112 s.

75 5145 138 5195 tour.
157 5149 213 5197 tia.
231 5147 365 5196 suasor.
384 5145 451 5194 Vos.
469 5145 528 5202 at.
562 5139 979 5207 “Quaremmemolirtut
998 5133 1102 5186 Vesci.
1136 5127 1246 5181 “Libri
1266 5129 1351 5194 hujus
1372 5133 1439 5182 Voss.
1454 5131 1478 5182 4.
1510 5129 1576 5181 ”lu
1597 5129 1756 5184 novissimis

76 5215 178 5266 dierum
199 5218 265 5265 Voss.
279 5216 304 5265 t.
337 5212 446 5265 ⁷⁰ieiuni
462 5214 563 5264 librum
587 5215 642 5264 Per⁴
675 5209 696 5247 ⁷¹
712 5213 883 5278 Impleautur
898 5209 1038 5274 agnitione
1054 5215 1152 5256 omnes
1164 5203 1219 5252 tiu.
1253 5198 1273 5234 ⁷³
1289 5203 1462 5253 Hodiernum
1480 5202 1555 5253 diem
1571 5201 1625 5254 ΝΟ.
1645 5204 1667 5253 t.
1683 5205 1754 5256 Lam.

76 5287 168 5336 mes.
203 5282 787 5337 ”ConversusestudDominumAr.NC.
805 5285 899 5335 itia.
917 5283 986 5331 tum.
1005 5276 1064 5328 Ded.
1086 5275 1109 5326 Ξ.
1140 5275 1206 5324 Voss.
1228 5275 1252 5324 3.
1284 5271 1419 5326 ⁷⁴0mnia
1439 5286 1503 5340 quas
1522 5274 1624 5339 scripta
1645 5275 1710 5325 Ded.
1732 5277 1754 5328 l.

79 5359 141 5408 Voss.
157 5356 181 5408 3.
217 5355 321 5421 PQuia
337 5357 533 5420 scriptumest,
549 5359 576 5407 et
590 5355 771 5420 oportetllod.
788 5355 811 5415 t,
826 5353 850 5414 ἓ,
867 5353 892 5413 3,
911 5347 1084 5402 stamus.
1099 5347 1122 5396 i.
1140 5345 1244 5396 Vocat.
1277 5341 1379 5395 ”Fida
1394 5344 1468 5396 viret
1486 5344 1541 5395 NG.
1561 5346 1583 5396 l.
1604 5346 1666 5397 Rod.
1689 5349 1712 5408 l,
1729 5349 1756 5401 4.

77 5427 138 5477 reri.
171 5425 376 5493 ‘'Reputatum
393 5425 522 5485 eoam
554 5425 765 5478 Piudaeitom.
797 5423 819 5459 ²⁹
835 5423 1007 5488 Alienigena
1020 5417 1168 5470 comedent
1185 5419 1245 5468 Dea.
1257 5417 1304 5469 dr.
1320 5417 1377 5466 tto.
1390 5415 1472 5466 Ναί
1495 5415 1520 5466 Ξ.
1536 5415 1599 5467 sou.
1615 5417 1678 5480 t,2,
1693 5417 1718 5478 8,
1731 5419 1756 5470 t.

79 5499 142 5548 l'oss.
153 5499 179 5562 3,
194 5499 222 5550 t.
233 5500 298 5550 Hor.

722 5606 836 5691 Steph.
860 5603 984 5670 Daluzii
1005 5606 1104 5668 notae.

105 5769 137 5812 ‘D
165 5769 300 5821 letatura
331 5767 409 5832 lutea.
447 5769 502 5823 Sex
539 5769 603 5822 iibri
639 5773 747 5821 veteres
785 5767 890 5820 habent
971 5763 1019 5827 iti)
1054 5761 1189 5814 Benedicti
1213 5765 1282 5813 auat.
1314 5759 1409 5812 Codex
1438 5757 1635 5826 Burgundicus
1659 5757 1756 5822 iustifi-

78 5845 207 5892 mutarn
221 5845 316 5892 uestra.
940 5841 1046 5888 cuntur.
