4090 6188
109 279 175 340 tuat
605 274 638 336 Ι).
653 271 786 337 NICOth
804 267 1001 334 1111091191
1019 265 1246 334 bissuhratlo.
1718 279 1785 344 lota

101 407 175 462 iram
196 403 247 462 Ilei
263 421 321 461 non
335 407 514 462 vererentur.
530 403 597 468 Quis
611 419 681 476 ergo
701 419 751 458 eos
771 417 828 458 uon
849 417 918 458 corr·
932 413 960 487 Α
972 400 1062 456 tiores
1075 399 1153 469 faeti,
1170 417 1203 456 ae
1224 401 1323 474 spiritu
1339 405 1431 476 magis
1445 420 1531 478 quam
1548 421 1634 463 carne
1651 407 1785 479 viventes,

102 501 232 567 damnet,
246 500 296 570 qui
311 499 424 554 tametsi
439 497 563 554 debitam
578 497 632 554 sibi
653 515 669 554 a
689 498 775 554 serris
789 497 847 552 siris
862 499 921 552 exi·
973 511 1078 571 magna
1093 496 1181 551 animi
1201 497 1332 552 firmitate
1350 497 1500 555 vincebant
1519 503 1646 572 corporis
1664 503 1784 561 infirmi·

100 597 207 664 gerent
229 593 407 656 servitutem,
429 609 462 647 ac
483 592 568 663 jussis
590 591 648 646 suis
671 607 730 646 non
757 591 923 646 obedientes
971 595 1058 644 tatem
1086 591 1163 662 (pag.
1192 591 1266 660 193).
1293 592 1432 647 Noverunt
1456 594 1574 666 insuper
1598 613 1628 650 se
1661 597 1786 654 adversis

99 687 210 758 llagris,
228 687 317 755 farne,
336 685 394 752 siti,
413 685 551 752 nuditate,
572 685 658 752 terro,
675 701 790 740 carcero
806 686 923 740 inulcta·
972 683 1086 756 prohari
1107 690 1135 739 et
1156 683 1345 751 corroborari,
1366 701 1398 748 ac
1422 688 1549 758 quamvis
1562 685 1731 746 'communis
1749 693 1786 747 sit

99 784 175 848 rent,
197 781 338 836 nolebant
349 785 447 834 tamen
462 778 655 850 omnipotenti
675 779 798 834 Dovnino
811 794 922 834 moram
972 777 1101 832 onunum
1124 777 1152 831 in
1175 778 1229 834 troc
1248 777 1364 845 mundo,
1381 779 1621 850 quemadmodum
1641 782 1670 838 iu
1683 784 1785 840 eadem

98 891 199 946 gerere
214 890 248 929 ac
268 873 372 930 servire
387 873 463 944 (pag.
485 871 556 943 t88).
576 873 631 927 Tot
652 871 749 944 itaque
768 888 802 927 ae
824 872 920 926 teritis,
972 871 1058 926 domo
1091 871 1272 926 merientium
1307 871 1449 940 conditio,
1476 873 1535 928 lore
1567 880 1660 930 maren
1691 881 1724 932 ut
1748 878 1785 934 ab

97 969 150 1022 sed
177 967 224 1036 iis,
252 984 322 1039 quas
351 971 525 1034 meruemnt,
551 964 712 1020 minoribns
741 965 834 1037 plagis
862 972 921 1020 noa
971 964 1095 1020 ethnicis
1114 965 1264 1036 posthanc
1278 965 1364 1021 vitam
1385 966 1518 1036 separati,
1532 969 1785 1028 aeternalelicitete

98 1061 279 1131 emendatos,
312 1060 384 1116 nihil
413 1059 491 1116 aliud
524 1059 670 1128 manebat,
704 1075 791 1131 qnam
824 1075 920 1114 career
970 1057 1125 1130 potiantur.
1138 1058 1259 1114 Publicis
1273 1059 1361 1130 igitur
1376 1075 1431 1114 uon
1447 1061 1703 1118 commovebantur
1715 1065 1787 1120 cela-

104 1161 240 1223 aeternus,
255 1171 287 1208 ee
299 1157 472 1226 perpetuum
485 1152 561 1224 ignis
574 1152 757 1224 supplicium.
971 1152 1126 1208 mitatibus.
1141 1155 1211 1208 Nam
1235 1153 1362 1223 deposita
1382 1153 1532 1210 nativitate
1546 1160 1671 1224 terrena,
1685 1163 1714 1212 et
1726 1157 1785 1230 spi-

141 1247 316 1304 Demetriani
329 1263 397 1302 vero
411 1246 615 1302 censcientiam
629 1246 667 1301 ibi
678 1246 808 1317 judicem
825 1246 920 1318 appel·
970 1246 1027 1302 ritu
1050 1246 1152 1316 renati,
1169 1262 1224 1300 non
1247 1245 1355 1302 narlado
1379 1247 1479 1319 utique
1497 1247 1638 1318 vivebant,
1655 1250 1701 1305 scd
1717 1252 1785 1320 Deo,

102 1343 153 1406 lat,
168 1341 297 1415 petitque
307 1357 364 1413 quo
374 1341 439 1412 jure
453 1341 513 1413 ipse
526 1339 663 1407 avaritiae,
677 1339 783 1409 livoris,
795 1339 920 1396 libidinis
969 1355 1056 1411 quem
1079 1357 1131 1412 pro
1153 1340 1316 1396 auferendis
1333 1345 1382 1396 aut
1402 1342 1596 1412 temperandis
1618 1343 1787 1400 calamitati-

102 1453 136 1492 ac
146 1435 300 1508 cujuslibet
311 1435 440 1490 criminis
454 1450 529 1502 rens,
541 1433 628 1506 possit
640 1433 675 1490 de
685 1433 809 1490 vindicta
822 1433 920 1490 divina
969 1433 1031 1500 bus,
1046 1450 1097 1505 pro
1111 1434 1239 1492 hostibus
1258 1435 1399 1504 arcendis,
1412 1453 1465 1508 pro
1481 1435 1669 1508 impetrandis
1684 1437 1784 1494 imbri·

100 1531 238 1603 conqueri
260 1529 338 1601 (pag.
359 1527 432 1598 189).
455 1527 523 1592 Oura
548 1526 626 1583 enim
644 1529 721 1599 justa
738 1527 823 1596 illius,
846 1529 918 1583 alio·
969 1527 1032 1596 bus,
1049 1528 1138 1584 immo
1154 1528 1238 1582 etiam
1253 1545 1305 1600 pro
1322 1527 1701 1600 ipsorummatcthnicorum
1714 1547 1785 1603 paea

99 1639 227 1696 rumque
241 1623 393 1696 gentilium
410 1621 446 1678 de
460 1621 542 1678 hellis
563 1627 624 1676 tum
644 1625 755 1694 poterat
773 1638 834 1677 esse
847 1637 918 1694 que·
967 1637 999 1676 ae
1014 1621 1114 1690 salute,
1131 1621 1257 1677 «diebus
1271 1638 1303 1678 ae
1318 1623 1448 1678 noctibus
1456 1623 1567 1696 jugiter
1579 1629 1667 1697 atqua
1679 1623 1786 1682 instan-

103 1717 238 1788 rimouia,
252 1733 317 1772 cum
335 1717 413 1772 nulla
430 1714 506 1772 inter
523 1721 604 1788 togas
621 1732 677 1788 pax
694 1716 788 1772 esset?
800 1716 868 1780 Quae
883 1716 918 1771 de
967 1721 1011 1771 ter
1025 1737 1041 1768 u
1056 1715 1255 1788 precabantur.

98 1811 251 1867 sterilitate
262 1815 291 1866 et
302 1811 376 1866 fama
387 1809 568 1882 conquestio,
578 1825 666 1881 quam
682 1809 796 1864 illorum
811 1780 956 1882 rapaci·B
1001 1809 1123 1866 Gentiles
1137 1809 1235 1881 itaque
1248 1826 1305 1865 nou
1315 1813 1450 1882 poterant
1464 1809 1515 1868 sibi
1531 1811 1635 1879 idcireo
1648 1811 1781 1882 blandiri,

99 1912 142 1961 tas
156 1905 297 1976 majorem
313 1903 535 1968 faciebatlouas
553 1903 588 1958 de
609 1907 689 1975 peste
703 1903 830 1975 querela,
851 1920 917 1960 eum
967 1903 1045 1976 quod
1066 1903 1096 1958 in
1118 1901 1237 1974 publicis
1259 1903 1466 1960 calamitatibus
1487 1906 1658 1975 eommunis,
1682 1906 1784 1962 saltem

99 2000 163 2072 ipsa
175 2000 223 2055 lue
238 1998 341 2054 sevior
354 2000 427 2054 esset
440 1997 568 2069 ipsorum
583 1995 613 2051 in
630 1997 783 2052 morientes
798 2001 827 2052 et
841 2014 919 2054 mor·
968 1997 1059 2068 quoad
1082 2013 1195 2069 corpus,
1216 2003 1290 2052 esset
1311 1997 1437 2069 ipsorum
1458 2003 1543 2070 atque
1557 1999 1784 2056 Christianorum

100 2099 176 2156 tuos,
197 2095 285 2165 etque
301 2093 336 2148 ed
357 2090 495 2163 rapienda
513 2091 627 2146 illorum
645 2089 721 2146 bona
742 2090 918 2147 erudelitas?
968 2090 1103 2155 conditio.
1118 2091 1178 2146 Non
1194 2091 1273 2146 enirn
1295 2096 1416 2163 propter
1433 2091 1616 2162 Christianos,
1631 2091 1681 2148 sed
1696 2107 1783 2165 prop-

100 2187 201 2243 h'onne
219 2185 307 2242 etiarn
327 2189 388 2241 tum
410 2183 527 2253 falsarii,
541 2183 670 2253 venefici,
689 2183 794 2255 sicarii,
814 2189 843 2240 et
862 2185 916 2240 ini·
968 2188 1012 2240 ter
1023 2183 1192 2240 contundam
1207 2185 1335 2257 ipsorum
1351 2184 1502 2256 gentilium
1515 2186 1629 2254 scelera,
1650 2185 1721 2240 etin
1735 2201 1783 2242 eo-

103 2281 239 2352 quissimi
252 2280 367 2352 judices
386 2279 502 2352 impunc
523 2278 747 2351 grassabantur?
761 2279 833 2334 Ceus
850 2295 918 2352 crgo
967 2294 1033 2333 rum
1055 2277 1222 2348 vindictam,
1242 2277 1326 2334 sicuti
1346 2295 1362 2333 a
1381 2279 1465 2334 sacris
1485 2279 1595 2336 vatibus
1613 2279 1782 2351 praedictum

100 2375 130 2430 in
147 2377 191 2430 tot
204 2373 345 2430 scelerum
364 2374 502 2430 ultionem
514 2373 581 2443 jure
602 2372 786 2429 meritissimo
808 2374 918 2430 sinebat
968 2371 1071 2440 luerat,
1088 2371 1213 2428 mundus
1228 2372 1411 2443 premebatur
1425 2374 1500 2445 (pag.
1516 2372 1588 2444 191).

103 2467 245 2524 muudum
261 2467 404 2538 maximis,
421 2484 490 2540 quas
512 2473 609 2522 tamen
627 2465 780 2539 prohibero
793 2469 916 2539 poterat,
1003 2467 1146 2520 Praeterea
1173 2464 1299 2536 improbi
1324 2466 1445 2537 gentiles
1469 2465 1673 2533 crudelioribus
1692 2467 1785 2524 adhuc

100 2561 310 2618 calamitatibus
324 2561 421 2618 vexari
436 2563 514 2634 (pag.
531 2560 605 2632 199).
968 2567 1032 2630 post
1053 2559 1184 2630 proxima
1207 2558 1335 2614 futurum
1359 2558 1452 2614 ultimi
1469 2559 1572 2630 judicii
1593 2559 1669 2616 diem
1692 2561 1784 2632 ponis

137 2655 339 2729 AEqulssimam
352 2659 491 2728 praeterea
505 2655 567 2727 ejus
580 2655 652 2710 iram
668 2655 864 2710 commovebat
877 2653 919 2711 in·
967 2651 1180 2721 eruoiabuntur,
1207 2669 1272 2725 quse
1298 2652 1430 2708 similiter
1453 2653 1489 2708 ab
1514 2652 1614 2710 iisdem
1639 2654 1785 2726 prophetis

101 2750 237 2805 satiabilis
250 2750 432 2806 ethnicorum
444 2750 546 2818 rabies,
556 2766 612 2822 qua
625 2749 800 2806 Christianos
814 2751 918 2806 contra
968 2745 1167 2818 prenuntiatus
1180 2749 1257 2802 sunt.
1273 2746 1343 2802 Nam
1357 2745 1430 2802 sieut
1442 2747 1510 2802 olim
1529 2762 1566 2802 ex
1579 2749 1700 2819 AEgypto
1715 2747 1784 2803 salvi

99 2845 199 2900 omnia
216 2844 357 2916 equitatis
366 2845 445 2916 jura,
461 2848 580 2916 propter
594 2844 686 2898 solum
705 2859 788 2898 suum
810 2860 918 2899 nomen
968 2845 1120 2896 evaserunt
1140 2840 1281 2909 israelitae,
1302 2827 1349 2912 qui
1373 2840 1527 2896 domorum
1546 2857 1662 2896 suerum
1683 2840 1784 2897 limina

99 2937 277 3010 quibuslibet
290 2937 473 2993 atrocissimis
485 2936 630 3008 suppliciis
640 2936 879 2993 excarnificabant
891 2942 919 2994 et
968 2934 1108 3006 sanguine
1123 2934 1191 3006 agni
1204 2933 1417 3006 insperserant:
1434 2933 1474 2990 ita
1486 2935 1506 2989 ii
1521 2934 1573 2991 soll
1586 2941 1709 2991 aeternos
1723 2951 1785 2992 cru·

100 3029 279 3106 981·75
308 3030 498 3088 trucidabant.
523 3030 552 3088 Si
579 3030 730 3088 Christiani
753 3031 831 3087 enim
852 3031 916 3087 illo·
968 3027 1057 3083 cintus
1078 3028 1268 3098 declinabunt,
1289 3027 1338 3100 qui
1364 3028 1478 3101 siguum
1507 3029 1656 3102 sanguinis
1679 3029 1783 3086 Christi

99 3141 166 3182 rum
186 3125 253 3182 deos
271 3124 414 3193 leserunt,
431 3141 483 3181 cur
501 3125 531 3180 bi
550 3124 669 3197 injurias
683 3141 748 3182 suas
761 3125 953 3224 tranquillae
968 3138 1027 3194 prae
1040 3138 1069 3176 se
1085 3121 1187 3178 terent.

101 3226 131 3276 et
144 3219 262 3291 impune
277 3218 469 3292 patiebantur,
485 3221 535 3275 aut
547 3219 750 3293 relinquebant
760 3219 796 3276 ab
812 3219 915 3274 iisdem
1002 3215 1136 3271 Etbnices
1150 3217 1244 3288 itaque
1260 3219 1359 3272 auctor
1371 3219 1468 3271 noster
1482 3215 1587 3272 itanum
1601 3217 1742 3287 hortetur,
1752 3219 1786 3273 ut

101 3313 225 3369 ethnicis
243 3318 384 3386 tanquam
398 3313 850 3385 potentioribuspropulsandas?
863 3313 917 3369 Sed
967 3307 1063 3383 976
1085 3309 1263 3380 resipiscant,
1287 3325 1319 3365 ac
1341 3309 1384 3365 vel
1406 3325 1471 3366 sero
1492 3309 1611 3365 tandem
1627 3315 1785 3383 agnoscant

99 3405 130 3463 hi
145 3406 266 3464 diiedeo
279 3406 437 3463 imbecilles
451 3407 743 3476 erant,utbominum
755 3407 918 3479 indigerent
967 3405 1066 3472 Deum,
1081 3403 1111 3458 in
1124 3419 1193 3476 quo,
1209 3406 1240 3458 ut
1259 3403 1405 3475 prophetae
1427 3409 1455 3459 et
1470 3403 1598 3459 Christus
1616 3404 1727 3474 docent,
1742 3409 1786 3462 est

101 3501 203 3570 tutela,
226 3503 293 3558 eta
320 3499 486 3557 Christianis
508 3501 642 3572 adjurati,
666 3500 793 3574 ipsorum
812 3502 915 3572 verbis,
966 3497 1034 3553 vita·
1063 3496 1247 3554 Credendum
1274 3496 1381 3570 quippe
1406 3496 1527 3566 Christo,
1553 3498 1603 3571 qui
1636 3515 1785 3572 nunquam

100 3611 159 3650 noa
175 3611 255 3651 secus
274 3611 308 3650 ac
321 3593 420 3668 tlagris
437 3598 465 3650 et
476 3594 642 3650 verberibus
653 3595 729 3664 caesi,
746 3601 917 3668 cogerentur
966 3591 1047 3660 lallit,
1070 3591 1121 3664 qui
1144 3591 1205 3648 hare
1228 3591 1326 3648 omnia
1350 3591 1447 3647 lutura
1468 3591 1610 3664 praedixit,
1635 3593 1683 3665 qui
1706 3592 1785 3651 dabit

97 3687 136 3744 ab
150 3687 271 3744 obsessis
286 3687 364 3744 exire
377 3688 543 3760 corporibus
557 3689 635 3761 (pag.
652 3688 725 3760 191).
739 3689 813 3755 Quin
829 3689 916 3746 etiam
966 3685 1032 3742 vitae
1048 3691 1165 3740 eternae
1184 3685 1345 3757 praemium,
1361 3685 1411 3757 qui
1429 3685 1552 3758 perfidos
1572 3692 1601 3742 et
1622 3685 1784 3744 incredulos

99 3781 294 3855 adigebantur
314 3784 426 3855 palam,
449 3788 478 3838 et
500 3781 530 3839 in
556 3783 688 3839 omnium
713 3781 800 3840 etiam
823 3785 915 3842 ethni·
968 3784 1030 3852 post
1056 3783 1215 3836 extremum
1243 3778 1386 3851 judicium
1412 3779 1555 3836 vivacibus
1583 3781 1658 3854 ignis
1684 3781 1787 3838 eterni

98 3897 199 3938 eorum
222 3897 270 3938 ora
298 3887 326 3939 et
351 3881 441 3938 ocutis
461 3899 525 3937 suas
544 3879 705 3956 prestigias
726 3881 860 3956 prodere,
885 3899 918 3939 aa
967 3873 1092 3930 flammis
1116 3871 1197 3929 exuri
1224 3873 1371 3946 precipiet
1396 3873 1474 3945 (pag.
1498 3873 1572 3947 tes).
1597 3874 1692 3932 Tantis
1717 3891 1784 3934 vero

97 3987 254 4036 venturum
265 3979 408 4053 judicium
431 3981 569 4038 munima,
592 3983 628 4037 Α)
646 3981 713 4054 quid
736 3981 871 4038 insulsius
890 3983 918 4038 ρ)
966 3967 1118 4024 tormentis
1133 3965 1250 4023 cruciati
1264 3966 1473 4039 spectabuntur
1486 3967 1568 4040 impii
1586 3967 1628 4024 illi
1641 3967 1783 4040 homines,

98 4077 264 4151 absurdius,
285 4096 371 4153 quam
399 4079 450 4136 hos
472 4081 560 4137 lalsos
586 4079 653 4136 deos
673 4079 761 4153 impio
783 4083 861 4138 cultu
884 4073 918 4138 ae
966 4059 1784 4134 ‘1¹¹5h⁰lf⁰¹²d⁰quideme³⁹dbl0lissfflssissfflflfflschffi·

96 4181 245 4252 prom„
272 4195 388 4252 empore
415 4179 466 4236 ,015
493 4179 527 4236 ab
554 4181 689 4250 homine,
717 4197 804 4253 quem
830 4187 918 4238 mm,
967 4155 1050 4211 tianis
1068 4153 1785 4230 inlllctorum,spectaeulocrudelesoeulospave·

98 4275 244 4346 sublimis,
260 4280 288 4332 et
304 4277 455 4333 erectusin
470 4277 570 4334 coelum
581 4278 686 4342 vultus,
701 4293 800 4336 verum
816 4285 843 4336 ct
855 4297 916 4338 ons·
967 4255 1042 4305 mut·
1058 4249 1130 4304 Tum
1150 4251 1246 4306 mm
1269 4249 1299 4304 hi
1317 4248 1383 4322 iffi
1400 4250 1439 4306 ΠΗ
1463 4250 1503 4306 ait
1524 4251 1678 4323 pmphem’
1698 4252 1784 4310 Μ’

95 4375 274 4448 utpotenrem
289 4375 377 4432 neum
397 4393 549 4449 agnosce„
570 4382 598 4432 ep
617 4378 763 4434 honorare
778 4378 917 4436 admone·
966 4341 1074 4400 buntur
1096 4343 1269 4416 insperatam
1294 4343 1410 4400 illorum
1428 4345 1560 4415 salutem,
1579 4361 1684 4419 eosque
1703 4361 1785 4403 erro·

96 4475 147 4530 hag
164 4475 241 4546 (με,
259 4473 345 4546 qpqpp
968 4453 1031 4494 rum
1046 4438 1243 4510 scelerumque
1258 4437 1370 4496 tardius
1384 4438 1541 4511 poenitebit.

926 4519 955 4595 D
1002 4531 1156 4588 Christiani
1181 4547 1274 4604 porro,
1292 4532 1341 4604 qui
1365 4533 1475 4588 nullum
1498 4533 1602 4602 odisse,
1624 4536 1653 4590 et
1674 4534 1784 4590 bonum

968 4643 1019 4698 pro
1047 4625 1120 4682 malo
1150 4625 1271 4682 reddere
1298 4626 1468 4696 didicerant,
1493 4627 1614 4684 ethnicis
1640 4643 1692 4699 pro
1718 4627 1784 4684 odio

967 4720 1164 4794 rependebant
1185 4719 1427 4787 benevolentiam,
1450 4737 1483 4776 ac
1507 4736 1558 4793 pro
1580 4721 1729 4778 tormentis
1750 4737 1784 4778 ae

967 4814 1113 4888 suppliciis
1133 4815 1332 4870 monstrabant
1351 4815 1452 4870 salutis
1472 4820 1585 4872 eterne
1600 4815 1664 4872 iter.
1679 4815 1785 4872 Omnes

968 4915 1075 4978 autem,
1098 4909 1235 4981 quamdiu
1257 4907 1364 4981 aliquid
1384 4908 1419 4965 de
1440 4909 1493 4965 hoc
1514 4911 1617 4966 servito
1641 4913 1783 4982 superest,

968 5019 1033 5060 eam
1053 5005 1187 5077 consequi
1211 5007 1339 5075 possunt,
1367 5003 1455 5060 modo
1479 5008 1609 5077 srrseepta
1628 5019 1695 5061 vera
1721 5004 1785 5060 reli-

134 4573 355 4629 Demetriauum
374 4589 444 4645 ergo
459 4573 587 4646 aliosque
601 4573 719 4647 gentiles
733 4573 871 4643 bortatur,
884 4581 918 4632 ut

100 4688 132 4727 se
146 4671 183 4727 ad
204 4689 302 4728 verum
316 4673 405 4728 Deum
418 4676 595 4746 convertant,
609 4673 728 4729 credant
748 4674 869 4747 Christo,
885 4692 917 4732 ac

97 4765 233 4822 desinant
253 4767 314 4838 ejus
333 4767 437 4824 laedere
456 4783 561 4838 servos,
582 4783 654 4840 quos
673 4767 813 4840 patientes
831 4769 916 4827 lacie-

94 4865 148 4922 bat
163 4865 199 4920 de
215 4865 311 4921 tritura
326 4865 434 4922 ultione
449 4867 596 4923 securitas.
610 4869 685 4922 Deus
704 4868 810 4941 quippe
826 4869 917 4924 mani·

95 4965 284 5021 festissimum
311 4964 429 5022 ultiouis
456 4983 514 5022 susa
541 4972 571 5023 et
598 4965 713 5022 illorum
744 4967 918 5024 detensionis

95 5065 305 5132 documentum
322 5065 409 5136 paulo
425 5069 512 5120 autea
526 5064 656 5134 dederat,
673 5087 687 5116 e
701 5066 790 5122 ruinis
803 5081 916 5138 regum,
968 5099 1054 5169 8ἰοῃο
1088 5097 1145 5152 Deo
1174 5096 1364 5155 satisfaciam·
1389 5099 1512 5155 manenti
1542 5098 1649 5155 emim
1675 5099 1706 5155 in
1730 5099 1785 5156 hoc

90 5161 217 5235 jacturis
230 5178 328 5235 opum,
343 5162 495 5235 dispendio
510 5163 643 5232 militurn,
655 5163 846 5220 diminutione
859 5179 917 5220 oas-
967 5191 1076 5248 mundo
1090 5192 1168 5248 nup,
1182 5191 1352 5264 mummia
1373 5207 1438 5250 ,em
1456 5198 1507 5262 ω),
1524 5192 1576 5249 ,ed
1597 5193 1680 5250 venia
1694 5193 1783 5250 confi,

96 5264 222 5316 lfflfum·
236 5279 251 5312 a
266 5261 445 5334 Qual'ffll'ter
460 5261 528 5318 inde
544 5265 645 5318 ⁸¹¹⁰¹⁰l
661 5266 758 5318 ΜΘ)
772 5261 919 5318 ὓῦῃθωῶῑ
967 5285 1038 5341 tenti
1053 5283 1147 5354 datur,
1164 5289 1193 5342 et
1205 5286 1336 5342 eredenti
1348 5287 1540 5360 indulgentia,
1556 5288 1786 5360 quemchristus

94 5359 228 5434 publicas
247 5359 426 5416 calamitates
447 5359 593 5429 accidisse,
609 5377 666 5416 non
689 5360 719 5416 in
741 5359 916 5418 Christiano·
967 5377 1117 5450 sanguinis
1136 5379 1180 5434 ,ui
1202 5380 1296 5452 pretio
1317 5380 1454 5452 pmpgqup,
1472 5382 1651 5454 inapropter
1670 5389 1785 5445 cunct„

93 5475 175 5524 rums
189 5457 239 5514 ⁵⁰⁶
255 5458 405 5530 gemilium
419 5475 535 5532 poenam
550 5465 580 5516 θ)
595 5457 746 5516 91909919·
967 5473 1128 5545 Cyprianus
1151 5489 1251 5528 rursus
1275 5475 1452 5544 cohortatur,
1478 5481 1509 5531 ut
1541 5475 1640 5545 illum,
1668 5475 1692 5532 si
1723 5475 1786 5532 lieri

132 5557 231 5629 Neque
252 5557 320 5615 sinit
341 5558 394 5614 sibi
415 5559 500 5630 objici
520 5558 653 5632 iniquum
672 5559 732 5615 lore
752 5560 852 5625 ticum,
867 5557 916 5629 qul
967 5569 1071 5640 potest,
1086 5565 1188 5623 dircem
1207 5567 1246 5623 ita
1261 5575 1425 5642 sequantur,
1439 5575 1471 5627 ut
1485 5573 1685 5643 postmortem
1699 5575 1782 5627 retar-

92 5655 206 5730 patitur
223 5655 297 5724 illos,
318 5655 392 5712 sieut
413 5657 545 5729 gentiles,
566 5657 653 5712 tantis
673 5655 798 5714 cladibus
814 5655 917 5712 involvi
967 5679 1005 5718 na
1019 5677 1085 5718 oum
1099 5659 1147 5717 illo
1162 5661 1294 5718 truantur
1307 5663 1442 5722 felicitate
1456 5664 1531 5739 (pag.
1552 5665 1627 5738 199).

92 5761 124 5812 et
139 5754 275 5827 opprimi.
298 5755 357 5814 Soti
370 5755 519 5814 enimvero
538 5757 662 5830 gentiles
680 5773 728 5814 eas
745 5755 916 5826 merebant,

91 5853 221 5916 minima
236 5869 304 5914 vero
325 5853 486 5930 Christiani,
503 5855 553 5932 qui
572 5853 608 5914 ds
627 5854 732 5917 tuturis
754 5853 838 5912 bouis
852 5871 915 5914 cer·
