4080 6200
258 228 310 284 ru
719 221 1476 284 scrrnrimcrnaouraes1.-nr1sroan.
1887 231 1937 288 cic
2033 185 2036 192 Α

259 349 420 422 spectaculo
440 349 589 406 revertitur
603 347 748 420 impudica
766 348 832 421 (68).
848 348 946 404 Adhuc
963 346 1077 415 deinde,
1089 348 1266 433 Aministris
1291 351 1388 405 avibus
1419 345 1559 422 prosilire.
1588 349 1687 414 Quaere
1713 348 1776 420 jam
1802 364 1876 408 nunc
1904 369 1937 408 an

261 460 373 499 snorum
388 445 495 515 quanta
508 443 596 510 labes,
604 459 669 515 qum
684 441 853 514 probrorum
864 443 1001 508 fomenta,
1014 455 1078 512 que
1129 443 1219 514 possit
1241 459 1302 498 esse
1322 445 1371 516 qui
1394 446 1502 514 spectat
1524 442 1635 515 integer
1657 441 1703 497 vel
1726 443 1854 515 pudicus.
1874 427 1940 502 ileos

259 536 395 593 alimenta
414 537 438 574 ⁷⁸
464 535 608 604 vitiorum,
633 535 809 591 histrionicis
830 535 958 607 gestibus
980 534 1077 606 inqui·
1129 534 1226 609 212
1253 553 1317 592 suos
1339 537 1364 572 ⁸⁰
1389 552 1459 608 quos
1485 541 1661 592 venerantur
1685 535 1846 607 imitantur,
1870 538 1940 595 liunt

260 631 331 699 irari,
352 629 450 685 ridere
474 633 574 684 contra
594 629 685 685 foedus
703 629 808 701 jusque
831 627 967 684 nascendi
982 629 1006 663 ⁷⁵
1026 644 1076 700 pa·
1128 629 1238 685 miseris
1251 633 1280 684 et
1292 629 1461 702 religiosa⁸²
1478 628 1579 685 delicta
1595 628 1661 700 (Ἱῖ).

263 723 396 779 tientiem
408 723 523 779 inceste
542 721 727 794 turpitudinis
745 717 941 778 elaboratami
962 721 1076 778 Eviran-
1163 725 1207 780 ili.
1225 722 1247 779 0
1279 725 1301 779 si
1324 723 1425 794 possis,
1449 723 1479 778 in
1496 722 1545 778 iila
1567 722 1682 778 sublimi
1702 724 1817 795 specula
1840 726 1941 780 consti-

262 824 307 871 iur
322 832 416 872 maras
429 815 496 888 (69),
506 816 599 872 honor
612 815 706 872 omnis
715 819 744 871 et
758 815 839 887 rigor
852 831 934 871 sexus
947 815 1072 872 enervati
1128 821 1224 886 tutos,
1258 817 1354 872 oculos
1386 819 1450 872 taos
1480 817 1604 872 inserere
1637 816 1770 886 secretis,
1801 817 1943 874 recludere

261 909 388 982 eorporis
414 909 553 965 dedecore
584 909 729 976 mollitur,
751 909 873 981 plusque
899 909 956 965 illic
983 909 1079 980 placet
1129 911 1327 966 cubiculorum
1342 909 1478 966 obductas
1491 909 1578 977 iores,
1592 913 1621 966 et
1638 910 1673 965 ad
1691 910 1943 966 conscientiamlu-

261 1003 390 1076 quisquis
408 1003 504 1059 virum
519 1003 549 1058 in
569 1003 710 1058 feminam
728 1002 822 1074 magis
834 1003 953 1074 fregerit
966 1002 1031 1076 (70).
1046 1002 1077 1057 ln
1131 1004 1243 1060 minum
1269 1003 1427 1076 penetralia
1459 1004 1568 1058 occulta
1592 1003 1737 1060 reseraret
1766 1003 1885 1075 aspicias
1910 1004 1943 1059 ab

257 1096 373 1152 laudem
402 1096 504 1151 crescit
523 1097 548 1131 ⁷⁶
570 1111 604 1150 ex
624 1095 754 1164 crimine,
779 1101 807 1151 et
830 1096 948 1168 peritior
969 1095 992 1130 ⁷⁷
1020 1113 1077 1168 quo
1129 1097 1284 1171 impudicis
1298 1099 1360 1170 geri
1374 1098 1451 1169 quod
1464 1112 1516 1153 nec
1529 1096 1615 1168 possit
1626 1095 1753 1168 aspicere
1767 1097 1845 1152 frons
1856 1097 1879 1132 ⁸¹
1894 1113 1944 1168 pu·

260 1189 370 1262 turpior
385 1189 440 1262 (ii)
459 1189 615 1261 judicatur.
639 1189 788 1261 Spectatur
810 1189 866 1257 hic,
883 1189 956 1260 proli
978 1189 1075 1244 nefasl
1128 1193 1200 1258 dica,
1214 1192 1309 1247 rideas
1321 1191 1397 1262 qood
1415 1190 1522 1245 crimen
1535 1190 1572 1245 sit
1586 1193 1615 1246 et
1634 1189 1745 1258 ridere,
1759 1188 1855 1245 videas
1868 1189 1943 1261 quod

260 1287 288 1338 et
299 1283 421 1339 libenter
434 1283 468 1339 ⁷⁸.
484 1283 556 1349 Quid
569 1299 628 1338 non
642 1282 733 1353 possit
744 1282 864 1338 suadere
878 1283 928 1354 qni
942 1283 1007 1338 talis
1020 1282 1077 1338 esti
1127 1285 1260 1340 vitiorum
1271 1285 1369 1339 furore
1388 1283 1539 1338 dementes
1555 1283 1579 1318 ⁸³
1605 1282 1727 1356 gessisse
1745 1299 1775 1338 se
1797 1287 1903 1355 negant
1916 1287 1945 1338 et

259 1377 350 1434 Mutet
362 1393 470 1446 sensus,
485 1377 592 1432 mulcet
604 1375 733 1445 affectus,
748 1382 892 1448 expugnat
904 1376 972 1432 boni
983 1380 1075 1446 pecto·
1128 1395 1227 1450 gerere
1246 1378 1383 1434 festinant
1403 1395 1410 1434 :
1434 1375 1601 1432 libidinibus
1621 1375 1730 1432 insanis
1752 1376 1784 1430 in
1802 1375 1876 1432 viros
1893 1375 1945 1431 riri

169 1481 170 1484 ’
260 1469 299 1526 ris
311 1471 514 1526 conscientiam
527 1470 692 1540 fortiorem
712 1486 764 1525 uec
776 1468 856 1525 deest
874 1469 973 1541 probri
993 1469 1072 1525 blan·
1127 1475 1267 1544 proruunt
1274 1489 1283 1540 ;
1298 1470 1372 1527 liunt
1385 1486 1450 1542 quae
1465 1485 1519 1526 aec
1533 1470 1590 1526 illis
1600 1470 1623 1507 ⁸⁸
1637 1473 1759 1542 possunt
1770 1469 1882 1541 placere
1897 1469 1946 1541 qui

261 1563 364 1620 dientis
388 1563 559 1630 auctoritas,
590 1566 622 1618 ut
643 1563 742 1619 auditu
773 1563 906 1618 molliore
936 1563 1077 1635 pernicies
1126 1565 1244 1621 faciunt.
1254 1565 1375 1620 Mentior
1389 1563 1445 1620 nisi
1460 1565 1531 1619 alios
1543 1561 1592 1636 qui
1605 1563 1669 1620 talis
1680 1566 1723 1618 est
1735 1563 1948 1636 increpatfur·

261 1657 426 1713 hominibus
445 1657 576 1730 obrepet.
598 1656 770 1729 Exprimunt
797 1656 970 1728 impudicam
990 1657 1077 1712 tiene-
1133 1676 1182 1732 pes
1196 1659 1287 1732 turpis
1302 1658 1441 1727 infamat;
1458 1663 1486 1713 et
1501 1657 1623 1713 evasisse
1640 1673 1669 1712 sc
1688 1656 1837 1712 conscium
1850 1655 1945 1725 credit,

264 1767 336 1820 rem,
355 1751 516 1808 adulterum
541 1752 669 1819 blaciam,
690 1753 787 1807 iovem
805 1750 888 1807 illum
907 1767 1001 1820 suum,
1023 1768 1083 1807 non
1094 1723 1121 1796 Β
1133 1753 1215 1825 quasi
1228 1751 1406 1808 conscientia
1416 1750 1471 1824 (73)
1485 1751 1553 1806 setis
1564 1767 1623 1806 non
1635 1750 1681 1806 sit.
1693 1749 1781 1806 iidem
1795 1749 1826 1804 in
1839 1748 1948 1821 publico

264 1846 357 1917 magis
384 1861 475 1917 regno
499 1861 585 1917 quam
607 1845 683 1900 vitiis
702 1843 873 1917 principem,
903 1845 932 1899 in
953 1847 1084 1901 terrenos
1134 1849 1321 1912 accusatores,
1335 1845 1365 1900 in
1387 1843 1498 1900 occulto
1518 1843 1569 1913 rei,
1584 1843 1614 1898 in
1636 1843 1803 1915 semetipsos
1821 1857 1948 1897 censores

266 1953 381 1994 amores
394 1953 460 1994 cum
484 1938 551 2009 ipsis
570 1937 628 1992 suis
651 1937 819 1993 fulminibus
835 1938 992 2007 ardentem,
1008 1955 1085 1994 nune
1139 1939 1246 2012 pariter
1260 1945 1288 1995 et
1301 1941 1437 1994 nocentes
1451 1954 1458 1994 :
1474 1936 1613 1994 damnant
1624 1937 1694 1993 foris
1708 1936 1785 2010 quod
1800 1937 1878 1990 intus
1889 1951 1950 2006 ope-

262 2032 293 2086 in
316 2031 430 2106 plumas
453 2030 539 2086 oloris
562 2031 702 2088 albescere
729 2032 763 2100 ⁷⁹,
787 2047 864 2087 aune
884 2047 972 2088 aureo
992 2031 1085 2088 imbre
1135 2037 1252 2103 rantur;
1267 2031 1423 2088 admittunt
1434 2031 1556 2088 libenter
1574 2030 1651 2103 quod
1663 2047 1729 2086 cum
1749 2029 1948 2086 admiserint⁸⁵

264 2125 402 2195 defluere,
418 2141 496 2181 nunc
519 2125 548 2181 in
570 2141 727 2198 puerorum
747 2124 965 2196 pubescentium
988 2132 1086 2198 raptus
1135 2126 1326 2182 criminantur
1340 2142 1346 2180 :
1362 2125 1481 2182 audacia
1500 2140 1616 2196 prorsus
1635 2139 1700 2179 cam
1717 2123 1791 2180 vitiis
1803 2122 1911 2178 faciens
1925 2121 1948 2158 ⁸⁸

954 2249 1057 2315 Variae
1082 2251 1253 2315 lectiones.

288 2375 309 2410 ⁷⁴
324 2377 507 2428 incitamenta
523 2377 589 2426 Vici.
637 2375 659 2411 ⁷⁵
673 2375 836 2442 Legemque
848 2376 983 2428 nascendi
1007 2379 1073 2428 Voss.
1120 2376 1188 2429 ”iit
1203 2375 1313 2429 laudem
1328 2377 1508 2443 consequitor
1522 2377 1586 2426 Vici.
1632 2373 1653 2410 ⁷⁷
1665 2375 1706 2426 Eo
1720 2374 1838 2440 peritior
1854 2371 1913 2422 uod.
1925 2371 1948 2421 3·

258 2445 279 2480 ⁷⁸
293 2447 422 2498 Libenter
433 2447 589 2501 admittitur
606 2447 675 2498 Voss.
690 2448 715 2497 i.
749 2445 770 2480 ⁷⁹
782 2445 943 2499 Florescere
958 2449 1027 2511 Spir.
1043 2450 1108 2499 dem.
1157 2447 1178 2481 ³⁰
1193 2447 1264 2500 Cum
1289 2449 1356 2500 deos
1375 2449 1442 2499 Voss.
1468 2449 1492 2498 i.
1526 2445 1551 2480 ⁸¹
1575 2447 1682 2498 hiiseris
1703 2441 1948 2512 religiossimi.

258 2515 368 2571 ⁸¹¹ideas
382 2519 452 2568 turra
468 2517 522 2568 irc.
537 2520 560 2568 i.
576 2517 652 2568 libor.
698 2516 718 2552 ⁸³
738 2517 889 2570 Gementes
911 2517 980 2581 Spr'r.
1004 2520 1070 2568 bem.
1093 2519 1168 2570 tirus.
1213 2517 1306 2570 uiliis
1324 2520 1392 2584 ipsis
1414 2520 1486 2570 Pom.
1532 2516 1686 2570 ⁸⁵iituiios
1701 2531 1768 2569 cum
1790 2511 1952 2567 admiserint

258 2587 322 2637 lior.
369 2585 390 2620 ⁸⁶
405 2587 458 2640 Pro
469 2587 603 2640 conviciis
614 2587 719 2638 faciens
733 2589 808 2639 liras.
826 2587 936 2640 Faveas
952 2589 1020 2639 mm.
1036 2589 1094 2639 Bru.
1109 2589 1185 2640 libor.
1202 2589 1343 2642 Conviciis
1358 2590 1463 2642 faciens
1477 2589 1549 2654 Spir.
1565 2591 1632 2640 item.

913 2698 1025 2782 Stepb.
1050 2699 1171 2763 Baluzii
1194 2707 1296 2764 notae.

254 2809 390 2872 auotorp.
406 2807 462 2869 aar,
488 2823 503 2854 a
525 2805 610 2872 pudet
629 2806 731 2857 referre
760 2819 824 2872 quas
850 2805 991 2870 dicuntur,
1016 2821 1071 2872 pu·
1119 2810 1290 2876 imaginibus
1303 2809 1520 2861 fornicationum
1534 2809 1627 2860 omnis
1647 2809 1728 2873 plebs
1743 2810 1840 2862 animo
1860 2811 1948 2862 forni-

180 2893 181 2902 ¹
254 2878 301 2932 det
315 2880 395 2931 etiam
409 2891 543 2931 accusare
566 2891 630 2943 que
652 2878 735 2938 flunt,
756 2883 983 2942 argumentorum
1001 2883 1071 2930 stro·
1121 2879 1658 2946 catur,stquiforteadspectaculum
1679 2882 1908 2944 pertraherent,
1932 2895 1947 2933 a

253 2950 333 3014 phas,
344 2947 533 3000 adulterorum
548 2947 681 3010 fallacias,
701 2947 850 3000 mulierum
872 2948 1070 3012 impudicitias,
1120 2952 1227 3003 theatro
1242 2951 1359 3003 adulteri
1376 2954 1566 3004 revertuntur.
1587 2966 1602 3001 a
1652 2952 1654 2958 '

255 3021 383 3072 scurriles
410 3022 501 3084 jocos,
527 3020 663 3084 parasitos
687 3019 827 3082 sordidos,
856 3021 931 3086 ipsos
958 3031 1071 3085 quoque
1152 3021 1203 3086 (dili
1219 3023 1366 3072 fioiruntur
1387 3035 1483 3071 mores.
1507 3020 1603 3072 Codex
1622 3021 1792 3072 beatiensis:
1814 3041 1830 3070 α
1852 3023 1944 3076 Hebe·

254 3091 465 3156 patresfamilias
485 3095 592 3154 togatos
613 3090 696 3141 modo
719 3092 854 3156 stupidos,
876 3091 958 3142 modo
973 3092 1071 3143 obsce·
1123 3095 1195 3144 tatur
1210 3094 1293 3144 maris
1307 3093 1397 3144 honor
1409 3093 1438 3144 in
1452 3091 1624 3152 hominibus,
1641 3097 1670 3142 et
1682 3093 1770 3156 rigor,
1785 3111 1799 3138 s
1815 3099 1873 3145 eie.

254 3175 315 3225 nos,
329 3162 500 3213 inomnibus
520 3161 645 3224 stolidos,
665 3162 693 3212 in
709 3161 840 3212 omnibus
858 3132 1109 3214 inverecundosC
1154 3164 1200 3225 (70)
1223 3163 1313 3214 Virum
1337 3165 1366 3212 is
1388 3162 1515 3226 [ominum
1529 3162 1652 3226 [reperit.
1680 3163 1764 3224 infra,
1784 3165 1866 3228 epist.
1894 3165 1946 3216 di:

256 3235 370 3285 Etcum
388 3232 459 3283 nulii
484 3233 630 3283 hominum
653 3235 700 3282 aut
722 3235 885 3295 geneciani
907 3233 1070 3296 professioni
1120 3233 1258 3284 «Docens
1280 3247 1336 3300 quo
1362 3233 1445 3286 modo
1469 3234 1613 3285 masculus
1641 3235 1785 3298 frangatur
1813 3237 1843 3286 iu
1865 3236 1944 3287 ferni-

256 3303 291 3354 ab
328 3303 517 3367 improborum
545 3304 662 3354 istorum
693 3314 821 3353 sermone
859 3307 1003 3367 parcatur,
1034 3302 1071 3352 ab
1120 3317 1224 3354 nam.»
1244 3305 1391 3356 Salvianus
1410 3304 1458 3356 lib.
1475 3317 1524 3365 vn,
1552 3317 1614 3369 cap.
1643 3305 1674 3356 ie
1705 3319 1712 3354 :
1741 3303 1845 3356 «Cum
1872 3310 1946 3358 enim

257 3374 387 3425 omnibns
406 3379 499 3425 tamen
525 3375 560 3424 ad
584 3374 775 3438 spectaculum
798 3374 971 3426 convenitur.
988 3372 1072 3425 Com-
1121 3375 1285 3428 muliebrem
1299 3374 1426 3426 habitum
1453 3375 1504 3426 viri
1525 3380 1687 3435 sumerent,
1709 3379 1736 3426 et
1760 3377 1850 3441 magis
1866 3390 1948 3441 quam

256 3456 342 3495 mune
357 3443 478 3496 dedecus
494 3444 622 3505 delectat,
638 3443 731 3495 ridere
743 3446 789 3496 vei
805 3457 1004 3511 recognoscere
1017 3445 1072 3494 otia
1121 3447 1251 3498 mulieres
1284 3445 1400 3512 madum
1431 3445 1595 3510 frangerent.
1621 3461 1635 3492 s
1662 3445 1803 3496 arnobius
1832 3447 1881 3498 lib.
1902 3459 1941 3496 u:

254 3517 299 3567 rel
312 3514 428 3567 discere.
443 3515 625 3568 Concurriiur
642 3515 700 3567 illic
714 3515 749 3566 ad
773 3515 908 3580 pudorem
927 3516 1072 3580 pubiicum
1122 3516 1278 3582 «vigorem
1292 3516 1431 3567 virilitatis
1455 3527 1596 3579 exponere
1615 3519 1643 3565 et
1663 3515 1692 3565 in
1719 3514 1849 3567 habitum
1864 3517 1943 3568 temi-

254 3588 406 3652 lupanaris,
433 3587 469 3639 ad
495 3588 678 3640 obscenitatis
694 3588 906 3652 magisterium,
931 3601 967 3638 ne
1005 3585 1073 3652 quid
1120 3600 1221 3637 aarum
1241 3586 1411 3650 deliciasque
1434 3585 1582 3636 mollire.»
1602 3584 1793 3648 Hieronymus
1826 3587 1855 3636 in
1885 3588 1947 3650 Epi·

256 3661 362 3710 secreto
376 3658 572 3722 minusagatur
585 3672 669 3724 quam
682 3659 758 3724 qarod
770 3661 799 3709 in
811 3657 926 3722 publico
939 3658 1071 3719 discitur;
1120 3657 1189 3709 statu
1203 3659 1239 3708 od
1252 3657 1421 3710 Heliodorum
1437 3671 1446 3706 .·
1466 3675 1480 3704 a
1493 3657 1597 3707 Histrio
1621 3657 1725 3708 fractus
1748 3658 1777 3707 in
1798 3657 1947 3710 feminam·

256 3734 285 3782 et
299 3729 372 3780 inter
383 3731 457 3795 ipsas
479 3730 555 3795 leges
571 3730 688 3781 docetur
704 3729 841 3794 quidquid
857 3728 965 3793 legibus
982 3729 1071 3779 inter·
1122 3730 1319 3792 Tertullianus,
1335 3731 1362 3779 in
1377 3727 1448 3779 libro
1462 3728 1494 3780 de
1511 3727 1671 3792 Spectaculis
1694 3744 1701 3776 :
1722 3747 1736 3774 «
1752 3728 1823 3792 Quae
1838 3733 1943 3796 privata

256 3799 365 3852 dicitur.
388 3799 462 3863 Quid
489 3800 560 3852 inter
587 3801 649 3852 haec
676 3799 853 3852 Christianus
880 3797 972 3850 fidelis
994 3799 1071 3860 iacit,
1121 3801 1271 3866 etpropria
1290 3804 1357 3851 sunt
1385 3812 1486 3860 scenae,
1509 3798 1646 3862 degesta
1670 3804 1699 3850 st
1721 3799 1796 3850 flexu
1822 3803 1946 3866 corporis

256 3872 303 3922 cut
318 3871 385 3920 vitia
398 3884 454 3921 non
467 3871 532 3922 licet
552 3883 606 3924 nec
626 3871 755 3934 cogitare,
775 3869 845 3935 quid
866 3870 1073 3921 oblectatursl-
1121 3872 1246 3923 mollitiae
1261 3871 1376 3923 Veneris
1395 3874 1424 3922 et
1446 3870 1536 3920 Liberi
1562 3870 1753 3920 immolent.»
1776 3871 1945 3932 Lactantius,

257 3940 390 3993 malueris
411 3941 545 4004 libidinis,
568 3945 600 3992 ut
622 3943 651 3991 in
671 3942 737 4005 ipsis
755 3941 880 4006 deposita
905 3940 1073 3992 verecundia
1121 3942 1170 3994 lib.
1194 3955 1234 4003 vr,
1249 3954 1309 4008 cap.
1339 3941 1371 3992 io
1395 3956 1401 3990 :
1429 3959 1444 3986 a
1473 3941 1647 3990 Histrionum
1672 3954 1785 4006 quoque
1810 3942 1946 4006 impudici

256 4012 387 4064 audacior
400 4013 448 4064 flat
460 4012 495 4063 ad
508 4013 624 4065 crimine
637 4013 651 4062 i
664 4012 753 4064 Discit
765 4017 792 4062 et
806 4013 898 4064 facere
915 4011 982 4063 dum
1002 4025 1072 4063 con·
1122 4017 1215 4064 motus
1229 4013 1299 4078 quid
1312 4011 1389 4063 aliud
1411 4012 1465 4062 nisi
1485 4011 1616 4064 libidines
1637 4012 1739 4063 doceat
1756 4017 1783 4064 ei
1803 4013 1946 4079 instigant,

258 4083 361 4135 suescit
375 4084 477 4136 videre.
492 4101 506 4130 »
1122 4097 1241 4150 quorum
1251 4088 1382 4136 enervata
1395 4096 1511 4148 corpora
1524 4086 1552 4134 et
1566 4084 1595 4133 in
1611 4083 1780 4135 muliebrem
1801 4085 1945 4137 incessum

1122 4155 1304 4220 habitumque
1324 4153 1431 4205 mollita
1458 4153 1615 4218 impudicas
1642 4155 1760 4205 feminas
1791 4153 1947 4208 inhonestis

257 4217 338 4278 cimil
366 4217 440 4282 apud
457 4217 588 4281 Plisslumr
610 4217 658 4267 lib·
678 4230 707 4279 V·
738 4219 817 4281 θΡῑῦῑ»
849 4217 888 4279 ¹⁸,
915 4216 1074 4267 mafi'tmssli'i
1123 4226 1246 4290 gestibus
1274 4225 1473 4277 manticulari
1499 4239 1514 4272 s
1542 4223 1663 4276 Sanctus
1700 4224 1881 4287 Ambrosius,
1918 4227 1946 4276 in

257 4290 395 4352 prouitoa,·
409 4289 437 4338 in
460 4288 532 4339 libro
555 4287 680 4339 secundo
698 4287 863 4338 Tertulliani
890 4287 922 4338 de
945 4287 1023 4338 cuttu
1037 4286 1051 4350 f
1064 4313 1075 4323 -
1123 4297 1244 4362 Epistola
1257 4297 1292 4348 aa
1306 4297 1431 4348 sabinum
1447 4297 1612 4359 episcopum
1625 4310 1631 4344 :
1646 4313 1661 4340 a
1675 4295 1751 4358 Quid
1773 4297 1874 4361 utrque
1893 4301 1946 4347 ram

256 4361 400 4411 minitrum-
421 4358 589 4411 matronalis
611 4359 809 4420 (timiama,
830 4364 857 4411 θῑ
882 4358 956 4422 itii&
971 4363 1074 4409 muiro-
1125 4368 1247 4420 deforme
1261 4367 1363 4419 visibili
1375 4367 1536 4431 spectaculo
1548 4379 1633 4430 quam
1648 4365 1827 4418 histrionicos
1837 4369 1947 4418 sinuare

255 4429 330 4480 uulsa
344 4432 372 4480 in
394 4429 465 4481 libro
490 4429 522 4480 dc
544 4430 711 4481 idololotria.
733 4431 921 4494 Lampridius,
944 4432 972 4480 in
987 4429 1075 4480 ilatio·
1125 4445 1220 4502 gestus
1237 4443 1265 4489 er
1285 4439 1405 4488 femineo
1423 4450 1477 4487 usu
1501 4436 1611 4487 mollire
1632 4437 1782 4488 membra?
1795 4457 1809 4483 »
1824 4438 1946 4489 pmdgn.

255 4501 379 4566 paucio:
405 4519 419 4548 s
445 4501 528 4552 Facta
552 4505 618 4552 eunt
647 4502 676 4554 S·
703 4500 735 4553 C·
760 4501 879 4554 ridicula
904 4500 938 4552 us
966 4498 1190 4572 leuibusDuus
1205 4511 1233 4560 in
1250 4508 1474 4572 Humurtipmio:
1490 4526 1504 4553 a
1528 4507 1620 4571 Turpe
1643 4508 1840 4559 semivirorum
1861 4521 1947 4559 mern-

253 4575 628 4642 matronalibus.>›lilegans
652 4581 694 4628 esi
713 4582 741 4627 et
759 4575 860 4641 dignus
881 4576 979 4627 referri
998 4576 1076 4626 locus
1125 4581 1174 4632 bra
1197 4581 1326 4632 theatrali
1350 4583 1458 4646 spectat
1484 4579 1621 4644 vertigine
1648 4580 1721 4631 ferri.
1748 4595 1764 4627 a
1792 4580 1829 4630 Et
1855 4579 1946 4631 infre:

254 4647 418 4702 Columellae
439 4650 473 4701 de
499 4651 605 4702 maritis
624 4649 659 4701 ad
679 4651 760 4702 villas
783 4663 850 4702 suas
869 4651 1008 4717 proficisci
1029 4663 1077 4702 cu·
1125 4672 1139 4700 a
1155 4653 1259 4704 cernas
1276 4651 1438 4702 mollescere
1457 4651 1537 4702 cultu
1562 4649 1662 4700 heroas
1688 4650 1839 4702 vetulos.»
1864 4649 1947 4702 Colu-

254 4723 602 4790 pientibus.Sicergoait
624 4724 711 4786 libr,
736 4737 795 4789 cop.
819 4726 897 4776 iz«
916 4723 1076 4775 iucundius
1126 4717 1217 4784 maile,
1244 4724 1274 4773 in
1301 4721 1458 4785 Prasfciimra
1481 4721 1618 4772 librorum
1656 4721 1687 4772 de
1713 4721 1889 4786 Agricultura
1911 4721 1947 4772 ait

256 4795 350 4860 itaque
378 4796 438 4846 viro
465 4795 489 4845 si
514 4796 598 4846 eiiam
615 4799 740 4846 matrona
761 4797 917 4858 comitetur,
939 4797 1020 4860 cnjus
1046 4799 1078 4846 ut
1126 4800 1326 4847 oetatemsuam
1341 4794 1469 4844 miratam
1489 4793 1577 4844 fuisse
1596 4796 1692 4858 gestus
1714 4791 1947 4852 effeminatorum,

255 4879 348 4930 sexus,
384 4868 424 4918 ita
461 4867 572 4918 animus
606 4871 647 4919 est
685 4867 839 4920 delicatior.
889 4867 1076 4931 Quamobrem
1126 4865 1202 4931 quod
1229 4878 1247 4915 a
1270 4867 1368 4915 natura
1388 4875 1487 4914 sexum
1520 4862 1587 4912 viris
1622 4861 1790 4927 denegatum
1818 4863 1948 4914 muliebri

257 4939 418 4990 amoenitate
442 4939 536 5003 aliqua
564 4938 732 4990 demerenda
758 4940 822 5002 erit,
849 4953 905 5004 quo
928 4938 1077 5002 patientius
1126 4939 1204 4987 motu
1222 4935 1417 4994 mentirentur,
1441 4932 1660 4998 deciperentque
1691 4933 1790 4985 oculos
1820 4939 1947 4998 spectan-

258 5009 726 5061 moreturcumviro.›>1nlibello
753 5009 862 5060 Precum
883 5007 1034 5060 Marcellini
1055 5013 1077 5058 et
1126 5009 1205 5058 tium.
1221 5005 1516 5068 VidaQuintilianum,
1529 5004 1578 5055 lib.
1592 5018 1621 5065 ti,
1634 5006 1734 5068 capi.

255 5080 379 5130 Faustini
393 5080 529 5144 seriptum
542 5083 584 5130 est
593 5081 745 5131 Damasum
761 5094 861 5145 papam
882 5081 912 5131 in
935 5083 1077 5131 tantuma
1158 5081 1207 5143 (iit
1229 5079 1266 5130 lie
1293 5077 1402 5142 peritior
1428 5089 1479 5142 quo
1509 5075 1624 5140 turpior.
1651 5076 1768 5130 Phaedra
1796 5075 1948 5141 Hippolyto

257 5151 392 5202 matronis
406 5150 539 5202 dilectum
553 5151 640 5201 fuisse
654 5155 686 5202 ut
696 5165 792 5203 aarum
802 5152 983 5216 auriscalpius
997 5151 1077 5201 dice·
1127 5149 1200 5217 apud
1213 5147 1347 5202 Ovidium
1366 5164 1372 5198 ι
1441 5211 1442 5215 ¹

258 5226 345 5272 ratur.
373 5219 428 5272 Sed
452 5219 515 5274 hec
536 5221 731 5273 scribebantur
757 5221 792 5274 ab
817 5220 982 5273 adversariis
1008 5223 1076 5287 ejus.
1250 5245 1465 5314 Pel-oudampo
1480 5245 1563 5309 turpi,
1578 5246 1681 5296 adun„
1694 5247 1776 5298 abest,

257 5291 342 5357 Apud
355 5290 496 5354 Ovidium,
519 5291 566 5343 lib.
588 5305 608 5344 11
626 5291 813 5358 lictomorpt„
834 5295 862 5344 et
880 5291 928 5344 lib.
943 5305 995 5346 xvi
1014 5293 1079 5343 fos·
1281 5337 1286 5348 ,
1309 5337 1314 5347 .
1406 5337 1411 5346 .
1632 5335 1638 5348 .
1719 5335 1724 5348 .
1942 5347 1947 5360 ,

259 5369 357 5424 torum,
370 5365 431 5414 tum
446 5364 529 5415 etiam
542 5362 616 5430 apud
628 5363 729 5416 Silium
740 5363 879 5427 Italicum,
893 5363 968 5416 June
990 5376 1078 5415 voca·
1159 5337 1206 5400 (⁷²)
1232 5337 1363 5420 ⁸⁰²3⁹¹⁰⁸⁰
1382 5335 1490 5388 ‘mma'
1513 5333 1684 5395 mmm*
1706 5334 1754 5386 Ιώ·
1773 5348 1791 5396 ¹¹
1806 5347 1869 5417 ⁰71²
1896 5333 1946 5385 ²⁰·

259 5437 305 5484 tur
315 5434 443 5486 fdutrouo
455 5433 581 5486 tonantia.
599 5432 671 5485 Vide
692 5433 858 5486 Lambinum
879 5434 916 5487 od
929 5433 1068 5485 iiorotium
1129 5427 1143 5456 “
1160 5407 1234 5472 Qum
1247 5421 1348 5459 mmm
1359 5407 1383 5458 ⁸¹
1398 5406 1433 5458 “b
1446 5406 1499 5458 ¹¹⁸⁰
1520 5409 1603 5490 §9⁰¹⁰
1624 5407 1756 5490 3¹¹3lv⁰¹⁵⁸
1772 5405 1877 5469 mmm
1889 5418 1948 5455 Μ’

259 5501 308 5554 lib¹
323 5515 363 5566 ω’
378 5501 423 5554 od·
438 5501 462 5554 2
1069 5470 1077 5496 '
1128 5484 1231 5532 narnnt
1245 5477 1319 5544 apud
1329 5491 1413 5543 quam
1426 5477 1486 5542 ipsa
1500 5481 1566 5528 vitra
1581 5478 1710 5543 religiosa
1723 5479 1788 5528 sunt
1799 5477 1813 5525 f
1824 5491 1841 5524 s

292 5573 344 5639 (68)
361 5575 508 5626 limastitur
524 5575 666 5641 impudico.
691 5575 766 5627 infra
788 5575 817 5626 in
846 5573 917 5628 libro
931 5583 962 5628 da
979 5575 1079 5628 Habitu
1160 5551 1215 5648 (73),
1232 5549 1313 5613 ΨΜ
1336 5549 1509 5632 ωωῑθῖιηαζ
1532 5547 1600 5606 Tm
1627 5547 1690 5598 libri
1717 5553 1825 5598 mem
1847 5543 1949 5610 Μεθ’

1027 5661 1079 5700 ,uo
1129 5624 1194 5673 runt
1210 5658 1215 5670 .
1230 5639 1245 5667 a
1257 5619 1559 5682 Quasiconscreatram
1571 5631 1651 5670 suam
1667 5631 1723 5669 non
1733 5629 1812 5684 posse
1827 5615 1950 5680 effugere

263 5645 410 5710 Vitiiim
438 5660 500 5712 1²⁸8·
525 5647 571 5698 ¹⁷⁹
590 5661 596 5697 ²
617 5665 632 5695 ‘
649 5645 794 5711 Quantum
816 5661 832 5698 ³
858 5647 1001 5714 Pmp⁰⁸i²⁰
1129 5691 1357 5748 satisnonsit.»

258 5719 336 5784 virgo
353 5717 448 5770 delicit
464 5717 577 5784 quando
596 5718 697 5785 pudica
720 5733 784 5786 quae
803 5725 918 5772 venerat
934 5720 1079 5786 impudica

257 5789 377 5845 discedit
391 5790 397 5841 i
413 5809 427 5838 s
443 5789 589 5844 Salvianus
602 5791 647 5845 lib.
661 5803 699 5857 vr,
715 5805 776 5860 cap.
789 5792 805 5845 3
820 5807 826 5843 :
839 5810 854 5838 «
866 5793 964 5862 ltaque
975 5793 1003 5844 in
1022 5791 1077 5848 iilis
