4080 6200
208 249 259 306 243
661 245 689 303 S.
709 247 867 304 urrunnu
886 244 1022 302 oranda
1045 243 1131 300 PARS
1149 244 1168 296 l.
1190 271 1223 282 --
1243 241 1424 298 aristote.
1834 247 1888 302 344

199 383 227 435 et
249 384 348 435 contra
370 375 560 433 sacerdotium
582 375 637 447 (ιιι)
661 375 706 430 [lei
732 373 895 445 portionem
927 375 1017 444 ruptas
1028 372 1156 461 Asemel
1178 370 1315 442 placuerit
1337 373 1395 426 tam
1418 369 1500 426 nohis
1520 386 1608 442 quam
1627 370 1835 428 confessoribus
1860 377 1891 429 et

200 473 384 529 fraternitatis
409 487 522 525 armare
548 469 677 537 voluisse,
702 485 777 524 rrurac
805 483 833 522 se
859 467 896 522 ad
923 465 1014 537 lapso·
1067 463 1456 533 clericisurbicistb‘t),ilem
1476 465 1615 519 rrraiversis
1634 465 1887 540 episeopis335

201 585 265 622 rum
292 566 447 639 pumiciem
476 567 613 619 verruaata
645 580 696 618 sara
728 563 896 633 deceptione
924 565 1015 615 verte·
1066 557 1109 612 vel
1128 558 1158 612 in
1178 561 1275 614 nostra
1295 558 1440 630 provincia
1458 559 1500 612 vel
1520 564 1598 612 trans
1616 560 1889 630 maretbbtconsti·

200 664 277 728 runt,
297 664 329 714 ιιι
347 676 449 730 aegros,
466 658 621 714 otmuuios
642 663 670 711 ct
691 657 727 711 ad
748 655 884 726 capienda
900 653 1017 709 fortiora
1066 652 1134 707 tutis
1158 658 1188 706 ut
1214 651 1283 706 nihil
1309 651 1463 708 innovetur
1488 652 1563 706 circa
1590 653 1735 722 lapsorum
1759 669 1889 721 cerream,

201 755 317 810 consilia
332 770 382 826 per
396 753 588 808 calamitatem
605 751 693 806 ruinae
709 765 766 806 suta
786 750 880 804 minas
898 750 1017 803 idoneos
1068 745 1121 800 uisi
1151 761 1252 800 ornnes
1278 747 1307 800 in
1339 762 1428 800 unum
1457 747 1683 812 convenerimus,
1711 751 1749 813 et,
1777 748 1891 802 collatis

201 845 761 914 etmlnnssolldos,amedelavulneris
781 845 824 899 sui
845 849 972 908 avocent,
989 851 1017 896 at
1067 839 1205 906 consiliis,
1234 856 1298 894 cum
1326 839 1474 910 disciplina
1503 840 1607 911 pariter
1635 843 1662 894 et
1693 840 1891 896 misericordie

202 943 369 998 intermissis
392 941 522 1015 precibus
543 947 571 996 et
593 938 779 1004 orationibus,
800 937 902 1009 quibos
922 937 1015 992 Drimi-
1067 937 1255 1004 temperatam
1271 934 1444 988 senteutiam
1460 934 1614 1002 fixerimus,
1630 937 1730 988 contra
1746 935 1800 988 huc
1821 951 1890 988 con-

202 1055 256 1092 uus
274 1037 362 1108 longa
382 1042 408 1092 et
428 1036 564 1092 contiuua
584 1033 773 1088 satisfactione
792 1030 947 1102 placandus
965 1035 1015 1098 est,
1068 1028 1165 1082 silium
1194 1032 1323 1083 nostrum
1349 1028 1517 1095 rebelletur,
1540 1031 1569 1082 et
1592 1027 1684 1083 omnis
1708 1027 1892 1083 sacerdotalis

202 1131 239 1185 ad
255 1129 403 1186 exitiosam
416 1129 606 1185 temeritatem
628 1126 773 1184 mendacio
789 1125 920 1195 captiosae
941 1123 1017 1195 pacis
1067 1122 1219 1177 auctoritas
1252 1126 1280 1174 el
1310 1126 1436 1192 potestas
1467 1121 1594 1176 factiosis
1626 1121 1889 1192 conspirationibus

204 1225 334 1280 invitent.
1067 1216 1240 1272 destruatur.

583 1301 588 1311 ¹
1105 1312 1146 1365 lV.
1167 1311 1240 1374 Οιιιιε
1261 1325 1337 1364 rarsnc
1358 1325 1453 1380 poeuas
1472 1310 1575 1382 patior,
1595 1311 1695 1366 fratres
1715 1309 1890 1376 charissimi,

173 1435 174 1440 ι
239 1411 284 1466 lli.
305 1408 358 1465 Sed
381 1423 430 1462 oro
452 1421 510 1474 vos,
526 1405 637 1470 fratres,
652 1403 766 1472 vigilate
785 1405 883 1457 coastra
902 1400 1018 1456 insidias
1069 1403 1146 1476 qnod
1161 1404 1220 1476 ipse
1239 1403 1275 1460 ad
1291 1420 1339 1458 vos
1354 1403 1383 1458 iu
1399 1405 1617 1475 praesentiarum
1630 1406 1726 1460 venire
1745 1421 1802 1460 uon
1819 1421 1889 1476 pos-

204 1503 319 1573 diaboli,
336 1507 364 1555 et
382 1517 434 1572 pro
454 1503 547 1554 restra
562 1499 649 1552 salute
665 1497 789 1562 solliciti,
803 1501 901 1552 contra
919 1495 1017 1550 morti·
1069 1515 1142 1567 suin,
1166 1499 1223 1569 ipse
1252 1498 1378 1569 singulus
1402 1497 1535 1570 aggredi,
1559 1499 1619 1569 ipse
1643 1516 1702 1566 ros,
1727 1499 1890 1554 secuudum

202 1599 292 1654 feram
319 1594 460 1651 fallaciam
487 1591 652 1664 diligentins
680 1590 826 1646 excubate.
856 1589 1018 1644 Persecutia
1068 1591 1179 1647 Dourini
1202 1594 1231 1646 ct
1256 1592 1400 1662 Evangelii
1426 1592 1487 1662 ejus
1512 1593 1756 1663 magisterium⁴⁷,
1779 1593 1890 1648 calaor-

205 1696 248 1748 est
269 1692 329 1746 haec
348 1691 412 1756 alia,
429 1693 458 1742 et
476 1688 530 1744 alia
550 1687 678 1742 tentatio.
695 1685 824 1756 Quinque
840 1683 883 1739 isti
902 1684 1017 1755 presby·
1069 1686 1139 1740 tari!
1158 1687 1222 1740 Nou
1246 1685 1428 1740 suffecerant
1450 1686 1579 1740 exsilium
1602 1687 1663 1757 jam
1686 1686 1793 1741 biennii
1818 1690 1849 1740 et
1873 1703 1892 1740 a

204 1787 257 1842 teri
282 1785 352 1839 uilril
373 1783 448 1837 aliud
473 1786 537 1836 suut
560 1797 646 1851 quam
671 1779 795 1850 quinque
818 1779 956 1848 primores
979 1767 1190 1838 illtiultihus
1204 1782 1292 1850 atque
1307 1779 1341 1834 ab
1362 1779 1449 1834 oculis
1467 1780 1566 1835 vestris
1586 1780 1715 1852 lugubris
1735 1781 1891 1852 separatio,

204 1882 253 1953 qni
277 1880 369 1934 edicto
394 1893 485 1948 nuper
512 1873 726 1946 magistratibus
754 1873 866 1928 lateran
892 1871 1018 1942 copulati
1070 1874 1150 1929 dolor
1168 1873 1244 1946 jugis
1264 1877 1293 1927 et
1314 1873 1448 1945 gemitus,
1470 1875 1518 1945 qui
1541 1891 1587 1929 me
1611 1875 1703 1930 solum
1725 1875 1786 1930 siue
1807 1874 1895 1930 vobis

204 1980 235 2029 ut
256 1973 340 2028 tidem
363 1976 487 2026 nostram
510 1969 680 2023 subruerent
699 1969 765 2038 (50),
785 1973 816 2021 ut
834 1966 948 2038 gracilia
962 1969 1013 2037 (stt
1070 1968 1205 2023 continua
1230 1968 1432 2023 lamentatione
1458 1967 1618 2038 discruciat,
1644 1969 1766 2024 lacrima
1789 1967 1895 2024 diebus

203 2070 325 2123 fratrum
341 2066 425 2122 corda
439 2064 475 2118 ed
489 2062 606 2118 lethales
617 2064 640 2096 ιθ
650 2063 766 2133 laqueos
783 2061 1019 2132 praevaricatione
1071 2078 1103 2116 ac
1117 2061 1248 2116 noctibus
1261 2062 1445 2132 profluentes,
1460 2061 1538 2134 quod
1553 2062 1695 2118 sacerdoti
1710 2078 1796 2134 quem
1810 2067 1894 2117 tantu

205 2161 331 2216 veritatis
345 2163 513 2214 averterent.
529 2158 631 2212 Eadem
650 2172 725 2210 ntluc
741 2156 820 2222 ratio,
838 2154 938 2210 eadem
957 2171 1018 2210 rur-
1070 2172 1166 2210 amore
1180 2155 1234 2226 (54)
1249 2159 1277 2209 et
1296 2155 1396 2210 ardore
1412 2155 1529 2223 fecistis,
1549 2155 1673 2211 necdum
1688 2173 1736 2212 ros
1754 2156 1893 2224 aluere,

206 2271 253 2310 sus
280 2255 386 2311 eversio
413 2270 464 2324 per
490 2251 616 2324 quinque
643 2249 823 2321 presbyteros
850 2248 1020 2303 Felicissimo
1072 2249 1193 2306 necdum
1217 2249 1411 2320 complexibus
1438 2249 1537 2304 vestris
1563 2251 1705 2306 inhaerere
1729 2250 1894 2321 contingat.

206 2352 352 2422 copulatos
378 2348 413 2402 ad
440 2347 554 2402 ruiraam
587 2345 684 2400 salutis
715 2342 874 2412 inducitur,
905 2345 934 2397 ιιι
965 2358 1021 2397 ιιοιι
1071 2344 1196 2398 Accessit
1216 2343 1261 2398 hic
1280 2342 1432 2400 tabescenti
1453 2343 1551 2398 auimo
1571 2349 1667 2400 nostru
1687 2344 1767 2399 dolor
1788 2343 1894 2415 major,

207 2451 325 2516 rogetur
344 2445 427 2512 Deus,
444 2457 496 2496 nec
517 2441 565 2512 qui
582 2438 698 2510 negavit
717 2437 869 2505 Christum,
886 2436 1018 2492 eumdem
1072 2438 1148 2509 qnod
1171 2437 1200 2492 in
1225 2441 1303 2492 tanta
1326 2437 1518 2494 sollicitudine
1541 2455 1573 2494 ac
1595 2438 1762 2494 necessitate
1785 2454 1893 2492 excur-

207 2539 350 2595 Christum
366 2551 451 2608 quem
467 2537 620 2606 negaverat
635 2531 813 2604 deprecetur,
829 2537 892 2602 post
907 2529 1021 2602 eulpam
1074 2547 1135 2587 rere
1153 2531 1188 2586 ad
1210 2548 1257 2586 vos
1281 2532 1340 2603 ipse
1362 2548 1420 2586 nou
1441 2548 1566 2602 possum,
1585 2532 1665 2599 dum,
1680 2548 1732 2603 per
1751 2531 1845 2586 minas
1865 2537 1896 2586 et

207 2632 333 2688 criminis
352 2630 469 2685 tollatur
488 2631 517 2682 et
537 2625 710 2698 poerritentia,
733 2642 785 2679 uec
805 2641 857 2696 per
876 2625 1023 2696 episcopos
1073 2641 1124 2696 per
1136 2626 1253 2681 insidias
1266 2625 1453 2697 perfidorum,
1468 2642 1600 2681 cavemus
1619 2643 1655 2681 ue
1675 2625 1897 2680 advenientibus

103 2731 106 2738 '
207 2733 234 2781 et
253 2725 409 2780 sacerdotes
429 2723 548 2778 [taurino
570 2721 695 2787 satisfiat,
712 2720 770 2788 sed,
789 2719 895 2772 relictis
911 2719 1023 2773 Domini
1073 2719 1154 2774 nohis
1173 2720 1311 2774 tumultus
1326 2719 1383 2776 illic
1405 2719 1496 2790 major
1517 2720 1635 2788 amatur,
1651 2724 1688 2787 et,
1705 2737 1770 2775 cum
1784 2720 1845 2786 paci
1866 2723 1898 2774 et

209 2819 418 2882 sacerdotibus;
434 2821 532 2872 coratra
549 2814 739 2886 evangelicam
756 2813 933 2885 disciplinam
950 2828 1022 2867 nova
1073 2813 1272 2886 tranquillitati
1296 2814 1351 2884 (55)
1373 2814 1522 2886 episcopus
1541 2813 1692 2885 providere
1709 2814 1740 2869 in
1760 2813 1898 2870 omnibns

209 2914 325 2972 traditio
346 2912 492 2982 sacrilegas
514 2910 703 2965 institutionis
727 2911 877 2979 crstargat3
900 2923 1022 2978 cumque
1073 2906 1187 2972 debeat,
1201 2907 1261 2979 ipse
1275 2908 1458 2965 ιιιαιοιιειιιω
1473 2907 1606 2964 seditioni
1624 2907 1734 2964 dedisse
1749 2911 1777 2963 ct
1797 2923 1899 2979 perse-

894 3047 999 3110 Variae
1029 3046 1199 3111 lectiones.

228 3183 411 3306 ·⁴⁰M}3,⁰tm
426 3180 488 3231 Bod.
503 3181 525 3229 l.
543 3179 603 3228 fta.
637 3176 856 3228 Ulstinieteriam
869 3173 1002 3226 luserat.
1036 3174 1126 3226 uNos
1143 3173 1253 3227 affectat
1272 3178 1341 3228 tarra
1363 3175 1491 3228 affecerat
1511 3176 1588 3228 Ebur.
1607 3177 1660 3228 NG.
1678 3179 1699 3228 l.
1734 3177 1899 3245 ιηιιεειειιι-

211 3269 289 3308 raam
340 3270 364 3304 a.

865 3337 978 3420 Steph.
1003 3337 1125 3402 Baluzii
1148 3345 1244 3403 notae.

244 3493 290 3556 (ts)
309 3491 408 3540 Celetro
422 3484 609 3536 sacerdotium.
623 3482 654 3532 In
667 3494 724 3531 uno
739 3479 837 3532 codice
850 3479 985 3530 Vaticano
1001 3483 1028 3529 et
1039 3494 1066 3568 C
1079 3481 1107 3530 iu
1127 3481 1224 3544 tribas,
1244 3482 1368 3546 inquam,
1391 3481 1536 3533 codicibus
1555 3481 1611 3532 illis
1630 3481 1707 3532 deest
1728 3495 1781 3532 rex
1801 3483 1900 3545 Roma,

211 3569 240 3618 in
257 3562 427 3614 Lamonlauo
441 3557 553 3621 legitur,
567 3571 582 3602 a
597 3554 738 3604 Adversus
751 3553 960 3616 dispositionem
975 3552 1029 3601 Do·
1081 3557 1108 3602 et
1122 3552 1225 3616 legitur
1233 3552 1396 3617 simpliciter
1409 3567 1467 3604 curn
1480 3559 1606 3618 precepto
1617 3554 1696 3616 Papae
1709 3551 1784 3603 Urbis
1795 3554 1900 3604 teonis.

212 3637 280 3687 mini
294 3638 322 3686 et
333 3634 431 3683 contra
443 3625 630 3678 sacerdotium
643 3625 704 3674 Dei.
717 3639 732 3672 a
746 3622 799 3674 Ubi
813 3622 955 3674 admoneri
966 3636 1032 3673 con·
1081 3623 1178 3674 Exstat
1190 3624 1362 3687 Hieronymi,
1377 3623 1493 3687 epistola
1506 3624 1542 3672 ud
1555 3623 1668 3673 Pauliana
1680 3623 1818 3684 urbicum,
1833 3638 1903 3688 quse

212 3709 288 3759 venit
304 3707 376 3755 hano
389 3702 539 3752 lectionem
552 3710 607 3748 non
624 3696 739 3760 reperiri
749 3695 779 3744 in
793 3694 889 3746 codice
903 3695 1030 3757 Thuauo,
1082 3696 1179 3758 incipit
1192 3695 1293 3745 Nartiae
1305 3695 1405 3758 tertius,
1416 3696 1479 3746 etin
1488 3695 1604 3760 epistole
1613 3695 1760 3759 Augustini
1769 3695 1805 3744 ad
1816 3695 1904 3745 Casu-

212 3793 304 3844 neque
319 3778 346 3826 in
366 3771 524 3825 Fossutensi
545 3771 573 3818 in
592 3767 696 3832 quibus
714 3767 797 3830 Angli
817 3765 948 3816 dixerunt
969 3779 1031 3817 eam
1083 3765 1175 3816 lanam
1188 3767 1289 3830 legitur
1304 3783 1318 3811 ιι
1334 3766 1497 3818 Sermonem
1512 3766 1657 3830 cujusdem
1671 3765 1770 3817 urbici.
1786 3783 1800 3813 a
1816 3767 1904 3830 Apud

159 3845 163 3852 '
212 3855 329 3902 exstare.
1082 3836 1284 3898 Barchardum,
1301 3837 1348 3888 lib.
1374 3848 1412 3898 ut,
1438 3851 1498 3903 cap.
1521 3835 1584 3898 ttb;
1612 3839 1741 3900 inanem,
1761 3842 1829 3901 pert.
1859 3851 1903 3898 ιιι,

244 3923 292 3982 (bil)
309 3918 477 3970 subruerent.
494 3914 533 3963 lta
548 3924 646 3962 omues
660 3909 723 3960 libri
737 3911 846 3960 veteres
857 3912 884 3959 et
895 3907 1032 3959 editiones
1083 3923 1143 3972 cap.
1158 3907 1219 3970 270;
1235 3911 1263 3958 et
1277 3907 1450 3971 Gratianum,
1471 3909 1532 3959 dist.
1547 3909 1573 3969 t,
1593 3909 1625 3959 ds
1644 3913 1796 3966 sumserat,
1820 3923 1905 3973 repe-

212 3992 368 4056 Rigeltiana
379 3985 558 4051 antiquiores,
569 3984 592 4032 si
604 3985 660 4034 tres
670 3981 775 4045 priores
787 3978 919 4042 excipies,
931 3979 959 4028 in
972 3979 1033 4043 qui·
1083 3981 1153 4029 ritur
1171 3978 1309 4042 quoddam
1325 3981 1470 4032 decretum
1487 3994 1519 4030 ear
1534 3979 1643 4030 concilio
1658 3979 1747 4030 arbro
1764 3981 1839 4045 quod
1859 3983 1906 4034 sie

213 4065 267 4117 bus
286 4063 385 4126 legitur
399 4059 547 4108 obruerent.
565 4053 647 4105 Solus
669 4066 703 4102 ex
716 4049 861 4102 codicibus
877 4063 949 4100 ame
967 4049 1033 4099 visis
1083 4048 1167 4100 hebet
1181 4066 1187 4099 :
1203 4066 1217 4099 a
1231 4051 1261 4100 In
1276 4052 1353 4102 altari
1366 4053 1394 4102 in
1415 4066 1471 4116 quo
1486 4053 1633 4116 episcopus
1649 4051 1759 4102 Missam
1778 4053 1907 4103 celebra·

213 4134 351 4187 Forensis
364 4129 447 4180 habet
460 4126 648 4177 subvenerant.
669 4121 733 4172 Scio
751 4125 843 4171 tamen
863 4122 899 4170 ita
920 4133 1033 4184 quoque
1084 4121 1132 4182 rit,
1145 4121 1290 4186 presbyter
1302 4122 1399 4174 eodem
1413 4122 1456 4174 die
1469 4124 1552 4174 aliam
1565 4123 1706 4176 celebrare
1720 4137 1777 4175 nou
1790 4137 1907 4188 praesu-

214 4207 347 4270 seriptum
362 4203 447 4252 fuisse
461 4200 488 4248 in
504 4195 668 4247 Veronensi.
681 4193 784 4242 Varum
799 4192 853 4241 alia
868 4191 950 4242 lectio
964 4192 1034 4241 mihi
1083 4194 1154 4253 mat;
1165 4206 1179 4238 a
1190 4191 1266 4256 quod
1277 4193 1359 4243 etiam
1370 4195 1505 4257 reperitur
1516 4195 1544 4244 in
1558 4206 1666 4244 canone
1678 4193 1788 4244 decimo
1800 4195 1909 4258 synodi

216 4275 587 4342 naagisplecet,eampurro
605 4267 693 4329 liquet
713 4261 838 4325 adjuvari
860 4276 894 4313 ex
913 4262 1034 4313 lectione
1085 4262 1333 4314 Autissiodorensis
1362 4264 1415 4314 sub
1444 4263 1631 4314 Aunachario.
1660 4263 1696 4315 Et
1721 4267 1814 4315 tamen
1842 4277 1906 4315 non

216 4341 567 4411 Εῐιῑῑιιῑὶθιῑιῐῐιθᾶῑῑὶθῐῑῑιῑῑι·
1084 4343 1193 4395 semper
1223 4346 1319 4383 verum
1349 4338 1391 4385 est
1418 4333 1586 4386 vocabulum
1621 4333 1711 4386 urbici
1744 4335 1909 4401 siguificare

249 4421 298 4482 (sl)
315 4412 488 4466 drusillam
503 4408 599 4460 codice
612 4404 766 4456 Veronensi
779 4408 805 4454 et
820 4405 848 4454 in
863 4417 920 4454 uuo
938 4405 1034 4468 Angli·
1085 4403 1174 4453 civem
1200 4403 1365 4455 Romanum.
1380 4406 1409 4454 ln
1428 4405 1544 4470 epistola
1561 4407 1664 4471 quippe
1683 4406 1783 4457 Evodii
1796 4407 1832 4454 ud
1846 4411 1907 4456 Au-

216 4503 286 4542 cuno
296 4485 430 4550 scriptum
441 4487 482 4534 est
492 4478 614 4544 [rapallo.
626 4477 674 4528 Sic
687 4478 771 4527 etium
782 4476 892 4538 scripsit
906 4476 1034 4527 Nicotaus
1085 4475 1217 4537 {pastinum
1245 4477 1314 4526 civis
1342 4477 1471 4542 quaedam
1501 4477 1647 4541 cujusdam
1679 4476 1772 4542 oppidi
1800 4478 1908 4528 Africae

216 4564 306 4614 Faber
320 4562 348 4609 in
370 4557 495 4620 margine
514 4552 578 4603 libri
595 4553 638 4602 eui
658 4549 794 4614 impressi.
816 4551 847 4599 ln
870 4547 966 4600 codice
986 4547 1034 4596 La·
1085 4549 1201 4596 vocatur
1221 4546 1328 4610 urbice,
1344 4549 1371 4598 id
1392 4553 1434 4598 est
1453 4549 1521 4598 civis
1542 4548 1618 4598 illius
1638 4547 1692 4599 luci
1707 4562 1713 4596 :
1729 4565 1743 4594 a
1762 4547 1818 4599 Sed
1837 4561 1910 4600 ecce

217 4625 722 4696 muniilegiturqracitrum,tanquam
738 4619 1034 4672 siistndreferendum
1086 4622 1148 4680 post
1174 4616 1319 4668 biennium
1344 4620 1473 4684 quaedam
1500 4617 1582 4669 vidua
1608 4619 1723 4670 honesta
1748 4619 1845 4669 urbica
1871 4619 1911 4669 de

218 4709 290 4758 esset
305 4703 340 4756 ed
357 4704 463 4752 fratres.
1086 4689 1271 4752 Frigentibus.
1289 4707 1303 4736 s

249 4778 296 4838 (52)
319 4773 428 4826 clericis
451 4769 558 4820 urbicis.
582 4765 612 4817 ld
636 4769 678 4817 est
701 4764 843 4824 Romanis,
866 4763 931 4827 quia
954 4761 1035 4812 Urbis
1119 4762 1169 4822 [53)
1197 4762 1283 4813 frans
1309 4775 1389 4810 mure.
1415 4761 1444 4810 ld
1469 4766 1512 4813 est
1537 4760 1662 4812 Romam.
1689 4761 1756 4812 lude
1782 4762 1912 4826 appella-

218 4847 355 4901 vocabulo
370 4844 437 4896 olim
452 4839 659 4903 intelligebatur
672 4837 760 4888 Roma
774 4835 898 4900 gentium
914 4833 1177 4938 domine,Dtioues
1200 4835 1390 4884 transmarinas
1414 4839 1508 4897 postea
1532 4837 1626 4885 retitae
1647 4837 1675 4883 in
1696 4835 1792 4885 codice
1816 4847 1912 4884 cano-

219 4927 250 4970 ιιι
274 4921 312 4970 ait
338 4913 540 4978 Quintilianus,
570 4911 619 4961 lib.
646 4923 684 4970 vr,
713 4921 772 4971 cap.
804 4907 829 4968 3,
856 4909 883 4956 et
904 4904 950 4954 lib.
978 4917 1037 4966 vul,
1088 4917 1157 4955 num
1187 4903 1323 4956 Ecclesia
1351 4906 1505 4965 Africanus,
1533 4911 1561 4956 et
1589 4911 1619 4955 ut
1650 4906 1771 4969 episcopi
1802 4906 1912 4956 Africae

220 5003 279 5052 cap.
308 4989 347 5038 tt.
371 4985 497 5048 Optatam,
518 4979 777 5042 lib.r:Zeptprino
799 4977 907 5040 urbico,·
936 4978 963 5026 et
989 4973 1036 5025 lib.
1089 4981 1163 5026 traua
1188 4988 1264 5026 mare
1284 4989 1339 5026 non
1361 4976 1573 5039 proficiscantur
1590 4977 1644 5026 nisi
1661 4975 1788 5027 consulto
1808 4977 1911 5040 primae

218 5074 237 5110 n
261 5074 266 5106 :
292 5057 388 5108 Urbica
416 5052 601 5110 caracteratis,
623 5053 650 5101 et
678 5047 751 5113 apud
777 5047 918 5098 Victorem
943 5047 1039 5098 Viteu·
1089 5047 1163 5098 sedis
1184 5048 1328 5112 episcopm
1352 5046 1427 5111 quod
1449 5049 1476 5098 et
1499 5049 1590 5110 ipsum
1614 5047 1806 5097 confirmatum
1828 5053 1870 5098 est
1895 5063 1912 5097 e

220 5145 289 5186 seur,
314 5128 360 5177 lib.
389 5141 406 5188 1,
434 5139 458 5176 e.
488 5127 512 5186 8,
540 5122 626 5173 Urbini
649 5119 776 5184 captiui...
801 5118 871 5170 Vide
900 5119 1038 5169 Heriberti
1088 5133 1159 5184 papa
1182 5119 1353 5170 innocentio.
1379 5117 1471 5168 Etiam
1502 5121 1684 5168 transmarina
1709 5117 1815 5181 judicia
1842 5131 1912 5182 pro.

219 5197 367 5262 llosweydi
384 5201 465 5246 notes
480 5197 507 5244 in
522 5196 555 5244 D.
578 5193 735 5252 Paulinum,
751 5203 811 5255 pag.
834 5191 889 5240 ιιὸ.
912 5189 941 5238 ln
963 5189 1038 5239 Prae·
1089 5191 1185 5240 hibita.
1201 5189 1273 5239 Vide
1293 5189 1419 5240 codicem
1439 5203 1578 5240 canonum
1601 5189 1735 5241 Ecclesiae
1756 5187 1910 5245 Africanae,

220 5273 324 5323 latione
339 5269 458 5331 symboli
479 5267 545 5316 editi
561 5267 589 5314 in
609 5265 727 5316 concilio
745 5261 878 5312 Toletano
895 5261 984 5326 primo
1000 5261 1039 5311 le·
1090 5274 1149 5324 cap.
1166 5261 1207 5316 ιι,
1221 5259 1261 5321 25,
1277 5259 1317 5321 56,
1332 5261 1372 5310 aa.

221 5346 303 5409 gitur,
319 5357 333 5389 κ
350 5339 419 5390 Cum
437 5344 577 5402 praecepto
592 5337 673 5399 Papae
693 5334 769 5384 urbis
788 5333 883 5383 Romae
902 5331 1008 5382 Leonis.
1026 5349 1039 5375 a
1120 5334 1169 5396 (aa)
1184 5333 1263 5394 Quem
1280 5337 1353 5382 ram
1372 5346 1471 5384 amore,
1495 5333 1589 5384 Codex
1608 5333 1696 5384 sancti
1715 5331 1798 5396 Erigit
1816 5332 1915 5382 Aram.

222 5419 257 5466 At
280 5416 307 5462 in
329 5411 417 5462 tribus
440 5408 640 5473 antiquissimis
659 5411 687 5457 et
703 5404 941 5470 praestantissimis
963 5402 1039 5453 codi-
1090 5403 1220 5454 batensis.
1242 5404 1359 5466 «Quem
1378 5409 1454 5454 tanto
1476 5404 1581 5456 honore
1603 5407 1631 5456 et
1652 5415 1745 5454 amore
1763 5401 1880 5452 fecistis.
1899 5421 1915 5446 a

220 5487 301 5536 cibus
316 5482 518 5544 manuscriptis,
536 5492 592 5528 uuo
609 5477 801 5527 illustrissimae
819 5475 946 5526 ecclesias
962 5475 1037 5538 hug·
1090 5475 1240 5538 Fuxeusts,
1256 5492 1269 5520 a
1286 5473 1376 5526 Tanto
1389 5476 1496 5536 ardore,
1511 5478 1570 5541 peri
1582 5475 1685 5526 dolore.
1702 5493 1716 5520 »
1732 5471 1786 5524 Ubi
1801 5471 1917 5523 videtur

222 5557 373 5617 dunensis,
403 5555 488 5604 altero
519 5551 567 5615 qui
598 5550 650 5599 fult
680 5548 807 5599 Leidradi
836 5547 1038 5609 archiepiscopi
1088 5545 1238 5608 legendum
1259 5546 1321 5608 para·
1340 5545 1448 5597 tractore.
1465 5547 1535 5597 Vide
1550 5547 1677 5598 Pontium
1694 5545 1845 5596 diaconum
1860 5543 1916 5594 nbi

221 5625 426 5692 Lugdunensis,
449 5628 476 5674 et
499 5623 627 5672 censetur
651 5633 726 5670 rrnac
749 5617 775 5666 in
797 5615 966 5668 bibliotheca
988 5617 1037 5666 Se·
1088 5619 1144 5681 ogit
1158 5618 1192 5669 de
1208 5617 1345 5669 electione
1361 5617 1501 5681 Cypriani.

221 5700 374 5764 guierieua,
396 5696 476 5745 tertio
495 5690 673 5744 bibliothecae
693 5688 870 5749 colbertinae,
889 5689 916 5736 in
936 5686 1038 5750 qulbus
1119 5690 1167 5750 tbi
1180 5688 1243 5739 Paci
1257 5693 1280 5738 et
1295 5685 1498 5751 tranquillitati.
1517 5687 1620 5739 Omnes
1641 5687 1699 5738 tere
1719 5683 1782 5736 libri
1800 5687 1915 5735 autema

221 5771 378 5823 continetur
399 5771 480 5818 vetus
502 5764 631 5818 conecclo
652 5773 793 5814 maranum
815 5760 902 5821 facta,
925 5761 956 5808 ut
978 5758 1037 5822 opi·
1087 5758 1192 5810 liabent
1203 5771 1295 5823 pacem
1309 5764 1331 5809 et
1346 5757 1577 5824 tranquillitatem.

219 5857 279 5910 nor,
295 5842 455 5910 paulopost
473 5837 624 5892 concilium
641 5835 807 5889 Toletanum
824 5831 1036 5891 duodecimum,
