4080 6200
1 339 2 348 ι
101 313 152 366 ³05
549 311 553 314 ’
801 307 961 366 bristout
979 307 1080 364 xxvu.
1734 315 1786 369 306

98 436 277 509 (ςιιιι·ἰιιιιιιι,’7
300 433 411 492 animae
436 435 557 506 ponunt,
584 433 606 488 si
627 434 677 506 qui
702 433 917 506 dereliquerunt
926 439 992 520 Act
1016 447 1096 504 saper
1122 436 1203 489 islam
1223 439 1330 503 petram
1347 435 1483 505 edicente
1507 440 1653 496 Ecclesiam
1684 441 1783 504 meam,

95 531 184 586 tidem
198 529 394 602 periculorum
409 533 438 583 et
458 527 625 584 delictorum
646 543 765 583 suorum
778 544 836 583 non
852 543 916 584 sen·
970 531 995 582 el
1006 533 1091 598 pcrlee
1103 529 1252 594 inferorum
1266 543 1320 582 noa
1334 530 1443 584 uincent
1463 545 1522 586 eom
1532 531 1568 602 (d)
1582 551 1591 586 e
1607 537 1633 588 el
1647 534 1699 588 tibi
1711 534 1782 589 dabo

95 624 174 678 liunt
186 621 441 696 magnitudinem?
455 619 534 686 Quod
545 619 568 676 si
578 621 698 676 nimiam
706 620 919 692 impatientiam
968 621 1056 676 clocca
1079 619 1117 692 (7)
1142 621 1219 688 repat
1241 621 1387 688 coelcram;
1409 628 1435 676 et
1461 639 1520 692 pua
1553 626 1680 693 licaveris
1703 642 1786 698 saper

94 717 257 789 preter-unt
271 717 296 752 ’Β
309 721 338 771 et
350 713 524 770 intolerabili
538 713 720 770 festinatione
734 713 773 786 (ι)
788 729 917 769 commu·
970 719 1071 768 terram
1094 719 1175 768 erant
1195 714 1282 782 licata
1301 719 1325 768 ct
1342 716 1372 768 in
1394 716 1476 778 calis,
1495 720 1521 771 et
1540 733 1710 790 quacumque
1731 721 1784 776 sol·

92 809 277 866 uicatiouem
299 812 464 881 exposcunt,
488 808 592 862 trustra
616 807 736 879 querula
753 807 788 879 (lt
813 807 866 862 ista
891 810 920 861 et
968 809 1038 862 ueris
1062 811 1261 876 superterram
1277 812 1356 862 errem
1373 808 1464 863 soluto
1487 813 1512 864 el
1532 812 1644 866 tacetis
1661 813 1783 884 (Malli,

91 901 404 960 individiosaacuibil
419 902 551 957 adversus
567 900 920 970 veritatemvalentiajac·
968 915 1025 967 ιιι,
1053 903 1096 968 ι8,
1128 899 1181 970 tu).
1203 899 1272 955 lude
1297 917 1350 971 per
1377 903 1541 972 temporum
1577 907 1605 958 et
1631 907 1782 962 successio·

92 1001 161 1053 tant
178 995 321 1070 petulanti
336 999 365 1052 et
380 995 496 1051 infreno
514 1010 563 1050 ore
584 993 719 1062 convicia,
735 993 917 1066 quandoqui-
967 1007 1038 1048 nuru
1062 993 1137 1048 vices
1154 993 1354 1066 episcoporum
1373 994 1516 1051 ordinatio
1538 999 1566 1051 et
1586 998 1716 1054 Ecclesia
1738 1015 1783 1054 ra-

91 1091 165 1146 dem
180 1089 298 1146 licuerit
316 1088 371 1144 illis
385 1105 435 1144 suo
455 1088 521 1160 jure
537 1087 661 1144 retinere
684 1086 761 1160 quod
775 1102 852 1142 nuuc
867 1102 919 1142 sua
967 1086 1008 1142 tio
1022 1085 1155 1154 decurrit,
1166 1091 1199 1141 ut
1221 1087 1342 1143 Ecclesia
1359 1103 1445 1160 super
1463 1089 1609 1162 episcopos
1630 1092 1785 1149 constitua-

90 1189 206 1257 spcute
226 1183 345 1256 quaesita
366 1181 573 1238 nemssitme²⁵
596 1185 740 1253 coguntur
762 1181 916 1252 postulare.
967 1184 1015 1236 tur
1027 1182 1056 1236 et
1079 1179 1170 1235 omnis
1190 1184 1269 1236 actus
1290 1181 1418 1237 Ecclesiae
1438 1199 1491 1254 per
1511 1183 1630 1239 eosdem
1646 1186 1781 1256 praeposi-

91 1277 184 1334 i'idas
208 1277 288 1332 euim
307 1292 372 1349 qam
390 1275 483 1348 potuit
498 1274 640 1333 Christum
659 1272 798 1342 confiteri,
819 1271 917 1348 298
968 1277 1011 1330 tos
1027 1273 1300 1362 gubemelrrrjcum
1316 1275 1369 1330 bac
1388 1276 1486 1348 itaque
1499 1276 1594 1333 divine
1609 1279 1672 1350 lege
1684 1277 1707 1313 ³¹
1718 1280 1783 1334 iuu-

89 1372 195 1442 potuit
221 1372 251 1426 et
276 1387 293 1425 a
320 1369 431 1426 Christo
453 1369 483 1424 in
505 1367 764 1424 communicatione
786 1367 914 1424 retineri.
968 1367 1068 1422 datum
1089 1367 1134 1437 sit,
1157 1368 1247 1423 miror
1273 1368 1411 1440 quosdam
1433 1369 1533 1426 audaci
1557 1371 1720 1428 temeritate
1746 1373 1785 1428 sic

89 1464 240 1536 Optamus
255 1462 338 1534 leli),
352 1462 513 1519 beatissime
527 1479 559 1519 ac
572 1461 777 1534 gloriosissime
792 1477 869 1534 pape
880 1462 916 1531 ³⁰,
967 1459 1038 1516 mibi
1052 1457 1148 1534 299
1170 1459 1291 1517 scribere
1314 1462 1443 1532 voluisse,
1466 1467 1500 1519 ut
1518 1465 1648 1520 Ecclesia
1666 1467 1784 1521 nomine

89 1559 121 1613 in
136 1557 268 1613 Domino
280 1572 392 1629 semper
405 1557 477 1613 bene
490 1557 587 1612 valere
597 1561 625 1611 et
639 1555 728 1613 nostri
739 1555 915 1612 meminisse.
965 1555 1074 1611 litteras
1105 1555 1235 1610 iacerent
1258 1555 1305 1627 (8),
1339 1576 1353 1605 a
1368 1556 1481 1628 qrraudo
1496 1557 1519 1592 ³³
1540 1559 1660 1614 Ecclesia
1682 1561 1718 1631 (9)
1754 1561 1784 1615 in

342 1667 505 1725 Epysyom
524 1667 675 1740 xystum),
966 1648 1096 1720 episcopo
1123 1653 1152 1704 el
1178 1649 1252 1704 clero
1285 1651 1314 1704 el
1350 1666 1379 1704 ιιι
1414 1650 1547 1706 omuibus
1582 1652 1723 1708 stantibus
1749 1654 1785 1708 sit

90 1778 223 1841 (ΡΜ),
246 1779 348 1844 pisan„
376 1780 473 1839 Mum,
497 1790 585 1841 mm
606 1779 697 1842 mu,
722 1789 795 1842 ml,
822 1779 916 1842 Oxou..
967 1741 1129 1797 constitute.
1146 1763 1159 1792 n
1176 1740 1256 1796 Absit
1279 1742 1358 1796 enim
1383 1759 1434 1798 nec
1454 1743 1605 1799 ιιοιιιίιιίιι
1626 1745 1785 1801 misericor-

415 1841 495 1905 lips,
505 1843 607 1902 arun.)
926 1809 955 1882 B
968 1835 1013 1890 dia
1028 1841 1056 1890 et
1068 1840 1194 1906 potestas
1209 1835 1270 1906 ejus
1289 1835 1393 1890 invicta
1407 1835 1462 1908 (ιο)
1486 1837 1611 1909 patiatur
1634 1844 1667 1893 ιιι
1689 1841 1783 1895 Eccle-

369 1961 520 2002 cppnmffls
544 1961 647 2004 um·
967 1928 1006 1983 sia
1021 1945 1082 1984 esse
1096 1928 1208 1985 dicatur
1229 1929 1374 2001 lapsorum
1397 1945 1546 2000 numerus,
1562 1947 1627 1986 cum
1647 1932 1785 2004 scriptum

86 2049 301 2104 mmmm
319 2078 354 2088 ,,
374 2049 572 2119 Arqummm
593 2049 675 2120 hujus
698 2049 818 2120 episcopa,
840 2051 918 2118 ,ΜΝ
967 2023 1177 2078 sit:ileasrt0a
1197 2027 1236 2078 est
1257 2024 1497 2088 mortuoramsed
1517 2027 1640 2080 uiuorum
1661 2025 1784 2097 (licitis,

124 2137 219 2191 ymbe,
232 2137 346 2205 φωρ),
359 2153 433 2194 ΠΗ,
460 2157 474 2187 „
496 2141 620 2202 mm,
639 2141 740 2208 inquit,
765 2140 803 2194 ad
821 2154 862 2195 ,M
874 2141 916 2208 s„
967 2132 1033 2184 rau,
1048 2117 1103 2186 32).
1120 2116 1226 2170 Omnes
1246 2115 1364 2188 quidem
1385 2116 1520 2174 vivificari
1536 2123 1680 2190 optamus,
1705 2122 1734 2174 et
1755 2125 1786 2174 ut

125 2230 244 2290 emal,
267 2241 359 2296 peccem
379 2225 574 2282 mandandam
596 2227 651 2281 sibi
672 2228 854 2298 postulantes,
873 2229 919 2284 sed
967 2209 997 2264 iu
1021 2214 1124 2264 statum
1148 2209 1299 2280 pristinum
1320 2210 1508 2267 restituantur
1530 2212 1660 2283 precibus
1683 2213 1786 2268 nostris

125 2315 220 2385 quasi
237 2314 300 2382 ,iam
325 2313 420 2370 dolam
434 2315 486 2370 sibl
521 2315 700 2378 vindicantes,
724 2316 798 2386 quod
825 2315 918 2371 dicant
968 2307 997 2359 θῐ
1023 2301 1176 2374 gemitibus
1205 2308 1327 2358 mmm·
1365 2303 1394 2359 Si
1433 2307 1529 2359 autem
1567 2305 1686 2375 quidam
1713 2306 1785 2378 ¹³P⁵l

74 2385 86 2408 '
125 2404 258 2459 Paulam
278 2403 399 2458 omnibus
420 2419 515 2474 pacem
534 2403 648 2466 cedmae,
679 2405 748 2458 sieut
765 2405 796 2458 in
819 2404 917 2460 titteris
968 2395 1121 2453 Ecclesiam
1139 2413 1168 2450 se
1183 2397 1280 2452 volunt
1294 2413 1366 2465 esso,
1384 2403 1413 2452 et
1434 2396 1456 2452 si
1474 2397 1550 2468 apud
1569 2398 1634 2453 illos
1655 2402 1741 2471 alque
1755 2400 1784 2454 in

122 2507 229 2548 corana
247 2508 361 2561 quorum
379 2494 533 2562 canapium
554 2493 592 2547 od
612 2507 659 2547 uos
684 2495 834 2561 terraemot,
849 2495 917 2566 lepc-
968 2489 1023 2545 illis
1036 2493 1079 2545 est
1094 2489 1229 2558 Ecclesia,
1253 2490 1322 2562 quid
1342 2493 1481 2562 superest,
1501 2507 1586 2562 quam
1612 2496 1644 2547 ut
1664 2491 1718 2563 ipsi
1737 2509 1783 2548 ro·

124 2584 179 2646 tis,
201 2581 286 2638 senat
301 2581 368 2652 qaid
388 2585 414 2636 et
433 2597 480 2653 epo
497 2583 533 2637 eis
556 2581 672 2637 breviter
693 2585 915 2654 rescripserim.»
968 2587 1103 2656 geutrrre
1118 2583 1198 2639 nobis
1215 2589 1246 2640 ιιι
1268 2600 1319 2639 nos
1338 2584 1375 2638 ad
1391 2583 1542 2640 Ecclesiam
1565 2585 1722 2657 dignentur
1734 2587 1784 2642 ad·

122 2672 315 2728 Desideratus
334 2675 426 2727 aalma
447 2671 583 2742 iapsmmm
600 2673 715 2742 epistola
737 2672 776 2727 od
796 2688 916 2743 qaosre-
968 2677 1104 2732 mittere?
1119 2667 1291 2733 Summis'sos
1307 2693 1376 2748 crgo
1390 2681 1418 2733 et
1438 2678 1551 2749 quietos
1565 2681 1593 2733 et
1607 2677 1785 2734 verecundos

122 2761 242 2818 scribit·
969 2787 1030 2826 esse
1062 2773 1175 2842 oportet
1196 2786 1245 2826 eos
1278 2771 1327 2842 qui
1363 2769 1461 2826 delicti
1485 2771 1530 2826 sui
1569 2785 1710 2827 memores
1738 2788 1784 2828 sa-

123 2867 148 2921 l.
173 2861 318 2916 Dominus
342 2863 449 2930 noster,
473 2861 553 2933 cujus
577 2868 721 2934 praecepta
744 2863 781 2934 (5)
804 2865 833 2919 et
855 2878 917 2919 mo·
967 2863 1096 2919 tisiacere
1133 2863 1191 2919 [leo
1230 2862 1350 2932 debent,
1394 2880 1447 2918 nec
1489 2864 1619 2920 Ecclesiae
1668 2863 1786 2920 nomine

86 2959 154 3014 nita
170 2955 327 3012 observare
346 2954 496 3024 debemus,
516 2955 640 3026 episcopi
663 2956 802 3013 bonorem
823 2958 916 3013 etEc·
966 2957 1076 3014 litteras
1101 2956 1213 3022 iacere,
1247 2973 1313 3012 cum
1339 2973 1369 3012 so
1404 2957 1496 3029 magis
1534 2957 1625 3014 sciant
1656 2957 1785 3014 Ecclesiae

85 3051 192 3108 clesiae
207 3065 270 3105 suae
277 3048 418 3104 rationem
433 3047 595 3120 disponens,
611 3048 640 3104 in
657 3049 813 3122 Evangelio
827 3051 919 3124 loqui·
968 3051 1102 3107 scribere.

86 3153 136 3201 tur
149 3145 177 3180 ¹¹
194 3147 226 3201 et
240 3141 311 3198 dicit
320 3141 404 3198 Petro
419 3157 426 3197 ι
441 3145 498 3212 itae
513 3143 563 3197 tibi
575 3142 634 3199 dico
648 3145 716 3214 quia
729 3150 759 3199 ta
774 3159 799 3202 ec
810 3148 916 3210 Petras,
1003 3146 1036 3201 ll.
1063 3144 1242 3216 scripserunt
1269 3145 1365 3201 aulem
1390 3143 1462 3200 mibi
1486 3160 1579 3216 nuper
1603 3143 1720 3216 quidam
1746 3143 1781 3200 de

786 3276 891 3343 Variae
919 3278 1089 3344 lectiones.

118 3406 143 3440 ¹⁷
154 3403 278 3469 Ubiqui
292 3403 397 3454 detenti
413 3402 555 3466 gloriosae,
567 3403 638 3453 Lam
656 3403 733 3454 Elor.
748 3403 804 3454 Nc.
823 3407 848 3456 l.
861 3407 963 3456 Manat.
1004 3405 1195 3458 18Ριιιιιιιιιιιιι
1215 3404 1359 3455 minimam
1380 3405 1542 3470 patientiam
1558 3405 1616 3454 lica.
1636 3403 1693 3453 iat.
1708 3404 1769 3454 lam

85 3477 172 3528 acer.
189 3473 257 3524 lind.
271 3473 330 3533 ιὰ
345 3473 400 3524 NG.
412 3473 437 3523 E.
456 3472 660 3536 impatientiam
672 3487 730 3538 pras
739 3487 771 3526 se
782 3475 877 3526 terunt
891 3477 973 3528 osca.
1006 3476 1299 3528 ¹³Nuncuecessitate
1315 3477 1384 3525 lam.
1399 3475 1579 3527 etormet.
1613 3475 1783 3540 ³⁰Optumus

86 3552 124 3609 te,
139 3547 234 3596 irater
256 3543 354 3608 ilipalt.
375 3545 455 3596 Ocea.
490 3543 660 3609 ³¹Loquitur
674 3543 808 3598 nectam
829 3547 892 3598 aaa.
913 3549 935 3598 t.
971 3549 991 3581 ³¹
1006 3547 1119 3598 Hocila
1136 3545 1317 3612 divinalege
1338 3545 1399 3595 dod.
1421 3547 1444 3596 l.
1478 3545 1649 3607 ³³Voluisse,
1667 3545 1781 3610 quaudo

84 3619 176 3682 liupr.
214 3616 235 3650 ἰ
248 3613 289 3666 Ne
303 3614 415 3666 Domini
429 3615 508 3665 osee.

748 3677 861 3761 Steph.
884 3679 1009 3744 Baluzii
1030 3683 1128 3745 uotae.

118 3803 156 3864 tl)
182 3797 349 3850 intolerabili
395 3797 573 3862 (estimatione.
620 3797 719 3850 Vetera
767 3803 1077 3890 exempla-cmarnut
1106 3805 1134 3852 et
1163 3801 1246 3860 recle,
1274 3798 1354 3849 datas
1377 3809 1452 3854 esse,
1482 3810 1586 3862 easque
1609 3797 1700 3848 solum
1731 3799 1781 3849 Pe-

86 3877 152 3936 rta,
206 3868 398 3921 intolerabilem
447 3870 643 3930 [allectionem
699 3873 917 3923 commonitorie·
967 3877 1040 3924 trum
1069 3872 1210 3934 accepisse
1241 3870 1278 3920 ait
1307 3869 1434 3934 Optatus,
1463 3868 1512 3920 sed
1533 3868 1786 3920 communicandae

85 3949 141 3997 sis.
167 3941 231 3995 Sed
249 3940 323 3993 hanc
349 3935 497 3992 lectionem
520 3939 661 3991 Pameliue
682 3941 720 3991 ait
742 3955 802 3993 esse
828 3944 917 4006 pessi·
967 3958 1032 3995 cum
1051 3943 1166 3996 certeris.
1190 3939 1310 3992 Gerebat
1333 3938 1512 3999 euim,utatt
1537 3943 1652 3990 sanctus
1677 3941 1788 4004 Augus-

86 4030 183 4068 mam.
258 4045 259 4050 κ
968 4015 1052 4077 tinus,
1079 4015 1165 4064 totius
1192 4011 1331 4063 Ecclesiae-
1347 4011 1465 4075 figurata
1486 4011 1663 4074 generalitate
1687 4023 1782 4074 porso-

120 4081 307 4148 (sternata.
322 4080 647 4146 Quidamlibriveteres,
663 4081 809 4146 querelosa.
967 4099 1050 4146 uem,
1074 4089 1101 4135 et
1126 4086 1202 4135 erant
1235 4083 1334 4146 utique
1360 4079 1456 4134 'caleri
1481 4081 1599 4145 apostoli
1626 4081 1702 4145 quod
1730 4083 1784 4132 luit

122 4159 160 4220 (3)
191 4156 322 4220 optamus
350 4157 383 4203 le.
414 4151 617 4203 Revocarimus
651 4152 725 4204 hanc
763 4153 917 4204 clausulam
967 4155 1075 4215 Petrus,
1090 4153 1149 4219 pari
1162 4153 1303 4203 consortio
1320 4151 1427 4214 praediti
1446 4153 1474 4201 et
1493 4149 1606 4200 honoris
1619 4153 1779 4212 etpotesta·

87 4233 227 4280 veterum
240 4223 403 4285 editionum,
417 4235 500 4286 quam
512 4224 666 4286 reperimus
688 4224 772 4274 etiam
794 4225 822 4274 iu
844 4238 917 4288 qua-¹
967 4226 1013 4280 lis,
1034 4227 1064 4274 ut
1087 4225 1125 4274 ait
1148 4223 1303 4287 Cyprianus
1325 4223 1353 4271 in
1379 4221 1450 4272 libro
1472 4220 1504 4270 de
1530 4221 1633 4270 limitata
1653 4219 1782 4270 Ecclesia.

86 4305 155 4350 tuor
186 4295 314 4360 antiquis
335 4293 487 4346 codicibus.
506 4293 605 4344 Nescio
623 4297 715 4344 autem
737 4307 793 4358 qua
820 4298 933 4347 auoto-¹
968 4293 1038 4345 Vide
1077 4293 1222 4358 epistolam
1262 4291 1398 4356 Stephani
1425 4292 1548 4357 episcopi
1580 4291 1721 4341 Larissam
1747 4291 1783 4342 ad

88 4371 176 4420 ritate
204 4365 341 4430 Rigaltius
360 4365 443 4414 aliam
467 4364 587 4426 induxit,
609 4375 693 4428 quarn
712 4376 765 4430 ego
789 4366 918 4430 nuspiam
968 4365 1140 4416 Bouiiacium
1154 4377 1255 4428 papam
1270 4364 1304 4426 ll,
1320 4363 1422 4414 editam
1436 4364 1466 4413 in
1479 4362 1648 4415 collectione
1662 4361 1787 4413 Romana

88 4440 198 4506 reperi.
219 4437 304 4501 Angli
317 4439 481 4486 tamencum
500 4435 684 4486 retinuerunt.
968 4436 1114 4497 ilolsteuii,
1141 4435 1285 4499 epistolam
1325 4433 1440 4497 Mupinii
1479 4433 1602 4497 episcopi
1640 4433 1788 4484 Remensis

122 4515 157 4574 tl)
184 4507 258 4559 Haec
290 4507 405 4570 epistola
432 4505 460 4556 lu
477 4505 562 4555 veteri
586 4503 656 4556 libro
680 4507 769 4557 sancti
791 4505 918 4570 Dionysii
968 4507 1042 4570 apud
1068 4506 1220 4557 Freherum
1244 4511 1272 4556 et
1295 4505 1509 4566 Duchesnium,
1543 4507 1570 4554 et
1606 4503 1786 4554 Franciscum

89 4582 249 4634 blemensis
271 4580 297 4628 et
314 4579 343 4627 in
370 4583 428 4626 uuo
448 4589 511 4628 meo
528 4579 569 4626 est
591 4575 786 4642 anepigrapha.
803 4577 835 4627 ln
859 4577 918 4628 edi·
967 4577 1112 4631 bissonum
1133 4576 1181 4627 lib.
1207 4589 1246 4637 rv,
1271 4589 1331 4640 cap.
1357 4576 1383 4638 s,
1409 4575 1434 4638 i,
1460 4575 1492 4626 de
1515 4574 1664 4625 ministerio
1694 4572 1784 4636 lapti-

89 4657 171 4704 tioue
186 4648 352 4702 Moselliaua
367 4647 470 4698 dicitur
483 4660 544 4698 esse
565 4646 685 4698 Celerini
706 4649 740 4698 ad
768 4647 868 4713 lapsos.
886 4648 917 4698 iu
967 4664 1044 4702 coac.

89 4727 224 4777 editione
242 4720 413 4782 Manutiaue,
436 4733 500 4784 quas
516 4719 604 4784 prime
630 4720 757 4771 omnium
779 4725 830 4778 est,
845 4724 874 4771 et
889 4721 918 4771 iu
999 4725 1031 4784 (8)
1046 4723 1075 4772 lit
1087 4719 1232 4772 Ecclesia...
1245 4719 1370 4782 lacerent
1383 4719 1438 4768 ista
1452 4716 1547 4767 addita
1569 4719 1636 4766 sunt
1657 4729 1691 4767 ex
1715 4714 1787 4765 libro

88 4797 166 4848 libro
192 4793 329 4854 susensi,
364 4791 513 4856 Cyprianus
549 4789 639 4856 lapsis.
670 4792 737 4851 Quas
774 4795 817 4842 est
854 4805 918 4842 vera
967 4807 1031 4845 meo
1061 4795 1153 4844 velere
1185 4795 1213 4842 et
1242 4803 1277 4840 ex
1301 4788 1422 4838 editione
1451 4786 1577 4838 Morellii.
1608 4786 1679 4849 Quae
1702 4786 1788 4835 miror

91 4869 191 4920 lectio.
967 4863 1152 4929 praetermissa
1182 4861 1268 4912 luisse
1300 4875 1316 4911 a
1347 4857 1469 4910 Pamelio
1497 4863 1525 4908 et
1552 4857 1686 4921 Rigaltio,
1720 4871 1786 4908 cum

124 4940 158 5001 (5)
194 4935 278 4998 Cujus
301 4938 441 4997 precepta.
467 4931 553 4997 Sequi
577 4933 606 4984 iu
634 4931 689 4984 boc
714 4932 777 4984 loco
813 4932 919 4998 placuit
968 4935 1074 4999 absque
1102 4934 1135 4986 iis
1162 4945 1262 4984 seusus
1286 4944 1343 4981 uon
1380 4932 1416 4980 sit
1449 4930 1564 4992 integer.
1596 4927 1682 4980 Recte
1722 4941 1788 4993 ergo

90 5009 268 5072 scripturam
290 5003 353 5056 libri
370 5003 517 5063 Fanensis,
533 5015 617 5066 quam
645 5005 713 5067 puto
737 5015 798 5054 esse
822 5002 918 5053 melio-
968 5005 1096 5056 iecerunt
1147 5003 1231 5067 Angli
1286 5003 1339 5052 iata
1394 5005 1569 5064 reponentes.
1619 4998 1788 5051 Reiubartus

92 5095 154 5131 rem
191 5091 226 5127 ea
251 5088 336 5139 quem
376 5073 526 5138 praeterunt
561 5073 699 5125 editiones
733 5073 849 5126 bisuntii
890 5075 919 5124 et
968 5075 1069 5136 omisit,
1095 5075 1161 5138 quia
1177 5086 1209 5124 ea
1235 5086 1292 5124 nou
1314 5071 1476 5124 inveniebat
1501 5071 1530 5120 in
1549 5069 1671 5122 editione
1693 5069 1787 5134 uiget-

92 5149 219 5202 liorellil
243 5151 274 5198 et
297 5149 377 5196 relus
404 5143 475 5195 liber
498 5156 594 5205 meus,
623 5143 673 5195 ubi
701 5146 836 5209 scriptum
866 5145 1009 5247 est,Dtil.

94 5239 110 5268 c
124 5221 219 5284 Cujus
233 5219 373 5283 praecepta
389 5213 524 5265 debemus
537 5217 662 5265 metuere
681 5219 709 5266 et
732 5215 918 5266 observare.»
999 5215 1034 5279 (ll)
1050 5214 1159 5278 Quaado
1186 5211 1313 5265 Ecclesia.
1347 5210 1439 5264 Verba
1471 5216 1538 5262 sunl
1572 5211 1713 5277 lapsorum
1752 5211 1788 5263 ad

95 5293 196 5345 Codex
209 5289 301 5340 sancti
316 5286 444 5351 Dionysii
461 5285 615 5349 Remensis,
629 5303 643 5333 «
658 5287 919 5352 praecepissemus
969 5285 1152 5351 cyprianum.

95 5371 125 5415 et
137 5363 300 5414 observare.
317 5374 333 5407 e
983 5355 1051 5418 (ιθ)
1062 5355 1171 5406 laricta.
1201 5355 1261 5407 Non
1278 5353 1456 5406 admonerem
1481 5352 1556 5405 hauc
1582 5366 1688 5415 vocem,
1704 5366 1789 5417 quam

132 5436 163 5497 [m
176 5435 238 5484 tvae
251 5432 356 5482 aiacem
379 5441 445 5479 eam.
465 5427 506 5479 lta
528 5429 612 5479 etiam
630 5429 659 5478 in
678 5429 749 5480 libro
764 5429 795 5479 de
817 5429 920 5481 llnitate
969 5427 1119 5493 praeierunt
1144 5427 1281 5478 editiones
1307 5425 1433 5488 bisuntii,
1457 5423 1585 5485 liorollii,
1609 5428 1636 5474 et
1663 5423 1788 5487 Pemelii,

98 5503 230 5563 Ecclesia,
241 5515 305 5566 pag.
322 5501 374 5552 lli.
390 5499 486 5551 Codex
497 5499 653 5551 Furensis:
669 5501 728 5552 Noa
738 5499 920 5564 praevalebant
970 5512 1034 5563 quae
1049 5501 1138 5550 exstat
1152 5499 1237 5550 etiam
1252 5499 1280 5547 in
1292 5497 1363 5548 libro
1376 5510 1439 5548 rneo
1453 5497 1540 5548 reteri
1560 5499 1586 5546 et
1600 5495 1629 5546 in
1644 5494 1788 5546 Gratiano·

98 5577 228 5626 aduram
240 5587 308 5624 eam
328 5571 410 5636 Apud
432 5569 582 5622 Pacianum
602 5571 630 5621 iu
652 5571 767 5636 epistola
787 5569 822 5622 ad
838 5569 919 5635 Sym·
970 5570 1103 5636 politauo,
1118 5571 1237 5635 positam
1252 5583 1268 5619 a
1285 5582 1330 5620 me
1347 5581 1409 5620 esse
1423 5568 1452 5618 tu
1469 5567 1524 5620 hoc
1541 5567 1613 5626 loco,
1628 5567 1682 5617 uisi
1696 5566 1789 5630 Rigal-

100 5647 286 5710 pbronianum
308 5649 404 5694 contra
429 5643 561 5694 tractatus
584 5643 801 5694 Noratlauorum
826 5657 832 5692 ι
861 5643 920 5694 Νοιι
970 5642 1025 5692 lius
1040 5640 1329 5704 eleditioAnglicaua
1356 5652 1405 5704 pro
1426 5651 1458 5691 ea
1483 5639 1627 5698 habereut,
1649 5637 1789 5697 invidiam,

101 5717 283 5768 ammiscent
299 5715 427 5766 adversas
440 5727 506 5764 eam.
971 5713 1049 5763 nullo
1063 5725 1148 5764 seusu
1162 5715 1210 5764 aul
1222 5714 1294 5763 certe
1307 5712 1435 5776 pessimo.
1448 5711 1517 5762 Puto
1531 5714 1624 5761 autem
1637 5707 1788 5773 Rigaltlum

136 5790 170 5852 Π)
186 5788 240 5839 riti
254 5787 324 5839 dale
339 5787 433 5838 elaces.
448 5785 585 5850 Quamvis
601 5785 664 5838 istic
684 5785 776 5838 claves
788 5798 845 5837 nou
857 5783 922 5836 deu·
972 5798 1033 5836 earu
1048 5798 1161 5849 pravam
1182 5782 1331 5836 lectionem
1348 5781 1491 5846 accepisse
1509 5795 1545 5834 ax
1566 5781 1637 5833 libro
1656 5775 1788 5839 Furenti,

1 5873 2 5878 ¹
103 5867 150 5912 tar
164 5861 252 5926 Petro,
274 5859 324 5913 aad
348 5859 553 5926 promittantur,
579 5861 686 5912 veteres
707 5862 801 5912 tamen
825 5857 921 5910 existi·
973 5870 1123 5925 quousum
1135 5856 1289 5910 ossellum
1304 5857 1419 5908 constat.
