<?xml version="1.0" encoding="UTF-8"?>
<!DOCTYPE html PUBLIC "-//W3C//DTD XHTML 1.0 Transitional//EN"
    "http://www.w3.org/TR/xhtml1/DTD/xhtml1-transitional.dtd">
<html xmlns="http://www.w3.org/1999/xhtml" xml:lang="en" lang="en">
 <head>
  <title>
</title>
<meta http-equiv="Content-Type" content="text/html;charset=utf-8" />
  <meta name='ocr-system' content='tesseract 3.04.00' />
  <meta name='ocr-capabilities' content='ocr_page ocr_carea ocr_par ocr_line ocrx_word'/>
</head>
<body>
  <div class='ocr_page' id='page_1' title='image "./patrologiaecurs85unkngoog_0516.png"; bbox 0 0 4090 6188; ppageno 0'>
   <div class='ocr_carea' id='block_1_1' title="bbox 744 225 1260 292">
    <p class='ocr_par' dir='ltr' id='par_1_1' title="bbox 744 225 1260 292">
     <span class='ocr_line' id='line_1_1' title="bbox 744 225 1260 292; baseline 0.016 -8"><span class='ocrx_word' id='word_1_1' title='bbox 744 225 786 286; x_wconf 82' lang='lat' dir='ltr'><strong><em>DE</em></strong></span> <span class='ocrx_word' id='word_1_2' title='bbox 805 229 937 290; x_wconf 74' lang='lat' dir='ltr'>PASCHA</span> <span class='ocrx_word' id='word_1_3' title='bbox 957 231 1143 292; x_wconf 76' lang='lat' dir='ltr'>COMPUTUS.</span> <span class='ocrx_word' id='word_1_4' title='bbox 1247 239 1260 260; x_wconf 76' lang='lat'>⁸</span> 
     </span>
    </p>
   </div>
   <div class='ocr_carea' id='block_1_2' title="bbox 365 546 1548 727">
    <p class='ocr_par' dir='ltr' id='par_1_2' title="bbox 365 546 1548 727">
     <span class='ocr_line' id='line_1_2' title="bbox 365 546 1548 727; baseline 0.014 -19"><span class='ocrx_word' id='word_1_5' title='bbox 365 546 497 710; x_wconf 89' lang='lat' dir='ltr'><strong><em>DE</em></strong></span> <span class='ocrx_word' id='word_1_6' title='bbox 541 549 953 724; x_wconf 81' lang='lat' dir='ltr'><strong>PASCHA</strong></span> <span class='ocrx_word' id='word_1_7' title='bbox 998 554 1548 727; x_wconf 84' lang='lat' dir='ltr'>COMPUTUS</span> 
     </span>
    </p>
   </div>
   <div class='ocr_carea' id='block_1_3' title="bbox 315 816 1583 894">
    <p class='ocr_par' dir='ltr' id='par_1_3' title="bbox 315 816 1583 894">
     <span class='ocr_line' id='line_1_3' title="bbox 315 816 1583 894; baseline 0.01 -17"><span class='ocrx_word' id='word_1_8' title='bbox 315 816 468 879; x_wconf 74' lang='lat' dir='ltr'><strong><em>auctoni</em></strong></span> <span class='ocrx_word' id='word_1_9' title='bbox 483 819 671 883; x_wconf 75' lang='lat' dir='ltr'><strong><em>tantares</em></strong></span> <span class='ocrx_word' id='word_1_10' title='bbox 692 825 831 886; x_wconf 78' lang='lat' dir='ltr'><strong><em>wantis</em></strong></span> <span class='ocrx_word' id='word_1_11' title='bbox 849 827 881 890; x_wconf 82' lang='lat' dir='ltr'><strong><em>S·</em></strong></span> <span class='ocrx_word' id='word_1_12' title='bbox 904 831 934 886; x_wconf 85' lang='grc' dir='ltr'><strong><em>Τ.</em></strong></span> <span class='ocrx_word' id='word_1_13' title='bbox 955 831 986 886; x_wconf 83' lang='grc' dir='ltr'><strong><em>Ρ.</em></strong></span> <span class='ocrx_word' id='word_1_14' title='bbox 1010 831 1223 894; x_wconf 76' lang='lat' dir='ltr'><strong><em>GEOMETiliAE</em></strong></span> <span class='ocrx_word' id='word_1_15' title='bbox 1241 831 1438 894; x_wconf 80' lang='lat' dir='ltr'><strong><em>PROFESSOR</em></strong></span> <span class='ocrx_word' id='word_1_16' title='bbox 1459 832 1583 892; x_wconf 76' lang='lat' dir='ltr'><strong><em>ononis</em></strong></span> 
     </span>
    </p>
   </div>
   <div class='ocr_carea' id='block_1_4' title="bbox 921 995 1041 1014">
    <p class='ocr_par' dir='ltr' id='par_1_4' title="bbox 921 995 1041 1014">
     <span class='ocr_line' id='line_1_4' title="bbox 921 995 1041 1014; baseline 0.025 -3"><span class='ocrx_word' id='word_1_17' title='bbox 921 995 1041 1014; x_wconf 60' lang='lat' dir='ltr'>m</span> 
     </span>
    </p>
   </div>
   <div class='ocr_carea' id='block_1_5' title="bbox 92 1121 1875 5406">
    <p class='ocr_par' dir='ltr' id='par_1_5' title="bbox 96 1121 1875 3626">
     <span class='ocr_line' id='line_1_5' title="bbox 141 1121 1801 1213; baseline 0.01 -35"><span class='ocrx_word' id='word_1_18' title='bbox 141 1121 210 1178; x_wconf 79' lang='lat' dir='ltr'><strong><em>dcem</em></strong></span> <span class='ocrx_word' id='word_1_19' title='bbox 233 1126 397 1183; x_wconf 81' lang='lat' dir='ltr'><strong><em>reuerendus</em></strong></span> <span class='ocrx_word' id='word_1_20' title='bbox 420 1127 568 1186; x_wconf 75' lang='lat' dir='ltr'><strong><em>admodum</em></strong></span> <span class='ocrx_word' id='word_1_21' title='bbox 586 1133 723 1192; x_wconf 85' lang='lat' dir='ltr'><strong><em>lobanues</em></strong></span> <span class='ocrx_word' id='word_1_22' title='bbox 745 1137 811 1202; x_wconf 78' lang='lat' dir='ltr'><strong><em>reti,</em></strong></span> <span class='ocrx_word' id='word_1_23' title='bbox 836 1141 987 1213; x_wconf 81' lang='lat' dir='ltr'><strong><em>Episcopus</em></strong></span> <span class='ocrx_word' id='word_1_24' title='bbox 1008 1143 1178 1205; x_wconf 82' lang='lat' dir='ltr'><strong><em>Ononiensis,</em></strong></span> <span class='ocrx_word' id='word_1_25' title='bbox 1203 1156 1290 1212; x_wconf 90' lang='lat' dir='ltr'><strong><em>nuper</em></strong></span> <span class='ocrx_word' id='word_1_26' title='bbox 1314 1156 1332 1196; x_wconf 93' lang='lat' dir='ltr'><strong><em>a</em></strong></span> <span class='ocrx_word' id='word_1_27' title='bbox 1355 1156 1397 1197; x_wconf 90' lang='lat' dir='ltr'><strong><em>me</em></strong></span> <span class='ocrx_word' id='word_1_28' title='bbox 1416 1142 1527 1212; x_wconf 88' lang='lat' dir='ltr'><strong><em>petierit</em></strong></span> <span class='ocrx_word' id='word_1_29' title='bbox 1549 1145 1581 1195; x_wconf 90' lang='lat' dir='ltr'><strong><em>ut</em></strong></span> <span class='ocrx_word' id='word_1_30' title='bbox 1595 1142 1744 1196; x_wconf 90' lang='lat' dir='ltr'><strong><em>tractatum</em></strong></span> <span class='ocrx_word' id='word_1_31' title='bbox 1757 1139 1801 1195; x_wconf 81' lang='lat' dir='ltr'><strong><em>iiic</em></strong></span> 
     </span>
     <span class='ocr_line' id='line_1_6' title="bbox 107 1215 1803 1302; baseline 0.009 -34"><span class='ocrx_word' id='word_1_32' title='bbox 107 1220 265 1286; x_wconf 74' lang='lat' dir='ltr'><strong><em>sequentem</em></strong></span> <span class='ocrx_word' id='word_1_33' title='bbox 277 1215 336 1288; x_wconf 82' lang='lat' dir='ltr'><strong><em>[qni</em></strong></span> <span class='ocrx_word' id='word_1_34' title='bbox 351 1217 486 1290; x_wconf 84' lang='lat' dir='ltr'><strong><em>b&#39;ppriani</em></strong></span> <span class='ocrx_word' id='word_1_35' title='bbox 494 1223 654 1292; x_wconf 71' lang='lat' dir='ltr'><strong><em>perhibetur</em></strong></span> <span class='ocrx_word' id='word_1_36' title='bbox 666 1241 730 1290; x_wconf 88' lang='lat' dir='ltr'><strong><em>osse,</em></strong></span> <span class='ocrx_word' id='word_1_37' title='bbox 746 1234 837 1300; x_wconf 86' lang='lat' dir='ltr'><strong><em>estque</em></strong></span> <span class='ocrx_word' id='word_1_38' title='bbox 857 1245 918 1286; x_wconf 92' lang='lat' dir='ltr'><strong><em>cum</em></strong></span> <span class='ocrx_word' id='word_1_39' title='bbox 931 1231 1046 1302; x_wconf 88' lang='lat' dir='ltr'><strong><em>reliquis</em></strong></span> <span class='ocrx_word' id='word_1_40' title='bbox 1069 1229 1205 1302; x_wconf 71' lang='lat' dir='ltr'><strong><em>Cypriani</em></strong></span> <span class='ocrx_word' id='word_1_41' title='bbox 1223 1231 1286 1300; x_wconf 85' lang='lat' dir='ltr'><strong><em>jum</em></strong></span> <span class='ocrx_word' id='word_1_42' title='bbox 1315 1228 1447 1302; x_wconf 81' lang='lat' dir='ltr'><strong><em>edendus)</em></strong></span> <span class='ocrx_word' id='word_1_43' title='bbox 1467 1229 1640 1300; x_wconf 70' lang='lat' dir='ltr'><strong><em>perimerem,</em></strong></span> <span class='ocrx_word' id='word_1_44' title='bbox 1663 1231 1689 1284; x_wconf 87' lang='lat' dir='ltr'><strong><em>et</em></strong></span> <span class='ocrx_word' id='word_1_45' title='bbox 1706 1225 1803 1284; x_wconf 88' lang='lat' dir='ltr'><strong><em>saltem</em></strong></span> 
     </span>
     <span class='ocr_line' id='line_1_7' title="bbox 106 1305 1800 1392; baseline 0.007 -34"><span class='ocrx_word' id='word_1_46' title='bbox 106 1319 233 1361; x_wconf 87' lang='lat' dir='ltr'><strong><em>numeros</em></strong></span> <span class='ocrx_word' id='word_1_47' title='bbox 261 1305 338 1378; x_wconf 85' lang='lat' dir='ltr'><strong><em>(quos</em></strong></span> <span class='ocrx_word' id='word_1_48' title='bbox 363 1307 527 1380; x_wconf 85' lang='lat' dir='ltr'><strong><em>depravatos</em></strong></span> <span class='ocrx_word' id='word_1_49' title='bbox 552 1329 605 1370; x_wconf 89' lang='lat' dir='ltr'><strong><em>esse</em></strong></span> <span class='ocrx_word' id='word_1_50' title='bbox 626 1318 782 1388; x_wconf 86' lang='lat' dir='ltr'><strong><em>suspicatus</em></strong></span> <span class='ocrx_word' id='word_1_51' title='bbox 802 1319 851 1391; x_wconf 81' lang='lat' dir='ltr'><strong><em>est)</em></strong></span> <span class='ocrx_word' id='word_1_52' title='bbox 871 1322 1080 1376; x_wconf 72' lang='lat' dir='ltr'><strong><em>examinarem:</em></strong></span> <span class='ocrx_word' id='word_1_53' title='bbox 1095 1321 1162 1392; x_wconf 90' lang='lat' dir='ltr'><strong><em>quid</em></strong></span> <span class='ocrx_word' id='word_1_54' title='bbox 1183 1321 1233 1376; x_wconf 89' lang='lat' dir='ltr'><strong><em>bac</em></strong></span> <span class='ocrx_word' id='word_1_55' title='bbox 1257 1323 1287 1375; x_wconf 91' lang='lat' dir='ltr'><strong><em>in</em></strong></span> <span class='ocrx_word' id='word_1_56' title='bbox 1301 1335 1329 1375; x_wconf 91' lang='lat' dir='ltr'><strong><em>re</em></strong></span> <span class='ocrx_word' id='word_1_57' title='bbox 1349 1322 1470 1388; x_wconf 70' lang='lat' dir='ltr'><strong><em>fecerim,</em></strong></span> <span class='ocrx_word' id='word_1_58' title='bbox 1490 1320 1587 1388; x_wconf 84' lang='lat' dir='ltr'><strong><em>paucis</em></strong></span> <span class='ocrx_word' id='word_1_59' title='bbox 1600 1315 1800 1388; x_wconf 84' lang='lat' dir='ltr'><strong><em>enponendam.</em></strong></span> 
     </span>
     <span class='ocr_line' id='line_1_8' title="bbox 106 1396 1801 1481; baseline 0.008 -34"><span class='ocrx_word' id='word_1_60' title='bbox 106 1396 241 1464; x_wconf 73' lang='lat' dir='ltr'><strong><em>Repertus</em></strong></span> <span class='ocrx_word' id='word_1_61' title='bbox 253 1396 318 1451; x_wconf 89' lang='lat' dir='ltr'><strong><em>olim</em></strong></span> <span class='ocrx_word' id='word_1_62' title='bbox 331 1403 372 1452; x_wconf 89' lang='lat' dir='ltr'><strong><em>est</em></strong></span> <span class='ocrx_word' id='word_1_63' title='bbox 387 1403 522 1457; x_wconf 88' lang='lat' dir='ltr'><strong><em>tractatus</em></strong></span> <span class='ocrx_word' id='word_1_64' title='bbox 537 1403 581 1458; x_wconf 89' lang='lat' dir='ltr'><strong><em>bic</em></strong></span> <span class='ocrx_word' id='word_1_65' title='bbox 594 1401 624 1459; x_wconf 87' lang='lat' dir='ltr'><strong><em>in</em></strong></span> <span class='ocrx_word' id='word_1_66' title='bbox 639 1405 798 1462; x_wconf 74' lang='lat' dir='ltr'><strong><em>bibliotheca</em></strong></span> <span class='ocrx_word' id='word_1_67' title='bbox 812 1408 975 1465; x_wconf 73' lang='lat' dir='ltr'><strong><em>cottoniana</em></strong></span> <span class='ocrx_word' id='word_1_68' title='bbox 987 1413 1199 1481; x_wconf 88' lang='lat' dir='ltr'><strong><em>manuscriptus,</em></strong></span> <span class='ocrx_word' id='word_1_69' title='bbox 1224 1410 1270 1466; x_wconf 88' lang='lat' dir='ltr'><strong><em>sed</em></strong></span> <span class='ocrx_word' id='word_1_70' title='bbox 1291 1410 1443 1464; x_wconf 86' lang='lat' dir='ltr'><strong><em>mendosus.</em></strong></span> <span class='ocrx_word' id='word_1_71' title='bbox 1467 1409 1544 1463; x_wconf 84' lang='lat' dir='ltr'><strong><em>liano</em></strong></span> <span class='ocrx_word' id='word_1_72' title='bbox 1562 1406 1801 1462; x_wconf 84' lang='lat' dir='ltr'><strong><em>reverendissimus</em></strong></span> 
     </span>
     <span class='ocr_line' id='line_1_9' title="bbox 105 1483 1800 1572; baseline 0.007 -36"><span class='ocrx_word' id='word_1_73' title='bbox 105 1483 222 1539; x_wconf 81' lang='lat' dir='ltr'><strong><em>lacobus</em></strong></span> <span class='ocrx_word' id='word_1_74' title='bbox 248 1485 378 1555; x_wconf 85' lang='lat' dir='ltr'><strong><em>tisserius,</em></strong></span> <span class='ocrx_word' id='word_1_75' title='bbox 401 1505 488 1561; x_wconf 89' lang='lat' dir='ltr'><strong><em>nuper</em></strong></span> <span class='ocrx_word' id='word_1_76' title='bbox 507 1493 721 1567; x_wconf 86' lang='lat' dir='ltr'><strong><em>arcbiepiscopus</em></strong></span> <span class='ocrx_word' id='word_1_77' title='bbox 745 1499 946 1570; x_wconf 83' lang='lat' dir='ltr'><strong><em>Armcqbanus,</em></strong></span> <span class='ocrx_word' id='word_1_78' title='bbox 970 1501 1086 1556; x_wconf 76' lang='lat' dir='ltr'><strong><em>suscribi</em></strong></span> <span class='ocrx_word' id='word_1_79' title='bbox 1108 1504 1252 1554; x_wconf 82' lang='lat' dir='ltr'><strong><em>curaverat</em></strong></span> <span class='ocrx_word' id='word_1_80' title='bbox 1265 1519 1273 1566; x_wconf 87' lang='lat'>;</span> <span class='ocrx_word' id='word_1_81' title='bbox 1288 1496 1383 1572; x_wconf 84' lang='lat'><strong><em>939</em></strong></span> <span class='ocrx_word' id='word_1_82' title='bbox 1398 1511 1501 1568; x_wconf 89' lang='lat' dir='ltr'><strong><em>suoque</em></strong></span> <span class='ocrx_word' id='word_1_83' title='bbox 1516 1497 1674 1567; x_wconf 81' lang='lat' dir='ltr'><strong><em>apoqraptco</em></strong></span> <span class='ocrx_word' id='word_1_84' title='bbox 1688 1509 1752 1549; x_wconf 80' lang='lat' dir='ltr'><strong><em>scios</em></strong></span> <span class='ocrx_word' id='word_1_85' title='bbox 1767 1493 1800 1548; x_wconf 90' lang='lat' dir='ltr'><strong><em>dc</em></strong></span> 
     </span>
     <span class='ocr_line' id='line_1_10' title="bbox 105 1573 1800 1662; baseline 0.006 -34"><span class='ocrx_word' id='word_1_86' title='bbox 105 1573 293 1630; x_wconf 79' lang='lat' dir='ltr'><strong><em>emendatione</em></strong></span> <span class='ocrx_word' id='word_1_87' title='bbox 325 1578 491 1648; x_wconf 80' lang='lat' dir='ltr'><strong><em>conjecturas</em></strong></span> <span class='ocrx_word' id='word_1_88' title='bbox 520 1583 624 1641; x_wconf 83' lang='lat' dir='ltr'><strong><em>acclamo</em></strong></span> <span class='ocrx_word' id='word_1_89' title='bbox 647 1588 762 1643; x_wconf 87' lang='lat' dir='ltr'><strong><em>inseruit</em></strong></span> <span class='ocrx_word' id='word_1_90' title='bbox 775 1605 781 1644; x_wconf 96' lang='lat'><strong>:</strong></span> <span class='ocrx_word' id='word_1_91' title='bbox 796 1589 911 1660; x_wconf 85' lang='lat' dir='ltr'><strong><em>indeque</em></strong></span> <span class='ocrx_word' id='word_1_92' title='bbox 937 1606 1014 1662; x_wconf 89' lang='lat' dir='ltr'><strong><em>quem</em></strong></span> <span class='ocrx_word' id='word_1_93' title='bbox 1033 1592 1095 1661; x_wconf 83' lang='lat' dir='ltr'><strong><em>jam</em></strong></span> <span class='ocrx_word' id='word_1_94' title='bbox 1120 1595 1269 1645; x_wconf 89' lang='lat' dir='ltr'><strong><em>tractamus</em></strong></span> <span class='ocrx_word' id='word_1_95' title='bbox 1292 1587 1479 1659; x_wconf 83' lang='lat' dir='ltr'><strong><em>apoqrcpbum</em></strong></span> <span class='ocrx_word' id='word_1_96' title='bbox 1502 1587 1580 1641; x_wconf 81' lang='lat' dir='ltr'><strong><em>nescii</em></strong></span> <span class='ocrx_word' id='word_1_97' title='bbox 1603 1599 1706 1640; x_wconf 87' lang='lat' dir='ltr'><strong><em>sumus.</em></strong></span> <span class='ocrx_word' id='word_1_98' title='bbox 1720 1585 1800 1640; x_wconf 89' lang='lat' dir='ltr'><strong><em>lianc</em></strong></span> 
     </span>
     <span class='ocr_line' id='line_1_11' title="bbox 107 1663 1797 1749; baseline 0.005 -32"><span class='ocrx_word' id='word_1_99' title='bbox 107 1663 216 1718; x_wconf 84' lang='lat' dir='ltr'><strong><em>demum</em></strong></span> <span class='ocrx_word' id='word_1_100' title='bbox 228 1681 306 1736; x_wconf 89' lang='lat' dir='ltr'><strong><em>quem</em></strong></span> <span class='ocrx_word' id='word_1_101' title='bbox 315 1665 445 1726; x_wconf 81' lang='lat' dir='ltr'><strong><em>babarus</em></strong></span> <span class='ocrx_word' id='word_1_102' title='bbox 458 1674 646 1744; x_wconf 85' lang='lat' dir='ltr'><strong><em>apoqrapbum</em></strong></span> <span class='ocrx_word' id='word_1_103' title='bbox 660 1678 820 1734; x_wconf 85' lang='lat' dir='ltr'><strong><em>reuerendus</em></strong></span> <span class='ocrx_word' id='word_1_104' title='bbox 830 1681 874 1734; x_wconf 85' lang='lat' dir='ltr'><strong><em>vir</em></strong></span> <span class='ocrx_word' id='word_1_105' title='bbox 896 1680 1009 1736; x_wconf 85' lang='lat' dir='ltr'><strong><em>Tbomas</em></strong></span> <span class='ocrx_word' id='word_1_106' title='bbox 1030 1679 1105 1746; x_wconf 80' lang='lat' dir='ltr'><strong><em>dale,</em></strong></span> <span class='ocrx_word' id='word_1_107' title='bbox 1125 1695 1206 1736; x_wconf 80' lang='lat' dir='ltr'><strong><em>sacres</em></strong></span> <span class='ocrx_word' id='word_1_108' title='bbox 1228 1680 1366 1748; x_wconf 80' lang='lat' dir='ltr'><strong><em>tbeoloqiae</em></strong></span> <span class='ocrx_word' id='word_1_109' title='bbox 1386 1678 1535 1749; x_wconf 68' lang='lat' dir='ltr'><strong><em>professor,</em></strong></span> <span class='ocrx_word' id='word_1_110' title='bbox 1556 1690 1616 1731; x_wconf 87' lang='lat' dir='ltr'><strong><em>cum</em></strong></span> <span class='ocrx_word' id='word_1_111' title='bbox 1633 1673 1797 1730; x_wconf 77' lang='lat' dir='ltr'><strong><em>cottoniano</em></strong></span> 
     </span>
     <span class='ocr_line' id='line_1_12' title="bbox 103 1753 1796 1838; baseline 0.006 -32"><span class='ocrx_word' id='word_1_112' title='bbox 103 1753 153 1807; x_wconf 91' lang='lat' dir='ltr'><strong><em>iiio</em></strong></span> <span class='ocrx_word' id='word_1_113' title='bbox 174 1754 264 1810; x_wconf 89' lang='lat' dir='ltr'><strong><em>codice</em></strong></span> <span class='ocrx_word' id='word_1_114' title='bbox 285 1759 411 1823; x_wconf 88' lang='lat' dir='ltr'><strong><em>contulit,</em></strong></span> <span class='ocrx_word' id='word_1_115' title='bbox 436 1765 461 1818; x_wconf 93' lang='grc' dir='ltr'><strong><em>ιι</em></strong></span> <span class='ocrx_word' id='word_1_116' title='bbox 481 1763 568 1818; x_wconf 85' lang='lat' dir='ltr'><strong><em>sicubi</em></strong></span> <span class='ocrx_word' id='word_1_117' title='bbox 590 1765 729 1822; x_wconf 80' lang='lat' dir='ltr'><strong><em>deviatum</em></strong></span> <span class='ocrx_word' id='word_1_118' title='bbox 751 1772 811 1824; x_wconf 87' lang='lat' dir='ltr'><strong><em>erat</em></strong></span> <span class='ocrx_word' id='word_1_119' title='bbox 831 1771 952 1825; x_wconf 87' lang='lat' dir='ltr'><strong><em>restituit</em></strong></span> <span class='ocrx_word' id='word_1_120' title='bbox 963 1787 971 1837; x_wconf 86' lang='lat'>;</span> <span class='ocrx_word' id='word_1_121' title='bbox 984 1773 1040 1834; x_wconf 85' lang='lat' dir='ltr'><strong><em>suis</em></strong></span> <span class='ocrx_word' id='word_1_122' title='bbox 1053 1771 1116 1824; x_wconf 90' lang='lat' dir='ltr'><strong><em>item</em></strong></span> <span class='ocrx_word' id='word_1_123' title='bbox 1128 1769 1241 1838; x_wconf 80' lang='lat' dir='ltr'><strong><em>adjectis</em></strong></span> <span class='ocrx_word' id='word_1_124' title='bbox 1256 1769 1394 1824; x_wconf 87' lang='lat' dir='ltr'><strong><em>striaturis</em></strong></span> <span class='ocrx_word' id='word_1_125' title='bbox 1409 1768 1525 1837; x_wconf 79' lang='lat' dir='ltr'><strong><em>aliquot,</em></strong></span> <span class='ocrx_word' id='word_1_126' title='bbox 1541 1765 1639 1836; x_wconf 88' lang='lat' dir='ltr'><strong><em>quibus</em></strong></span> <span class='ocrx_word' id='word_1_127' title='bbox 1654 1762 1697 1818; x_wconf 85' lang='lat' dir='ltr'><strong><em>cei</em></strong></span> <span class='ocrx_word' id='word_1_128' title='bbox 1709 1777 1796 1818; x_wconf 90' lang='lat' dir='ltr'><strong><em>emen-</em></strong></span> 
     </span>
     <span class='ocr_line' id='line_1_13' title="bbox 106 1842 1798 1929; baseline 0.007 -33"><span class='ocrx_word' id='word_1_129' title='bbox 106 1842 232 1900; x_wconf 84' lang='lat' dir='ltr'><strong><em>dationes</em></strong></span> <span class='ocrx_word' id='word_1_130' title='bbox 251 1847 419 1914; x_wconf 88' lang='lat' dir='ltr'><strong><em>insc&#39;nuubat,</em></strong></span> <span class='ocrx_word' id='word_1_131' title='bbox 436 1851 480 1906; x_wconf 89' lang='lat' dir='ltr'><strong><em>oei</em></strong></span> <span class='ocrx_word' id='word_1_132' title='bbox 497 1852 612 1923; x_wconf 87' lang='lat' dir='ltr'><strong><em>pbrascs</em></strong></span> <span class='ocrx_word' id='word_1_133' title='bbox 638 1856 744 1926; x_wconf 88' lang='lat' dir='ltr'><strong><em>aliquot</em></strong></span> <span class='ocrx_word' id='word_1_134' title='bbox 766 1859 839 1928; x_wconf 58' lang='lat' dir='ltr'><strong><em>inibi</em></strong></span> <span class='ocrx_word' id='word_1_135' title='bbox 857 1873 918 1929; x_wconf 79' lang='lat' dir='ltr'><strong><em>queo</em></strong></span> <span class='ocrx_word' id='word_1_136' title='bbox 940 1874 1000 1914; x_wconf 90' lang='lat' dir='ltr'><strong><em>cum</em></strong></span> <span class='ocrx_word' id='word_1_137' title='bbox 1024 1858 1157 1928; x_wconf 75' lang='lat' dir='ltr'><strong><em>cyprian</em></strong></span> <span class='ocrx_word' id='word_1_138' title='bbox 1178 1859 1257 1914; x_wconf 80' lang='lat' dir='ltr'><strong><em>dictis</em></strong></span> <span class='ocrx_word' id='word_1_139' title='bbox 1279 1859 1349 1913; x_wconf 90' lang='lat' dir='ltr'><strong><em>aiibi</em></strong></span> <span class='ocrx_word' id='word_1_140' title='bbox 1370 1857 1548 1922; x_wconf 87' lang='lat' dir='ltr'><strong><em>consentiant,</em></strong></span> <span class='ocrx_word' id='word_1_141' title='bbox 1562 1854 1634 1910; x_wconf 90' lang='lat' dir='ltr'><strong><em>unde</em></strong></span> <span class='ocrx_word' id='word_1_142' title='bbox 1647 1853 1798 1908; x_wconf 83' lang='lat' dir='ltr'><strong><em>decurtare</em></strong></span> 
     </span>
     <span class='ocr_line' id='line_1_14' title="bbox 107 1933 1796 2019; baseline 0.007 -34"><span class='ocrx_word' id='word_1_143' title='bbox 107 1933 263 2002; x_wconf 72' lang='lat' dir='ltr'><strong><em>coniectura</em></strong></span> <span class='ocrx_word' id='word_1_144' title='bbox 286 1939 372 2006; x_wconf 68' lang='lat' dir='ltr'><strong><em>peret.</em></strong></span> <span class='ocrx_word' id='word_1_145' title='bbox 398 1943 447 1997; x_wconf 82' lang='lat' dir='ltr'><strong><em>llis</em></strong></span> <span class='ocrx_word' id='word_1_146' title='bbox 469 1945 509 1998; x_wconf 89' lang='lat' dir='ltr'><strong><em>ita</em></strong></span> <span class='ocrx_word' id='word_1_147' title='bbox 528 1943 565 2000; x_wconf 92' lang='lat' dir='ltr'><strong><em>ad</em></strong></span> <span class='ocrx_word' id='word_1_148' title='bbox 583 1960 624 2000; x_wconf 90' lang='lat' dir='ltr'><strong><em>me</em></strong></span> <span class='ocrx_word' id='word_1_149' title='bbox 644 1945 752 2010; x_wconf 86' lang='lat' dir='ltr'><strong><em>delatis,</em></strong></span> <span class='ocrx_word' id='word_1_150' title='bbox 777 1964 833 2004; x_wconf 90' lang='lat' dir='ltr'><strong><em>rem</em></strong></span> <span class='ocrx_word' id='word_1_151' title='bbox 854 1951 884 2003; x_wconf 90' lang='lat' dir='ltr'><strong><em>in</em></strong></span> <span class='ocrx_word' id='word_1_152' title='bbox 907 1963 968 2004; x_wconf 91' lang='lat' dir='ltr'><strong><em>eum</em></strong></span> <span class='ocrx_word' id='word_1_153' title='bbox 988 1951 1047 2017; x_wconf 77' lang='lat' dir='ltr'><strong><em>fero</em></strong></span> <span class='ocrx_word' id='word_1_154' title='bbox 1062 1964 1138 2019; x_wconf 89' lang='lat' dir='ltr'><strong><em>quem</em></strong></span> <span class='ocrx_word' id='word_1_155' title='bbox 1158 1948 1234 2004; x_wconf 88' lang='lat' dir='ltr'><strong><em>vides</em></strong></span> <span class='ocrx_word' id='word_1_156' title='bbox 1246 1949 1368 2004; x_wconf 84' lang='lat' dir='ltr'><strong><em>ordinem</em></strong></span> <span class='ocrx_word' id='word_1_157' title='bbox 1381 1947 1487 2016; x_wconf 71' lang='lat' dir='ltr'><strong><em>conieci.</em></strong></span> <span class='ocrx_word' id='word_1_158' title='bbox 1501 1947 1633 2000; x_wconf 88' lang='lat' dir='ltr'><strong><em>Putaram</em></strong></span> <span class='ocrx_word' id='word_1_159' title='bbox 1645 1941 1796 2012; x_wconf 87' lang='lat' dir='ltr'><strong><em>aliquanda</em></strong></span> 
     </span>
     <span class='ocr_line' id='line_1_15' title="bbox 106 2021 1789 2107; baseline 0.007 -33"><span class='ocrx_word' id='word_1_160' title='bbox 106 2021 192 2087; x_wconf 89' lang='lat' dir='ltr'><strong><em>ilias,</em></strong></span> <span class='ocrx_word' id='word_1_161' title='bbox 208 2025 263 2082; x_wconf 85' lang='lat' dir='ltr'><strong><em>siae</em></strong></span> <span class='ocrx_word' id='word_1_162' title='bbox 278 2027 388 2095; x_wconf 84' lang='lat' dir='ltr'><strong><em>Usserii,</em></strong></span> <span class='ocrx_word' id='word_1_163' title='bbox 402 2032 457 2086; x_wconf 71' lang='lat' dir='ltr'><strong><em>aaa</em></strong></span> <span class='ocrx_word' id='word_1_164' title='bbox 469 2031 556 2101; x_wconf 82' lang='lat' dir='ltr'><strong><em>liutei,</em></strong></span> <span class='ocrx_word' id='word_1_165' title='bbox 570 2036 626 2090; x_wconf 88' lang='lat' dir='ltr'><strong><em>siue</em></strong></span> <span class='ocrx_word' id='word_1_166' title='bbox 640 2050 713 2091; x_wconf 88' lang='lat' dir='ltr'><strong><em>meas</em></strong></span> <span class='ocrx_word' id='word_1_167' title='bbox 727 2038 809 2092; x_wconf 89' lang='lat' dir='ltr'><strong><em>etiam</em></strong></span> <span class='ocrx_word' id='word_1_168' title='bbox 822 2037 856 2092; x_wconf 93' lang='lat' dir='ltr'><strong><em>de</em></strong></span> <span class='ocrx_word' id='word_1_169' title='bbox 868 2037 1053 2094; x_wconf 85' lang='lat' dir='ltr'><strong><em>emendatione</em></strong></span> <span class='ocrx_word' id='word_1_170' title='bbox 1065 2039 1244 2107; x_wconf 81' lang='lat' dir='ltr'><strong><em>conjecturem,</em></strong></span> <span class='ocrx_word' id='word_1_171' title='bbox 1260 2039 1349 2094; x_wconf 87' lang='lat' dir='ltr'><strong><em>teetui</em></strong></span> <span class='ocrx_word' id='word_1_172' title='bbox 1363 2039 1488 2098; x_wconf 88' lang='lat' dir='ltr'><strong><em>inserere,</em></strong></span> <span class='ocrx_word' id='word_1_173' title='bbox 1503 2034 1551 2089; x_wconf 86' lang='lat' dir='ltr'><strong><em>sed</em></strong></span> <span class='ocrx_word' id='word_1_174' title='bbox 1562 2034 1637 2088; x_wconf 88' lang='lat' dir='ltr'><strong><em>uncis</em></strong></span> <span class='ocrx_word' id='word_1_175' title='bbox 1651 2031 1789 2100; x_wconf 79' lang='lat' dir='ltr'><strong><em>inclmas;</em></strong></span> 
     </span>
     <span class='ocr_line' id='line_1_16' title="bbox 106 2115 1792 2198; baseline 0.005 -32"><span class='ocrx_word' id='word_1_176' title='bbox 106 2115 247 2185; x_wconf 83' lang='lat' dir='ltr'><strong><em>ipsiusque</em></strong></span> <span class='ocrx_word' id='word_1_177' title='bbox 259 2121 349 2174; x_wconf 78' lang='lat' dir='ltr'><strong><em>tentus</em></strong></span> <span class='ocrx_word' id='word_1_178' title='bbox 361 2120 479 2186; x_wconf 88' lang='lat' dir='ltr'><strong><em>roouics,</em></strong></span> <span class='ocrx_word' id='word_1_179' title='bbox 496 2137 558 2191; x_wconf 77' lang='lat' dir='ltr'><strong><em>qun</em></strong></span> <span class='ocrx_word' id='word_1_180' title='bbox 571 2123 738 2179; x_wconf 85' lang='lat' dir='ltr'><strong><em>uidebantur</em></strong></span> <span class='ocrx_word' id='word_1_181' title='bbox 755 2127 905 2189; x_wconf 75' lang='lat' dir='ltr'><strong><em>mutanda,</em></strong></span> <span class='ocrx_word' id='word_1_182' title='bbox 923 2129 978 2183; x_wconf 92' lang='lat' dir='ltr'><strong><em>atto</em></strong></span> <span class='ocrx_word' id='word_1_183' title='bbox 1000 2130 1155 2184; x_wconf 80' lang='lat' dir='ltr'><strong><em>charactere</em></strong></span> <span class='ocrx_word' id='word_1_184' title='bbox 1175 2128 1301 2190; x_wconf 82' lang='lat' dir='ltr'><strong><em>scribere,</em></strong></span> <span class='ocrx_word' id='word_1_185' title='bbox 1317 2143 1368 2198; x_wconf 93' lang='lat' dir='ltr'><strong><em>quo</em></strong></span> <span class='ocrx_word' id='word_1_186' title='bbox 1388 2133 1415 2182; x_wconf 92' lang='lat' dir='ltr'><strong><em>ei</em></strong></span> <span class='ocrx_word' id='word_1_187' title='bbox 1435 2126 1651 2193; x_wconf 88' lang='lat' dir='ltr'><strong><em>manuscriptum</em></strong></span> <span class='ocrx_word' id='word_1_188' title='bbox 1674 2121 1792 2192; x_wconf 62' lang='lat' dir='ltr'><strong><em>fideliter</em></strong></span> 
     </span>
     <span class='ocr_line' id='line_1_17' title="bbox 106 2203 1797 2286; baseline 0.004 -29"><span class='ocrx_word' id='word_1_189' title='bbox 106 2203 270 2269; x_wconf 77' lang='lat' dir='ltr'><strong><em>exbibcrem,</em></strong></span> <span class='ocrx_word' id='word_1_190' title='bbox 292 2213 319 2262; x_wconf 90' lang='lat' dir='ltr'><strong><em>et</em></strong></span> <span class='ocrx_word' id='word_1_191' title='bbox 339 2210 488 2265; x_wconf 88' lang='lat' dir='ltr'><strong><em>emendatio</em></strong></span> <span class='ocrx_word' id='word_1_192' title='bbox 512 2211 617 2268; x_wconf 88' lang='lat' dir='ltr'><strong><em>lectoris</em></strong></span> <span class='ocrx_word' id='word_1_193' title='bbox 642 2215 718 2269; x_wconf 88' lang='lat' dir='ltr'><strong><em>oculo</em></strong></span> <span class='ocrx_word' id='word_1_194' title='bbox 729 2216 802 2282; x_wconf 78' lang='lat' dir='ltr'><strong><em>forst</em></strong></span> <span class='ocrx_word' id='word_1_195' title='bbox 823 2218 911 2272; x_wconf 88' lang='lat' dir='ltr'><strong><em>obuia.</em></strong></span> <span class='ocrx_word' id='word_1_196' title='bbox 938 2220 1047 2286; x_wconf 87' lang='lat' dir='ltr'><strong><em>Verum,</em></strong></span> <span class='ocrx_word' id='word_1_197' title='bbox 1062 2223 1165 2273; x_wconf 88' lang='lat' dir='ltr'><strong><em>mutato</em></strong></span> <span class='ocrx_word' id='word_1_198' title='bbox 1182 2217 1304 2286; x_wconf 87' lang='lat' dir='ltr'><strong><em>coasilio,</em></strong></span> <span class='ocrx_word' id='word_1_199' title='bbox 1317 2215 1463 2272; x_wconf 85' lang='lat' dir='ltr'><strong><em>reverendo</em></strong></span> <span class='ocrx_word' id='word_1_200' title='bbox 1479 2217 1599 2285; x_wconf 88' lang='lat' dir='ltr'><strong><em>episcopo</em></strong></span> <span class='ocrx_word' id='word_1_201' title='bbox 1613 2213 1651 2268; x_wconf 82' lang='lat' dir='ltr'><strong><em>sic</em></strong></span> <span class='ocrx_word' id='word_1_202' title='bbox 1664 2215 1797 2276; x_wconf 88' lang='lat' dir='ltr'><strong><em>monente,</em></strong></span> 
     </span>
     <span class='ocr_line' id='line_1_18' title="bbox 104 2294 1799 2376; baseline 0.005 -31"><span class='ocrx_word' id='word_1_203' title='bbox 104 2294 154 2361; x_wconf 90' lang='lat' dir='ltr'><strong><em>qni</em></strong></span> <span class='ocrx_word' id='word_1_204' title='bbox 178 2295 261 2350; x_wconf 89' lang='lat' dir='ltr'><strong><em>totius</em></strong></span> <span class='ocrx_word' id='word_1_205' title='bbox 283 2299 372 2366; x_wconf 86' lang='lat' dir='ltr'><strong><em>operis</em></strong></span> <span class='ocrx_word' id='word_1_206' title='bbox 394 2299 650 2374; x_wconf 79' lang='lat' dir='ltr'><strong><em>editionem‘oarat,</em></strong></span> <span class='ocrx_word' id='word_1_207' title='bbox 674 2321 727 2376; x_wconf 89' lang='lat' dir='ltr'><strong><em>quo</em></strong></span> <span class='ocrx_word' id='word_1_208' title='bbox 748 2321 813 2376; x_wconf 92' lang='lat' dir='ltr'><strong><em>pars</em></strong></span> <span class='ocrx_word' id='word_1_209' title='bbox 835 2307 890 2362; x_wconf 87' lang='lat' dir='ltr'><strong><em>bcec</em></strong></span> <span class='ocrx_word' id='word_1_210' title='bbox 904 2310 1007 2363; x_wconf 75' lang='lat' dir='ltr'><strong><em>ceteris</em></strong></span> <span class='ocrx_word' id='word_1_211' title='bbox 1032 2310 1068 2363; x_wconf 88' lang='lat' dir='ltr'><strong><em>sit</em></strong></span> <span class='ocrx_word' id='word_1_212' title='bbox 1089 2309 1248 2374; x_wconf 72' lang='lat' dir='ltr'><strong><em>conformis,</em></strong></span> <span class='ocrx_word' id='word_1_213' title='bbox 1272 2311 1373 2361; x_wconf 77' lang='lat' dir='ltr'><strong><em>tentum</em></strong></span> <span class='ocrx_word' id='word_1_214' title='bbox 1396 2303 1576 2365; x_wconf 89' lang='lat' dir='ltr'><strong><em>emendatum,</em></strong></span> <span class='ocrx_word' id='word_1_215' title='bbox 1591 2305 1646 2358; x_wconf 86' lang='lat' dir='ltr'><strong><em>sire</em></strong></span> <span class='ocrx_word' id='word_1_216' title='bbox 1659 2317 1693 2356; x_wconf 83' lang='lat' dir='ltr'><strong><em>en</em></strong></span> <span class='ocrx_word' id='word_1_217' title='bbox 1706 2313 1799 2355; x_wconf 91' lang='lat' dir='ltr'><strong><em>eorum</em></strong></span> 
     </span>
     <span class='ocr_line' id='line_1_19' title="bbox 104 2385 1795 2466; baseline 0.004 -30"><span class='ocrx_word' id='word_1_218' title='bbox 104 2385 161 2438; x_wconf 86' lang='lat' dir='ltr'><strong><em>sire</em></strong></span> <span class='ocrx_word' id='word_1_219' title='bbox 183 2399 218 2438; x_wconf 82' lang='lat' dir='ltr'><strong><em>esc</em></strong></span> <span class='ocrx_word' id='word_1_220' title='bbox 240 2387 341 2442; x_wconf 86' lang='lat' dir='ltr'><strong><em>nostris</em></strong></span> <span class='ocrx_word' id='word_1_221' title='bbox 361 2389 524 2458; x_wconf 71' lang='lat' dir='ltr'><strong><em>cooperturis</em></strong></span> <span class='ocrx_word' id='word_1_222' title='bbox 546 2393 577 2448; x_wconf 94' lang='lat' dir='ltr'><strong><em>id</em></strong></span> <span class='ocrx_word' id='word_1_223' title='bbox 599 2398 683 2464; x_wconf 71' lang='lat' dir='ltr'><strong><em>tieret,</em></strong></span> <span class='ocrx_word' id='word_1_224' title='bbox 707 2398 842 2463; x_wconf 87' lang='lat' dir='ltr'><strong><em>inteqrum</em></strong></span> <span class='ocrx_word' id='word_1_225' title='bbox 857 2399 989 2466; x_wconf 74' lang='lat' dir='ltr'><strong><em>apposui3</em></strong></span> <span class='ocrx_word' id='word_1_226' title='bbox 1002 2397 1128 2466; x_wconf 73' lang='lat' dir='ltr'><strong><em>conjectis</em></strong></span> <span class='ocrx_word' id='word_1_227' title='bbox 1146 2396 1183 2452; x_wconf 92' lang='lat' dir='ltr'><strong><em>ad</em></strong></span> <span class='ocrx_word' id='word_1_228' title='bbox 1195 2397 1293 2451; x_wconf 90' lang='lat' dir='ltr'><strong><em>calcem</em></strong></span> <span class='ocrx_word' id='word_1_229' title='bbox 1303 2397 1424 2465; x_wconf 75' lang='lat' dir='ltr'><strong><em>popina,</em></strong></span> <span class='ocrx_word' id='word_1_230' title='bbox 1439 2409 1500 2463; x_wconf 76' lang='lat' dir='ltr'><strong><em>qua</em></strong></span> <span class='ocrx_word' id='word_1_231' title='bbox 1512 2393 1554 2447; x_wconf 89' lang='lat' dir='ltr'><strong><em>aei</em></strong></span> <span class='ocrx_word' id='word_1_232' title='bbox 1567 2394 1597 2446; x_wconf 90' lang='lat' dir='ltr'><strong><em>in</em></strong></span> <span class='ocrx_word' id='word_1_233' title='bbox 1610 2391 1795 2458; x_wconf 88' lang='lat' dir='ltr'><strong><em>manuscripto</em></strong></span> 
     </span>
     <span class='ocr_line' id='line_1_20' title="bbox 104 2473 1795 2566; baseline 0.006 -41"><span class='ocrx_word' id='word_1_234' title='bbox 104 2473 205 2528; x_wconf 90' lang='lat' dir='ltr'><strong><em>menda</em></strong></span> <span class='ocrx_word' id='word_1_235' title='bbox 217 2475 341 2543; x_wconf 70' lang='lat' dir='ltr'><strong><em>fuerant,</em></strong></span> <span class='ocrx_word' id='word_1_236' title='bbox 356 2479 399 2533; x_wconf 86' lang='lat' dir='ltr'><strong><em>rei</em></strong></span> <span class='ocrx_word' id='word_1_237' title='bbox 411 2481 598 2546; x_wconf 86' lang='lat' dir='ltr'><strong><em>censebantur,</em></strong></span> <span class='ocrx_word' id='word_1_238' title='bbox 613 2485 655 2539; x_wconf 88' lang='lat' dir='ltr'><strong><em>cel</em></strong></span> <span class='ocrx_word' id='word_1_239' title='bbox 681 2485 744 2540; x_wconf 78' lang='lat' dir='ltr'><strong><em>alie</em></strong></span> <span class='ocrx_word' id='word_1_240' title='bbox 764 2487 892 2566; x_wconf 75' lang='lat' dir='ltr'><strong><em>erantdc</em></strong></span> <span class='ocrx_word' id='word_1_241' title='bbox 914 2488 1100 2544; x_wconf 86' lang='lat' dir='ltr'><strong><em>emendatione</em></strong></span> <span class='ocrx_word' id='word_1_242' title='bbox 1121 2488 1276 2555; x_wconf 77' lang='lat' dir='ltr'><strong><em>conjecture</em></strong></span> <span class='ocrx_word' id='word_1_243' title='bbox 1300 2501 1381 2555; x_wconf 85' lang='lat' dir='ltr'><strong><em>qnam</em></strong></span> <span class='ocrx_word' id='word_1_244' title='bbox 1406 2499 1467 2554; x_wconf 84' lang='lat' dir='ltr'><strong><em>quce</em></strong></span> <span class='ocrx_word' id='word_1_245' title='bbox 1490 2485 1520 2538; x_wconf 92' lang='lat' dir='ltr'><strong><em>in</em></strong></span> <span class='ocrx_word' id='word_1_246' title='bbox 1535 2488 1611 2537; x_wconf 81' lang='lat' dir='ltr'><strong><em>tectu</em></strong></span> <span class='ocrx_word' id='word_1_247' title='bbox 1627 2484 1795 2550; x_wconf 87' lang='lat' dir='ltr'><strong><em>compareat.</em></strong></span> 
     </span>
     <span class='ocr_line' id='line_1_21' title="bbox 104 2565 1796 2646; baseline 0.002 -27"><span class='ocrx_word' id='word_1_248' title='bbox 104 2565 233 2619; x_wconf 83' lang='lat' dir='ltr'><strong><em>li&#39;umeris</em></strong></span> <span class='ocrx_word' id='word_1_249' title='bbox 257 2567 345 2619; x_wconf 89' lang='lat' dir='ltr'><strong><em>utitur</em></strong></span> <span class='ocrx_word' id='word_1_250' title='bbox 368 2566 411 2621; x_wconf 88' lang='lat' dir='ltr'><strong><em>bic</em></strong></span> <span class='ocrx_word' id='word_1_251' title='bbox 435 2569 519 2626; x_wconf 82' lang='lat' dir='ltr'><strong><em>eaden</em></strong></span> <span class='ocrx_word' id='word_1_252' title='bbox 540 2573 603 2628; x_wconf 87' lang='lat' dir='ltr'><strong><em>solis</em></strong></span> <span class='ocrx_word' id='word_1_253' title='bbox 623 2575 749 2629; x_wconf 85' lang='lat' dir='ltr'><strong><em>Romanis</em></strong></span> <span class='ocrx_word' id='word_1_254' title='bbox 773 2575 837 2646; x_wconf 89' lang='lat' dir='ltr'><strong><em>(non</em></strong></span> <span class='ocrx_word' id='word_1_255' title='bbox 857 2579 921 2631; x_wconf 89' lang='lat' dir='ltr'><strong><em>item</em></strong></span> <span class='ocrx_word' id='word_1_256' title='bbox 946 2576 1059 2642; x_wconf 86' lang='lat' dir='ltr'><strong><em>indicis,</em></strong></span> <span class='ocrx_word' id='word_1_257' title='bbox 1085 2577 1242 2632; x_wconf 74' lang='lat' dir='ltr'><strong><em>barbaricis</em></strong></span> <span class='ocrx_word' id='word_1_258' title='bbox 1264 2575 1344 2644; x_wconf 80' lang='lat' dir='ltr'><strong><em>culpo</em></strong></span> <span class='ocrx_word' id='word_1_259' title='bbox 1362 2572 1464 2644; x_wconf 87' lang='lat' dir='ltr'><strong><em>dictis),</em></strong></span> <span class='ocrx_word' id='word_1_260' title='bbox 1489 2571 1622 2642; x_wconf 80' lang='lat' dir='ltr'><strong><em>habetque</em></strong></span> <span class='ocrx_word' id='word_1_261' title='bbox 1642 2568 1796 2624; x_wconf 89' lang='lat' dir='ltr'><strong><em>interillos</em></strong></span> 
     </span>
     <span class='ocr_line' id='line_1_22' title="bbox 106 2653 1875 2746; baseline 0.003 -40"><span class='ocrx_word' id='word_1_262' title='bbox 106 2653 519 2725; x_wconf 82' lang='lat' dir='ltr'><strong><em>litteramlsupernenotatam</em></strong></span> <span class='ocrx_word' id='word_1_263' title='bbox 539 2677 589 2732; x_wconf 86' lang='lat' dir='ltr'><strong><em>pro</em></strong></span> <span class='ocrx_word' id='word_1_264' title='bbox 606 2663 696 2732; x_wconf 85' lang='lat' dir='ltr'><strong><em>mille,</em></strong></span> <span class='ocrx_word' id='word_1_265' title='bbox 717 2671 742 2718; x_wconf 89' lang='lat' dir='ltr'><strong><em>et</em></strong></span> <span class='ocrx_word' id='word_1_266' title='bbox 771 2665 825 2732; x_wconf 85' lang='lat' dir='ltr'><strong><em>llll,</em></strong></span> <span class='ocrx_word' id='word_1_267' title='bbox 852 2665 937 2732; x_wconf 86' lang='lat' dir='ltr'><strong><em>Villi,</em></strong></span> <span class='ocrx_word' id='word_1_268' title='bbox 962 2665 1060 2730; x_wconf 78' lang='lat' dir='ltr'><strong><em>XXXX,</em></strong></span> <span class='ocrx_word' id='word_1_269' title='bbox 1088 2665 1203 2731; x_wconf 57' lang='lat' dir='ltr'><strong><em>[xxxta</em></strong></span> <span class='ocrx_word' id='word_1_270' title='bbox 1228 2679 1278 2734; x_wconf 91' lang='lat' dir='ltr'><strong><em>pro</em></strong></span> <span class='ocrx_word' id='word_1_271' title='bbox 1302 2667 1435 2736; x_wconf 82' lang='lat' dir='ltr'><strong><em>quatuor,</em></strong></span> <span class='ocrx_word' id='word_1_272' title='bbox 1461 2675 1573 2727; x_wconf 85' lang='lat' dir='ltr'><strong><em>norem,</em></strong></span> <span class='ocrx_word' id='word_1_273' title='bbox 1600 2656 1791 2730; x_wconf 77' lang='lat' dir='ltr'><strong><em>qnadraginta</em></strong></span> <span class='ocrx_word' id='word_1_274' title='bbox 1868 2735 1875 2746; x_wconf 21' lang='grc' dir='ltr'>ἱ</span> 
     </span>
     <span class='ocr_line' id='line_1_23' title="bbox 105 2747 1790 2822; baseline -0.001 -21"><span class='ocrx_word' id='word_1_275' title='bbox 105 2747 265 2818; x_wconf 79' lang='lat' dir='ltr'><strong><em>nonaginta</em></strong></span> <span class='ocrx_word' id='word_1_276' title='bbox 289 2748 347 2820; x_wconf 87' lang='lat' dir='ltr'><strong><em>(pro</em></strong></span> <span class='ocrx_word' id='word_1_277' title='bbox 369 2751 467 2821; x_wconf 88' lang='lat' dir='ltr'><strong><em>quibus</em></strong></span> <span class='ocrx_word' id='word_1_278' title='bbox 485 2767 565 2808; x_wconf 86' lang='lat' dir='ltr'><strong><em>numo</em></strong></span> <span class='ocrx_word' id='word_1_279' title='bbox 583 2754 641 2820; x_wconf 77' lang='lat' dir='ltr'><strong><em>fere</em></strong></span> <span class='ocrx_word' id='word_1_280' title='bbox 662 2753 744 2809; x_wconf 88' lang='lat' dir='ltr'><strong><em>scribi</em></strong></span> <span class='ocrx_word' id='word_1_281' title='bbox 762 2753 847 2808; x_wconf 90' lang='lat' dir='ltr'><strong><em>soient</em></strong></span> <span class='ocrx_word' id='word_1_282' title='bbox 862 2755 896 2822; x_wconf 81' lang='lat' dir='ltr'><strong><em>bl,</em></strong></span> <span class='ocrx_word' id='word_1_283' title='bbox 910 2755 953 2822; x_wconf 83' lang='lat' dir='ltr'><strong><em>IV,</em></strong></span> <span class='ocrx_word' id='word_1_284' title='bbox 969 2754 1011 2820; x_wconf 85' lang='lat' dir='ltr'><strong><em>lii,</em></strong></span> <span class='ocrx_word' id='word_1_285' title='bbox 1025 2753 1077 2820; x_wconf 84' lang='lat' dir='ltr'><strong><em>XL,</em></strong></span> <span class='ocrx_word' id='word_1_286' title='bbox 1092 2753 1145 2822; x_wconf 82' lang='lat' dir='ltr'><strong><em>XC)</em></strong></span> <span class='ocrx_word' id='word_1_287' title='bbox 1161 2769 1168 2807; x_wconf 80' lang='lat' dir='ltr'><strong><em>c</em></strong></span> <span class='ocrx_word' id='word_1_288' title='bbox 1183 2753 1270 2808; x_wconf 88' lang='lat' dir='ltr'><strong><em>sicubi</em></strong></span> <span class='ocrx_word' id='word_1_289' title='bbox 1284 2753 1365 2807; x_wconf 85' lang='lat' dir='ltr'><strong><em>aliter</em></strong></span> <span class='ocrx_word' id='word_1_290' title='bbox 1382 2753 1488 2819; x_wconf 77' lang='lat' dir='ltr'><strong><em>tactum</em></strong></span> <span class='ocrx_word' id='word_1_291' title='bbox 1501 2753 1549 2815; x_wconf 88' lang='lat' dir='ltr'><strong><em>cst,</em></strong></span> <span class='ocrx_word' id='word_1_292' title='bbox 1561 2749 1591 2803; x_wconf 90' lang='lat' dir='ltr'><strong><em>id</em></strong></span> <span class='ocrx_word' id='word_1_293' title='bbox 1605 2747 1790 2816; x_wconf 68' lang='lat' dir='ltr'><strong><em>exscriptoris,</em></strong></span> 
     </span>
     <span class='ocr_line' id='line_1_24' title="bbox 103 2835 1794 2916; baseline -0.002 -23"><span class='ocrx_word' id='word_1_294' title='bbox 103 2854 158 2894; x_wconf 88' lang='lat' dir='ltr'><strong><em>esse</em></strong></span> <span class='ocrx_word' id='word_1_295' title='bbox 173 2843 269 2911; x_wconf 85' lang='lat' dir='ltr'><strong><em>sentio,</em></strong></span> <span class='ocrx_word' id='word_1_296' title='bbox 283 2857 338 2897; x_wconf 90' lang='lat' dir='ltr'><strong><em>non</em></strong></span> <span class='ocrx_word' id='word_1_297' title='bbox 354 2842 529 2913; x_wconf 84' lang='lat' dir='ltr'><strong><em>autoqrapln&#39;.</em></strong></span> <span class='ocrx_word' id='word_1_298' title='bbox 544 2843 695 2900; x_wconf 87' lang='lat' dir='ltr'><strong><em>Occurrunt</em></strong></span> <span class='ocrx_word' id='word_1_299' title='bbox 708 2844 817 2916; x_wconf 88' lang='lat' dir='ltr'><strong><em>quidem</em></strong></span> <span class='ocrx_word' id='word_1_300' title='bbox 831 2845 973 2913; x_wconf 82' lang='lat' dir='ltr'><strong><em>aliquoties</em></strong></span> <span class='ocrx_word' id='word_1_301' title='bbox 987 2845 1014 2898; x_wconf 87' lang='lat' dir='ltr'><strong><em>in</em></strong></span> <span class='ocrx_word' id='word_1_302' title='bbox 1039 2843 1196 2914; x_wconf 81' lang='lat' dir='ltr'><strong><em>opoprapbo</em></strong></span> <span class='ocrx_word' id='word_1_303' title='bbox 1225 2847 1318 2897; x_wconf 83' lang='lat' dir='ltr'><strong><em>nostro</em></strong></span> <span class='ocrx_word' id='word_1_304' title='bbox 1344 2842 1450 2896; x_wconf 87' lang='lat' dir='ltr'><strong><em>numeri</em></strong></span> <span class='ocrx_word' id='word_1_305' title='bbox 1471 2839 1572 2901; x_wconf 88' lang='lat' dir='ltr'><strong><em>Indici,</em></strong></span> <span class='ocrx_word' id='word_1_306' title='bbox 1587 2841 1616 2904; x_wconf 81' lang='lat'><strong><em>2,</em></strong></span> <span class='ocrx_word' id='word_1_307' title='bbox 1632 2835 1658 2905; x_wconf 80' lang='grc'><strong><em>3,</em></strong></span> <span class='ocrx_word' id='word_1_308' title='bbox 1686 2835 1713 2898; x_wconf 79' lang='lat' dir='ltr'><strong><em>i,</em></strong></span> <span class='ocrx_word' id='word_1_309' title='bbox 1727 2839 1794 2892; x_wconf 72' lang='lat' dir='ltr'><strong><em>eto:</em></strong></span> 
     </span>
     <span class='ocr_line' id='line_1_25' title="bbox 105 2923 1797 3004; baseline -0.002 -21"><span class='ocrx_word' id='word_1_310' title='bbox 105 2929 163 2995; x_wconf 90' lang='lat' dir='ltr'><strong><em>sed,</em></strong></span> <span class='ocrx_word' id='word_1_311' title='bbox 187 2932 364 3001; x_wconf 85' lang='lat' dir='ltr'><strong><em>inquisitione</em></strong></span> <span class='ocrx_word' id='word_1_312' title='bbox 383 2923 578 3002; x_wconf 81' lang='lat' dir='ltr'><strong><em>scrupulosius</em></strong></span> <span class='ocrx_word' id='word_1_313' title='bbox 587 2935 675 3001; x_wconf 84' lang='lat' dir='ltr'><strong><em>sacto,</em></strong></span> <span class='ocrx_word' id='word_1_314' title='bbox 700 2933 730 2987; x_wconf 90' lang='lat' dir='ltr'><strong><em>id</em></strong></span> <span class='ocrx_word' id='word_1_315' title='bbox 749 2934 920 3004; x_wconf 72' lang='lat' dir='ltr'><strong><em>conscriptoris</em></strong></span> <span class='ocrx_word' id='word_1_316' title='bbox 943 2947 996 2988; x_wconf 91' lang='lat' dir='ltr'><strong><em>esse</em></strong></span> <span class='ocrx_word' id='word_1_317' title='bbox 1017 2933 1150 3002; x_wconf 85' lang='lat' dir='ltr'><strong><em>intelliqo,</em></strong></span> <span class='ocrx_word' id='word_1_318' title='bbox 1169 2937 1195 2987; x_wconf 90' lang='lat' dir='ltr'><strong><em>et</em></strong></span> <span class='ocrx_word' id='word_1_319' title='bbox 1214 2933 1245 2986; x_wconf 91' lang='lat' dir='ltr'><strong><em>ia</em></strong></span> <span class='ocrx_word' id='word_1_320' title='bbox 1260 2930 1428 3000; x_wconf 88' lang='lat' dir='ltr'><strong><em>autoqrapbo</em></strong></span> <span class='ocrx_word' id='word_1_321' title='bbox 1441 2945 1495 2984; x_wconf 90' lang='lat' dir='ltr'><strong><em>nan</em></strong></span> <span class='ocrx_word' id='word_1_322' title='bbox 1509 2928 1645 2994; x_wconf 67' lang='lat' dir='ltr'><strong><em>inuenirip</em></strong></span> <span class='ocrx_word' id='word_1_323' title='bbox 1659 2931 1691 2981; x_wconf 91' lang='lat' dir='ltr'><strong><em>ut</em></strong></span> <span class='ocrx_word' id='word_1_324' title='bbox 1702 2927 1751 2997; x_wconf 92' lang='lat' dir='ltr'><strong><em>qui</em></strong></span> <span class='ocrx_word' id='word_1_325' title='bbox 1764 2939 1797 2980; x_wconf 87' lang='lat' dir='ltr'><strong><em>ca</em></strong></span> 
     </span>
     <span class='ocr_line' id='line_1_26' title="bbox 105 3016 1796 3092; baseline -0.002 -19"><span class='ocrx_word' id='word_1_326' title='bbox 105 3025 185 3074; x_wconf 70' lang='lat' dir='ltr'><strong><em>etate</em></strong></span> <span class='ocrx_word' id='word_1_327' title='bbox 198 3036 253 3091; x_wconf 90' lang='lat' dir='ltr'><strong><em>qna</em></strong></span> <span class='ocrx_word' id='word_1_328' title='bbox 265 3024 384 3092; x_wconf 89' lang='lat' dir='ltr'><strong><em>scriptus</em></strong></span> <span class='ocrx_word' id='word_1_329' title='bbox 396 3027 517 3078; x_wconf 82' lang='lat' dir='ltr'><strong><em>canetur</em></strong></span> <span class='ocrx_word' id='word_1_330' title='bbox 532 3023 708 3079; x_wconf 74' lang='lat' dir='ltr'><strong><em>cornubiam</em></strong></span> <span class='ocrx_word' id='word_1_331' title='bbox 730 3023 814 3078; x_wconf 84' lang='lat' dir='ltr'><strong><em>eaden</em></strong></span> <span class='ocrx_word' id='word_1_332' title='bbox 834 3022 894 3092; x_wconf 81' lang='lat' dir='ltr'><strong><em>(sub</em></strong></span> <span class='ocrx_word' id='word_1_333' title='bbox 916 3025 996 3092; x_wconf 69' lang='lat' dir='ltr'><strong><em>inem</em></strong></span> <span class='ocrx_word' id='word_1_334' title='bbox 1010 3023 1078 3077; x_wconf 88' lang='lat' dir='ltr'><strong><em>noni</em></strong></span> <span class='ocrx_word' id='word_1_335' title='bbox 1101 3037 1119 3077; x_wconf 91' lang='lat' dir='ltr'><strong><em>a</em></strong></span> <span class='ocrx_word' id='word_1_336' title='bbox 1147 3019 1254 3077; x_wconf 72' lang='lat' dir='ltr'><strong><em>cbristo</em></strong></span> <span class='ocrx_word' id='word_1_337' title='bbox 1275 3019 1388 3090; x_wconf 74' lang='lat' dir='ltr'><strong><em>seculi),</em></strong></span> <span class='ocrx_word' id='word_1_338' title='bbox 1411 3017 1531 3074; x_wconf 89' lang='lat' dir='ltr'><strong><em>nondam</em></strong></span> <span class='ocrx_word' id='word_1_339' title='bbox 1548 3016 1625 3087; x_wconf 89' lang='lat' dir='ltr'><strong><em>apud</em></strong></span> <span class='ocrx_word' id='word_1_340' title='bbox 1649 3019 1796 3086; x_wconf 82' lang='lat' dir='ltr'><strong><em>Europaeos</em></strong></span> 
     </span>
     <span class='ocr_line' id='line_1_27' title="bbox 104 3105 1793 3183; baseline -0.002 -21"><span class='ocrx_word' id='word_1_341' title='bbox 104 3115 212 3164; x_wconf 90' lang='lat' dir='ltr'><strong><em>nostros</em></strong></span> <span class='ocrx_word' id='word_1_342' title='bbox 231 3111 261 3164; x_wconf 92' lang='lat' dir='ltr'><strong><em>ia</em></strong></span> <span class='ocrx_word' id='word_1_343' title='bbox 284 3125 336 3166; x_wconf 89' lang='lat' dir='ltr'><strong><em>usu</em></strong></span> <span class='ocrx_word' id='word_1_344' title='bbox 348 3113 462 3179; x_wconf 70' lang='lat' dir='ltr'><strong><em>fuerant</em></strong></span> <span class='ocrx_word' id='word_1_345' title='bbox 485 3111 540 3182; x_wconf 84' lang='lat' dir='ltr'><strong><em>(sed</em></strong></span> <span class='ocrx_word' id='word_1_346' title='bbox 560 3112 657 3167; x_wconf 78' lang='lat' dir='ltr'><strong><em>sucula</em></strong></span> <span class='ocrx_word' id='word_1_347' title='bbox 680 3113 775 3168; x_wconf 85' lang='lat' dir='ltr'><strong><em>saitem</em></strong></span> <span class='ocrx_word' id='word_1_348' title='bbox 789 3112 937 3176; x_wconf 85' lang='lat' dir='ltr'><strong><em>undecimo,</em></strong></span> <span class='ocrx_word' id='word_1_349' title='bbox 960 3117 1008 3167; x_wconf 93' lang='lat' dir='ltr'><strong><em>cut</em></strong></span> <span class='ocrx_word' id='word_1_350' title='bbox 1029 3111 1145 3183; x_wconf 86' lang='lat' dir='ltr'><strong><em>scrius);</em></strong></span> <span class='ocrx_word' id='word_1_351' title='bbox 1161 3110 1208 3166; x_wconf 87' lang='lat' dir='ltr'><strong><em>sed</em></strong></span> <span class='ocrx_word' id='word_1_352' title='bbox 1227 3125 1274 3164; x_wconf 92' lang='lat' dir='ltr'><strong><em>aec</em></strong></span> <span class='ocrx_word' id='word_1_353' title='bbox 1286 3109 1477 3180; x_wconf 86' lang='lat' dir='ltr'><strong><em>parenticeseos</em></strong></span> <span class='ocrx_word' id='word_1_354' title='bbox 1488 3111 1558 3162; x_wconf 77' lang='lat' dir='ltr'><strong><em>notu</em></strong></span> <span class='ocrx_word' id='word_1_355' title='bbox 1569 3105 1671 3162; x_wconf 87' lang='lat' dir='ltr'><strong><em>ibidem</em></strong></span> <span class='ocrx_word' id='word_1_356' title='bbox 1683 3120 1793 3176; x_wconf 89' lang='lat' dir='ltr'><strong><em>compa-</em></strong></span> 
     </span>
     <span class='ocr_line' id='line_1_28' title="bbox 102 3183 1795 3273; baseline -0.002 -21"><span class='ocrx_word' id='word_1_357' title='bbox 102 3183 182 3262; x_wconf 77' lang='lat' dir='ltr'><strong><em>rent:</em></strong></span> <span class='ocrx_word' id='word_1_358' title='bbox 199 3201 285 3255; x_wconf 85' lang='lat' dir='ltr'><strong><em>nescio</em></strong></span> <span class='ocrx_word' id='word_1_359' title='bbox 299 3215 339 3255; x_wconf 90' lang='lat' dir='ltr'><strong><em>aa</em></strong></span> <span class='ocrx_word' id='word_1_360' title='bbox 351 3202 598 3258; x_wconf 88' lang='lat' dir='ltr'><strong><em>interstinctionum</em></strong></span> <span class='ocrx_word' id='word_1_361' title='bbox 610 3205 714 3272; x_wconf 90' lang='lat' dir='ltr'><strong><em>puncta</em></strong></span> <span class='ocrx_word' id='word_1_362' title='bbox 730 3218 736 3256; x_wconf 93' lang='lat'><strong>:</strong></span> <span class='ocrx_word' id='word_1_363' title='bbox 753 3217 814 3273; x_wconf 77' lang='lat' dir='ltr'><strong><em>quer</em></strong></span> <span class='ocrx_word' id='word_1_364' title='bbox 827 3203 919 3272; x_wconf 88' lang='lat' dir='ltr'><strong><em>itaque</em></strong></span> <span class='ocrx_word' id='word_1_365' title='bbox 933 3218 967 3257; x_wconf 81' lang='lat' dir='ltr'><strong><em>en</em></strong></span> <span class='ocrx_word' id='word_1_366' title='bbox 982 3201 1090 3272; x_wconf 78' lang='lat' dir='ltr'><strong><em>judicio</em></strong></span> <span class='ocrx_word' id='word_1_367' title='bbox 1108 3203 1199 3255; x_wconf 90' lang='lat' dir='ltr'><strong><em>nostro</em></strong></span> <span class='ocrx_word' id='word_1_368' title='bbox 1220 3199 1354 3268; x_wconf 81' lang='lat' dir='ltr'><strong><em>suppleri.</em></strong></span> <span class='ocrx_word' id='word_1_369' title='bbox 1377 3199 1506 3256; x_wconf 83' lang='lat' dir='ltr'><strong><em>Numeros</em></strong></span> <span class='ocrx_word' id='word_1_370' title='bbox 1529 3198 1578 3266; x_wconf 90' lang='lat' dir='ltr'><strong><em>qni</em></strong></span> <span class='ocrx_word' id='word_1_371' title='bbox 1595 3195 1697 3266; x_wconf 87' lang='lat' dir='ltr'><strong><em>passim</em></strong></span> <span class='ocrx_word' id='word_1_372' title='bbox 1717 3197 1795 3249; x_wconf 89' lang='lat' dir='ltr'><strong><em>eruat</em></strong></span> 
     </span>
     <span class='ocr_line' id='line_1_29' title="bbox 102 3283 1795 3360; baseline -0.004 -18"><span class='ocrx_word' id='word_1_373' title='bbox 102 3288 227 3343; x_wconf 85' lang='lat' dir='ltr'><strong><em>mendosi</em></strong></span> <span class='ocrx_word' id='word_1_374' title='bbox 246 3295 271 3344; x_wconf 88' lang='lat' dir='ltr'><strong><em>et</em></strong></span> <span class='ocrx_word' id='word_1_375' title='bbox 292 3289 446 3360; x_wconf 84' lang='lat' dir='ltr'><strong><em>depravati,</em></strong></span> <span class='ocrx_word' id='word_1_376' title='bbox 470 3307 504 3346; x_wconf 82' lang='lat' dir='ltr'><strong><em>eu·</em></strong></span> <span class='ocrx_word' id='word_1_377' title='bbox 524 3291 629 3346; x_wconf 90' lang='lat' dir='ltr'><strong><em>calculo</em></strong></span> <span class='ocrx_word' id='word_1_378' title='bbox 649 3292 768 3354; x_wconf 88' lang='lat' dir='ltr'><strong><em>restitui,</em></strong></span> <span class='ocrx_word' id='word_1_379' title='bbox 796 3294 821 3345; x_wconf 92' lang='lat' dir='ltr'><strong><em>et</em></strong></span> <span class='ocrx_word' id='word_1_380' title='bbox 841 3291 969 3346; x_wconf 87' lang='lat' dir='ltr'><strong><em>consultis</em></strong></span> <span class='ocrx_word' id='word_1_381' title='bbox 983 3291 1011 3347; x_wconf 90' lang='lat' dir='ltr'><strong><em>S.</em></strong></span> <span class='ocrx_word' id='word_1_382' title='bbox 1032 3292 1179 3360; x_wconf 81' lang='lat' dir='ltr'><strong><em>Scriptores</em></strong></span> <span class='ocrx_word' id='word_1_383' title='bbox 1194 3289 1257 3344; x_wconf 90' lang='lat' dir='ltr'><strong><em>iocis</em></strong></span> <span class='ocrx_word' id='word_1_384' title='bbox 1270 3303 1323 3359; x_wconf 90' lang='lat' dir='ltr'><strong><em>quo</em></strong></span> <span class='ocrx_word' id='word_1_385' title='bbox 1335 3287 1524 3358; x_wconf 87' lang='lat' dir='ltr'><strong><em>respiciebant.</em></strong></span> <span class='ocrx_word' id='word_1_386' title='bbox 1539 3285 1605 3340; x_wconf 79' lang='lat' dir='ltr'><strong><em>Alio</em></strong></span> <span class='ocrx_word' id='word_1_387' title='bbox 1620 3283 1720 3339; x_wconf 88' lang='lat' dir='ltr'><strong><em>menda</em></strong></span> <span class='ocrx_word' id='word_1_388' title='bbox 1732 3297 1795 3350; x_wconf 84' lang='lat' dir='ltr'><strong><em>qra-</em></strong></span> 
     </span>
     <span class='ocr_line' id='line_1_30' title="bbox 96 3371 1794 3450; baseline 0.001 -19"><span class='ocrx_word' id='word_1_389' title='bbox 96 3378 184 3448; x_wconf 88' lang='lat' dir='ltr'><strong><em>pbica</em></strong></span> <span class='ocrx_word' id='word_1_390' title='bbox 206 3379 421 3448; x_wconf 89' lang='lat' dir='ltr'><strong><em>quamplurima,</em></strong></span> <span class='ocrx_word' id='word_1_391' title='bbox 445 3383 500 3435; x_wconf 89' lang='lat' dir='ltr'><strong><em>siae</em></strong></span> <span class='ocrx_word' id='word_1_392' title='bbox 525 3387 555 3435; x_wconf 90' lang='lat' dir='ltr'><strong><em>ut</em></strong></span> <span class='ocrx_word' id='word_1_393' title='bbox 571 3385 717 3450; x_wconf 76' lang='lat' dir='ltr'><strong><em>spatecacos</em></strong></span> <span class='ocrx_word' id='word_1_394' title='bbox 733 3380 804 3435; x_wconf 91' lang='lat' dir='ltr'><strong><em>ratio</em></strong></span> <span class='ocrx_word' id='word_1_395' title='bbox 834 3381 1002 3450; x_wconf 88' lang='lat' dir='ltr'><strong><em>postulabat,</em></strong></span> <span class='ocrx_word' id='word_1_396' title='bbox 1023 3381 1078 3435; x_wconf 88' lang='lat' dir='ltr'><strong><em>siue</em></strong></span> <span class='ocrx_word' id='word_1_397' title='bbox 1092 3379 1218 3443; x_wconf 62' lang='lat' dir='ltr'><strong><em>aliosne</em></strong></span> <span class='ocrx_word' id='word_1_398' title='bbox 1232 3379 1385 3450; x_wconf 79' lang='lat' dir='ltr'><strong><em>conjectura</em></strong></span> <span class='ocrx_word' id='word_1_399' title='bbox 1397 3377 1522 3448; x_wconf 85' lang='lat' dir='ltr'><strong><em>supplevi</em></strong></span> <span class='ocrx_word' id='word_1_400' title='bbox 1539 3371 1655 3448; x_wconf 74' lang='lat'><strong><em>3940</em></strong></span> <span class='ocrx_word' id='word_1_401' title='bbox 1669 3371 1794 3428; x_wconf 72' lang='lat' dir='ltr'><strong><em>indicula</em></strong></span> 
     </span>
     <span class='ocr_line' id='line_1_31' title="bbox 103 3459 1793 3540; baseline -0.004 -20"><span class='ocrx_word' id='word_1_402' title='bbox 103 3473 196 3522; x_wconf 86' lang='lat' dir='ltr'><strong><em>tamen</em></strong></span> <span class='ocrx_word' id='word_1_403' title='bbox 209 3467 308 3523; x_wconf 86' lang='lat' dir='ltr'><strong><em>codicis</em></strong></span> <span class='ocrx_word' id='word_1_404' title='bbox 322 3483 372 3524; x_wconf 90' lang='lat' dir='ltr'><strong><em>ms.</em></strong></span> <span class='ocrx_word' id='word_1_405' title='bbox 388 3469 507 3531; x_wconf 87' lang='lat' dir='ltr'><strong><em>lectione,</em></strong></span> <span class='ocrx_word' id='word_1_406' title='bbox 523 3473 564 3537; x_wconf 91' lang='lat' dir='ltr'><strong><em>ut,</em></strong></span> <span class='ocrx_word' id='word_1_407' title='bbox 578 3471 602 3526; x_wconf 89' lang='lat' dir='ltr'><strong><em>si</em></strong></span> <span class='ocrx_word' id='word_1_408' title='bbox 615 3473 677 3540; x_wconf 91' lang='lat' dir='ltr'><strong><em>quis</em></strong></span> <span class='ocrx_word' id='word_1_409' title='bbox 691 3471 753 3526; x_wconf 89' lang='lat' dir='ltr'><strong><em>inde</em></strong></span> <span class='ocrx_word' id='word_1_410' title='bbox 763 3473 861 3525; x_wconf 89' lang='lat' dir='ltr'><strong><em>rectius</em></strong></span> <span class='ocrx_word' id='word_1_411' title='bbox 873 3469 1024 3539; x_wconf 74' lang='lat' dir='ltr'><strong><em>conjecerit,</em></strong></span> <span class='ocrx_word' id='word_1_412' title='bbox 1038 3469 1069 3524; x_wconf 92' lang='lat' dir='ltr'><strong><em>id</em></strong></span> <span class='ocrx_word' id='word_1_413' title='bbox 1081 3471 1137 3540; x_wconf 88' lang='lat' dir='ltr'><strong><em>ipsi</em></strong></span> <span class='ocrx_word' id='word_1_414' title='bbox 1151 3469 1265 3524; x_wconf 89' lang='lat' dir='ltr'><strong><em>liberum</em></strong></span> <span class='ocrx_word' id='word_1_415' title='bbox 1276 3471 1360 3537; x_wconf 77' lang='lat' dir='ltr'><strong><em>foret.</em></strong></span> <span class='ocrx_word' id='word_1_416' title='bbox 1384 3469 1472 3538; x_wconf 82' lang='lat' dir='ltr'><strong><em>Atque</em></strong></span> <span class='ocrx_word' id='word_1_417' title='bbox 1486 3467 1539 3522; x_wconf 82' lang='lat' dir='ltr'><strong><em>bac</em></strong></span> <span class='ocrx_word' id='word_1_418' title='bbox 1562 3470 1628 3520; x_wconf 80' lang='lat' dir='ltr'><strong><em>secat</em></strong></span> <span class='ocrx_word' id='word_1_419' title='bbox 1651 3477 1712 3532; x_wconf 82' lang='lat' dir='ltr'><strong><em>que</em></strong></span> <span class='ocrx_word' id='word_1_420' title='bbox 1731 3459 1793 3530; x_wconf 76' lang='lat' dir='ltr'><strong><em>jam</em></strong></span> 
     </span>
     <span class='ocr_line' id='line_1_32' title="bbox 103 3557 639 3626; baseline 0.009 -16"><span class='ocrx_word' id='word_1_421' title='bbox 103 3561 168 3611; x_wconf 89' lang='lat' dir='ltr'><strong><em>ante</em></strong></span> <span class='ocrx_word' id='word_1_422' title='bbox 183 3557 290 3626; x_wconf 88' lang='lat' dir='ltr'><strong><em>aliquot</em></strong></span> <span class='ocrx_word' id='word_1_423' title='bbox 303 3573 403 3614; x_wconf 88' lang='lat' dir='ltr'><strong><em>menses</em></strong></span> <span class='ocrx_word' id='word_1_424' title='bbox 416 3560 547 3614; x_wconf 86' lang='lat' dir='ltr'><strong><em>monendo</em></strong></span> <span class='ocrx_word' id='word_1_425' title='bbox 561 3561 639 3615; x_wconf 75' lang='lat' dir='ltr'><strong><em>duni.</em></strong></span> 
     </span>
    </p>

    <p class='ocr_par' dir='ltr' id='par_1_6' title="bbox 92 3647 1828 5406">
     <span class='ocr_line' id='line_1_33' title="bbox 140 3647 1793 3726; baseline 0.001 -26"><span class='ocrx_word' id='word_1_426' title='bbox 140 3649 285 3717; x_wconf 90' lang='lat' dir='ltr'><strong><em>Postquam</em></strong></span> <span class='ocrx_word' id='word_1_427' title='bbox 307 3647 362 3704; x_wconf 77' lang='lat' dir='ltr'><strong><em>bec</em></strong></span> <span class='ocrx_word' id='word_1_428' title='bbox 386 3651 427 3704; x_wconf 90' lang='lat' dir='ltr'><strong><em>ita</em></strong></span> <span class='ocrx_word' id='word_1_429' title='bbox 447 3649 655 3713; x_wconf 82' lang='lat' dir='ltr'><strong><em>absolveremus,</em></strong></span> <span class='ocrx_word' id='word_1_430' title='bbox 677 3653 783 3724; x_wconf 84' lang='lat' dir='ltr'><strong><em>ipsique</em></strong></span> <span class='ocrx_word' id='word_1_431' title='bbox 805 3655 951 3726; x_wconf 81' lang='lat' dir='ltr'><strong><em>typotlcetre</em></strong></span> <span class='ocrx_word' id='word_1_432' title='bbox 965 3670 1027 3710; x_wconf 89' lang='lat' dir='ltr'><strong><em>suos</em></strong></span> <span class='ocrx_word' id='word_1_433' title='bbox 1043 3659 1246 3726; x_wconf 86' lang='lat' dir='ltr'><strong><em>composuerant</em></strong></span> <span class='ocrx_word' id='word_1_434' title='bbox 1261 3659 1346 3725; x_wconf 78' lang='lat' dir='ltr'><strong><em>typos,</em></strong></span> <span class='ocrx_word' id='word_1_435' title='bbox 1362 3668 1425 3708; x_wconf 84' lang='lat' dir='ltr'><strong><em>maa</em></strong></span> <span class='ocrx_word' id='word_1_436' title='bbox 1438 3652 1515 3723; x_wconf 89' lang='lat' dir='ltr'><strong><em>prelo</em></strong></span> <span class='ocrx_word' id='word_1_437' title='bbox 1528 3647 1718 3718; x_wconf 82' lang='lat' dir='ltr'><strong><em>subjiciendos,</em></strong></span> <span class='ocrx_word' id='word_1_438' title='bbox 1733 3659 1793 3716; x_wconf 87' lang='lat' dir='ltr'><strong><em>spes</em></strong></span> 
     </span>
     <span class='ocr_line' id='line_1_34' title="bbox 100 3735 1791 3814; baseline -0.002 -24"><span class='ocrx_word' id='word_1_439' title='bbox 100 3739 181 3804; x_wconf 71' lang='lat' dir='ltr'><strong><em>flecta</em></strong></span> <span class='ocrx_word' id='word_1_440' title='bbox 194 3743 233 3792; x_wconf 87' lang='lat' dir='ltr'><strong><em>est</em></strong></span> <span class='ocrx_word' id='word_1_441' title='bbox 248 3752 280 3792; x_wconf 82' lang='lat' dir='ltr'><strong><em>en</em></strong></span> <span class='ocrx_word' id='word_1_442' title='bbox 293 3739 416 3794; x_wconf 81' lang='lat' dir='ltr'><strong><em>ilemensi</em></strong></span> <span class='ocrx_word' id='word_1_443' title='bbox 427 3738 516 3794; x_wconf 88' lang='lat' dir='ltr'><strong><em>codice</em></strong></span> <span class='ocrx_word' id='word_1_444' title='bbox 527 3742 715 3810; x_wconf 86' lang='lat' dir='ltr'><strong><em>apoqrapburn</em></strong></span> <span class='ocrx_word' id='word_1_445' title='bbox 726 3743 798 3798; x_wconf 86' lang='lat' dir='ltr'><strong><em>bunc</em></strong></span> <span class='ocrx_word' id='word_1_446' title='bbox 814 3743 935 3798; x_wconf 90' lang='lat' dir='ltr'><strong><em>delatum</em></strong></span> <span class='ocrx_word' id='word_1_447' title='bbox 956 3747 1002 3798; x_wconf 85' lang='lat' dir='ltr'><strong><em>iri.</em></strong></span> <span class='ocrx_word' id='word_1_448' title='bbox 1027 3745 1131 3800; x_wconf 85' lang='lat' dir='ltr'><strong><em>blonuit</em></strong></span> <span class='ocrx_word' id='word_1_449' title='bbox 1153 3747 1245 3814; x_wconf 89' lang='lat' dir='ltr'><strong><em>itaque</em></strong></span> <span class='ocrx_word' id='word_1_450' title='bbox 1258 3741 1418 3798; x_wconf 86' lang='lat' dir='ltr'><strong><em>reverendus</em></strong></span> <span class='ocrx_word' id='word_1_451' title='bbox 1442 3743 1578 3811; x_wconf 86' lang='lat' dir='ltr'><strong><em>episcopus</em></strong></span> <span class='ocrx_word' id='word_1_452' title='bbox 1600 3737 1707 3807; x_wconf 89' lang='lat' dir='ltr'><strong><em>prelum</em></strong></span> <span class='ocrx_word' id='word_1_453' title='bbox 1728 3735 1791 3800; x_wconf 73' lang='lat' dir='ltr'><strong><em>scit·</em></strong></span> 
     </span>
     <span class='ocr_line' id='line_1_35' title="bbox 100 3827 1791 3905; baseline -0.002 -25"><span class='ocrx_word' id='word_1_454' title='bbox 100 3827 316 3896; x_wconf 69' lang='lat' dir='ltr'><strong><em>dominandum,</em></strong></span> <span class='ocrx_word' id='word_1_455' title='bbox 342 3831 424 3898; x_wconf 88' lang='lat' dir='ltr'><strong><em>atque</em></strong></span> <span class='ocrx_word' id='word_1_456' title='bbox 449 3831 662 3899; x_wconf 75' lang='lat' dir='ltr'><strong><em>exspectandum</em></strong></span> <span class='ocrx_word' id='word_1_457' title='bbox 685 3831 766 3887; x_wconf 80' lang='lat' dir='ltr'><strong><em>eloneo</em></strong></span> <span class='ocrx_word' id='word_1_458' title='bbox 792 3839 987 3904; x_wconf 86' lang='lat' dir='ltr'><strong><em>apportaretur</em></strong></span> <span class='ocrx_word' id='word_1_459' title='bbox 1008 3835 1055 3889; x_wconf 90' lang='lat' dir='ltr'><strong><em>itte</em></strong></span> <span class='ocrx_word' id='word_1_460' title='bbox 1079 3835 1253 3905; x_wconf 84' lang='lat' dir='ltr'><strong><em>apoprapbus</em></strong></span> <span class='ocrx_word' id='word_1_461' title='bbox 1269 3851 1274 3887; x_wconf 93' lang='lat'><strong>:</strong></span> <span class='ocrx_word' id='word_1_462' title='bbox 1290 3832 1363 3902; x_wconf 93' lang='lat' dir='ltr'><strong><em>quad</em></strong></span> <span class='ocrx_word' id='word_1_463' title='bbox 1391 3833 1451 3902; x_wconf 90' lang='lat' dir='ltr'><strong><em>post</em></strong></span> <span class='ocrx_word' id='word_1_464' title='bbox 1484 3830 1591 3898; x_wconf 87' lang='lat' dir='ltr'><strong><em>aliquot</em></strong></span> <span class='ocrx_word' id='word_1_465' title='bbox 1623 3827 1791 3904; x_wconf 85' lang='lat' dir='ltr'><strong><em>septimanas¹</em></strong></span> 
     </span>
     <span class='ocr_line' id='line_1_36' title="bbox 99 3909 1792 3992; baseline -0.004 -22"><span class='ocrx_word' id='word_1_466' title='bbox 99 3920 208 3986; x_wconf 70' lang='lat' dir='ltr'><strong><em>fraciam</em></strong></span> <span class='ocrx_word' id='word_1_467' title='bbox 234 3921 284 3982; x_wconf 89' lang='lat' dir='ltr'><strong><em>cst,</em></strong></span> <span class='ocrx_word' id='word_1_468' title='bbox 312 3919 407 3986; x_wconf 69' lang='lat' dir='ltr'><strong><em>forrare</em></strong></span> <span class='ocrx_word' id='word_1_469' title='bbox 432 3919 573 3974; x_wconf 84' lang='lat' dir='ltr'><strong><em>reuerendi</em></strong></span> <span class='ocrx_word' id='word_1_470' title='bbox 592 3919 791 3992; x_wconf 87' lang='lat' dir='ltr'><strong><em>doctissimique</em></strong></span> <span class='ocrx_word' id='word_1_471' title='bbox 812 3925 866 3978; x_wconf 88' lang='lat' dir='ltr'><strong><em>oiri</em></strong></span> <span class='ocrx_word' id='word_1_472' title='bbox 890 3927 921 3979; x_wconf 89' lang='lat' dir='ltr'><strong><em>P.</em></strong></span> <span class='ocrx_word' id='word_1_473' title='bbox 945 3925 1086 3990; x_wconf 82' lang='lat' dir='ltr'><strong><em>biabitlon,</em></strong></span> <span class='ocrx_word' id='word_1_474' title='bbox 1111 3925 1215 3978; x_wconf 86' lang='lat' dir='ltr'><strong><em>ordinis</em></strong></span> <span class='ocrx_word' id='word_1_475' title='bbox 1234 3921 1412 3982; x_wconf 86' lang='lat' dir='ltr'><strong><em>Benedictini,</em></strong></span> <span class='ocrx_word' id='word_1_476' title='bbox 1435 3915 1555 3974; x_wconf 87' lang='lat' dir='ltr'><strong><em>cumboc</em></strong></span> <span class='ocrx_word' id='word_1_477' title='bbox 1570 3915 1649 3968; x_wconf 90' lang='lat' dir='ltr'><strong><em>titulo</em></strong></span> <span class='ocrx_word' id='word_1_478' title='bbox 1663 3931 1670 3968; x_wconf 87' lang='grc' dir='ltr'><strong><em>ι</em></strong></span> <span class='ocrx_word' id='word_1_479' title='bbox 1684 3909 1792 3966; x_wconf 78' lang='lat' dir='ltr'><strong><em>Caecilil</em></strong></span> 
     </span>
     <span class='ocr_line' id='line_1_37' title="bbox 101 4001 1789 4084; baseline -0.005 -22"><span class='ocrx_word' id='word_1_480' title='bbox 101 4005 239 4080; x_wconf 77' lang='lat' dir='ltr'><strong><em>Cypriani</em></strong></span> <span class='ocrx_word' id='word_1_481' title='bbox 254 4007 288 4062; x_wconf 89' lang='lat' dir='ltr'><strong><em>de</em></strong></span> <span class='ocrx_word' id='word_1_482' title='bbox 301 4007 408 4062; x_wconf 84' lang='lat' dir='ltr'><strong><em>Pascha</em></strong></span> <span class='ocrx_word' id='word_1_483' title='bbox 422 4013 573 4080; x_wconf 87' lang='lat' dir='ltr'><strong><em>computus</em></strong></span> <span class='ocrx_word' id='word_1_484' title='bbox 589 4009 722 4079; x_wconf 79' lang='lat' dir='ltr'><strong><em>inchoat3</em></strong></span> <span class='ocrx_word' id='word_1_485' title='bbox 738 4017 764 4066; x_wconf 92' lang='lat' dir='ltr'><strong><em>et</em></strong></span> <span class='ocrx_word' id='word_1_486' title='bbox 776 4011 823 4068; x_wconf 87' lang='lat' dir='ltr'><strong><em>lcoc</em></strong></span> <span class='ocrx_word' id='word_1_487' title='bbox 832 4015 970 4084; x_wconf 78' lang='lat' dir='ltr'><strong><em>premissa</em></strong></span> <span class='ocrx_word' id='word_1_488' title='bbox 984 4015 1115 4076; x_wconf 88' lang='lat' dir='ltr'><strong><em>lemmate,</em></strong></span> <span class='ocrx_word' id='word_1_489' title='bbox 1131 4012 1170 4066; x_wconf 79' lang='lat' dir='ltr'><strong><em>Er</em></strong></span> <span class='ocrx_word' id='word_1_490' title='bbox 1187 4027 1239 4065; x_wconf 80' lang='lat' dir='ltr'><strong><em>cns.</em></strong></span> <span class='ocrx_word' id='word_1_491' title='bbox 1257 4013 1286 4067; x_wconf 84' lang='lat' dir='ltr'><strong><em>C.</em></strong></span> <span class='ocrx_word' id='word_1_492' title='bbox 1306 4007 1486 4064; x_wconf 75' lang='lat' dir='ltr'><strong><em>bibliotheca</em></strong></span> <span class='ocrx_word' id='word_1_493' title='bbox 1505 4005 1535 4060; x_wconf 85' lang='lat' dir='ltr'><strong><em>S.</em></strong></span> <span class='ocrx_word' id='word_1_494' title='bbox 1561 4001 1683 4073; x_wconf 80' lang='lat' dir='ltr'><strong><em>Rocnigii</em></strong></span> <span class='ocrx_word' id='word_1_495' title='bbox 1707 4001 1789 4055; x_wconf 82' lang='lat' dir='ltr'><strong><em>Rem.</em></strong></span> 
     </span>
     <span class='ocr_line' id='line_1_38' title="bbox 101 4093 1792 4174; baseline -0.004 -24"><span class='ocrx_word' id='word_1_496' title='bbox 101 4096 171 4151; x_wconf 87' lang='lat' dir='ltr'><strong><em>olim</em></strong></span> <span class='ocrx_word' id='word_1_497' title='bbox 196 4095 271 4153; x_wconf 75' lang='lat' dir='ltr'><strong><em>cxxi</em></strong></span> <span class='ocrx_word' id='word_1_498' title='bbox 293 4100 400 4166; x_wconf 83' lang='lat' dir='ltr'><strong><em>notato,</em></strong></span> <span class='ocrx_word' id='word_1_499' title='bbox 420 4112 496 4152; x_wconf 87' lang='lat' dir='ltr'><strong><em>nunc</em></strong></span> <span class='ocrx_word' id='word_1_500' title='bbox 518 4113 584 4152; x_wconf 83' lang='lat' dir='ltr'><strong><em>roro</em></strong></span> <span class='ocrx_word' id='word_1_501' title='bbox 609 4101 670 4156; x_wconf 75' lang='lat' dir='ltr'><strong><em>tce.</em></strong></span> <span class='ocrx_word' id='word_1_502' title='bbox 693 4101 771 4156; x_wconf 85' lang='lat' dir='ltr'><strong><em>liuns</em></strong></span> <span class='ocrx_word' id='word_1_503' title='bbox 792 4104 869 4156; x_wconf 90' lang='lat' dir='ltr'><strong><em>nacti</em></strong></span> <span class='ocrx_word' id='word_1_504' title='bbox 893 4103 1091 4173; x_wconf 84' lang='lat' dir='ltr'><strong><em>apoqrapbum,</em></strong></span> <span class='ocrx_word' id='word_1_505' title='bbox 1111 4117 1172 4157; x_wconf 91' lang='lat' dir='ltr'><strong><em>cum</em></strong></span> <span class='ocrx_word' id='word_1_506' title='bbox 1194 4106 1284 4156; x_wconf 89' lang='lat' dir='ltr'><strong><em>nostra</em></strong></span> <span class='ocrx_word' id='word_1_507' title='bbox 1308 4099 1430 4166; x_wconf 83' lang='lat' dir='ltr'><strong><em>corctuii,·</em></strong></span> <span class='ocrx_word' id='word_1_508' title='bbox 1453 4097 1594 4168; x_wconf 90' lang='lat' dir='ltr'><strong><em>reperique</em></strong></span> <span class='ocrx_word' id='word_1_509' title='bbox 1617 4097 1655 4148; x_wconf 90' lang='lat' dir='ltr'><strong><em>sic</em></strong></span> <span class='ocrx_word' id='word_1_510' title='bbox 1668 4107 1685 4146; x_wconf 93' lang='lat' dir='ltr'><strong><em>a</em></strong></span> <span class='ocrx_word' id='word_1_511' title='bbox 1699 4093 1792 4174; x_wconf 83' lang='lat' dir='ltr'><strong><em>nostro</em></strong></span> 
     </span>
     <span class='ocr_line' id='line_1_39' title="bbox 98 4178 1792 4258; baseline -0.003 -19"><span class='ocrx_word' id='word_1_512' title='bbox 98 4187 254 4240; x_wconf 73' lang='lat' dir='ltr'><strong><em>conantem</em></strong></span> <span class='ocrx_word' id='word_1_513' title='bbox 268 4190 299 4240; x_wconf 91' lang='lat' dir='ltr'><strong><em>ut</em></strong></span> <span class='ocrx_word' id='word_1_514' title='bbox 313 4188 343 4240; x_wconf 92' lang='lat' dir='ltr'><strong><em>in</em></strong></span> <span class='ocrx_word' id='word_1_515' title='bbox 356 4187 427 4240; x_wconf 89' lang='lat' dir='ltr'><strong><em>notis</em></strong></span> <span class='ocrx_word' id='word_1_516' title='bbox 439 4201 575 4242; x_wconf 88' lang='lat' dir='ltr'><strong><em>monemus</em></strong></span> <span class='ocrx_word' id='word_1_517' title='bbox 587 4204 595 4252; x_wconf 74' lang='grc' dir='ltr'><strong><em>ς</em></strong></span> <span class='ocrx_word' id='word_1_518' title='bbox 618 4203 666 4242; x_wconf 92' lang='lat' dir='ltr'><strong><em>aec</em></strong></span> <span class='ocrx_word' id='word_1_519' title='bbox 688 4190 777 4242; x_wconf 90' lang='lat' dir='ltr'><strong><em>minus</em></strong></span> <span class='ocrx_word' id='word_1_520' title='bbox 798 4191 964 4245; x_wconf 86' lang='lat' dir='ltr'><strong><em>mendosum.</em></strong></span> <span class='ocrx_word' id='word_1_521' title='bbox 986 4191 1020 4246; x_wconf 89' lang='lat' dir='ltr'><strong><em>ld</em></strong></span> <span class='ocrx_word' id='word_1_522' title='bbox 1041 4191 1138 4246; x_wconf 90' lang='lat' dir='ltr'><strong><em>saltem</em></strong></span> <span class='ocrx_word' id='word_1_523' title='bbox 1159 4192 1223 4246; x_wconf 89' lang='lat' dir='ltr'><strong><em>bene</em></strong></span> <span class='ocrx_word' id='word_1_524' title='bbox 1247 4192 1357 4258; x_wconf 84' lang='lat' dir='ltr'><strong><em>contiqit</em></strong></span> <span class='ocrx_word' id='word_1_525' title='bbox 1380 4195 1411 4244; x_wconf 90' lang='lat' dir='ltr'><strong><em>ut</em></strong></span> <span class='ocrx_word' id='word_1_526' title='bbox 1431 4203 1486 4243; x_wconf 91' lang='lat' dir='ltr'><strong><em>non</em></strong></span> <span class='ocrx_word' id='word_1_527' title='bbox 1507 4201 1609 4257; x_wconf 89' lang='lat' dir='ltr'><strong><em>semper</em></strong></span> <span class='ocrx_word' id='word_1_528' title='bbox 1626 4183 1716 4239; x_wconf 86' lang='lat' dir='ltr'><strong><em>eodem</em></strong></span> <span class='ocrx_word' id='word_1_529' title='bbox 1740 4178 1792 4235; x_wconf 73' lang='lat' dir='ltr'><strong><em>loci</em></strong></span> 
     </span>
     <span class='ocr_line' id='line_1_40' title="bbox 99 4269 1828 4349; baseline -0.003 -20"><span class='ocrx_word' id='word_1_530' title='bbox 99 4275 244 4331; x_wconf 71' lang='lat' dir='ltr'><strong><em>mendosus</em></strong></span> <span class='ocrx_word' id='word_1_531' title='bbox 263 4279 348 4345; x_wconf 55' lang='lat' dir='ltr'><strong><em>scierit</em></strong></span> <span class='ocrx_word' id='word_1_532' title='bbox 373 4281 487 4346; x_wconf 89' lang='lat' dir='ltr'><strong><em>uterque</em></strong></span> <span class='ocrx_word' id='word_1_533' title='bbox 498 4277 590 4346; x_wconf 78' lang='lat' dir='ltr'><strong><em>codor,</em></strong></span> <span class='ocrx_word' id='word_1_534' title='bbox 612 4279 658 4332; x_wconf 90' lang='lat' dir='ltr'><strong><em>sed</em></strong></span> <span class='ocrx_word' id='word_1_535' title='bbox 672 4293 744 4333; x_wconf 89' lang='lat' dir='ltr'><strong><em>nanc</em></strong></span> <span class='ocrx_word' id='word_1_536' title='bbox 759 4293 792 4333; x_wconf 81' lang='lat' dir='ltr'><strong><em>en</em></strong></span> <span class='ocrx_word' id='word_1_537' title='bbox 803 4280 850 4334; x_wconf 87' lang='lat' dir='ltr'><strong><em>clio</em></strong></span> <span class='ocrx_word' id='word_1_538' title='bbox 864 4284 962 4349; x_wconf 86' lang='lat' dir='ltr'><strong><em>noster,</em></strong></span> <span class='ocrx_word' id='word_1_539' title='bbox 980 4295 1052 4335; x_wconf 91' lang='lat' dir='ltr'><strong><em>nunc</em></strong></span> <span class='ocrx_word' id='word_1_540' title='bbox 1069 4281 1116 4336; x_wconf 88' lang='lat' dir='ltr'><strong><em>ilic</em></strong></span> <span class='ocrx_word' id='word_1_541' title='bbox 1129 4295 1162 4335; x_wconf 81' lang='lat' dir='ltr'><strong><em>cn</em></strong></span> <span class='ocrx_word' id='word_1_542' title='bbox 1176 4284 1266 4336; x_wconf 90' lang='lat' dir='ltr'><strong><em>nostro</em></strong></span> <span class='ocrx_word' id='word_1_543' title='bbox 1279 4277 1464 4346; x_wconf 83' lang='lat' dir='ltr'><strong><em>corripendus.</em></strong></span> <span class='ocrx_word' id='word_1_544' title='bbox 1480 4277 1570 4346; x_wconf 81' lang='lat' dir='ltr'><strong><em>acque</em></strong></span> <span class='ocrx_word' id='word_1_545' title='bbox 1584 4273 1615 4329; x_wconf 92' lang='lat' dir='ltr'><strong><em>id</em></strong></span> <span class='ocrx_word' id='word_1_546' title='bbox 1627 4287 1707 4344; x_wconf 90' lang='lat' dir='ltr'><strong><em>porro</em></strong></span> <span class='ocrx_word' id='word_1_547' title='bbox 1717 4269 1790 4340; x_wconf 92' lang='lat' dir='ltr'><strong><em>quod</em></strong></span> <span class='ocrx_word' id='word_1_548' title='bbox 1825 4273 1828 4281; x_wconf 63' lang='lat'><strong>⁴</strong></span> 
     </span>
     <span class='ocr_line' id='line_1_41' title="bbox 96 4361 1792 4437; baseline -0.004 -19"><span class='ocrx_word' id='word_1_549' title='bbox 96 4366 230 4434; x_wconf 84' lang='lat' dir='ltr'><strong><em>plurimis</em></strong></span> <span class='ocrx_word' id='word_1_550' title='bbox 244 4367 273 4418; x_wconf 88' lang='lat' dir='ltr'><strong><em>in</em></strong></span> <span class='ocrx_word' id='word_1_551' title='bbox 288 4365 359 4432; x_wconf 88' lang='lat' dir='ltr'><strong><em>iocis,</em></strong></span> <span class='ocrx_word' id='word_1_552' title='bbox 374 4382 433 4435; x_wconf 81' lang='lat' dir='ltr'><strong><em>quoe</em></strong></span> <span class='ocrx_word' id='word_1_553' title='bbox 446 4383 478 4421; x_wconf 82' lang='lat' dir='ltr'><strong><em>ea</em></strong></span> <span class='ocrx_word' id='word_1_554' title='bbox 501 4365 660 4436; x_wconf 78' lang='lat' dir='ltr'><strong><em>conjecturis</em></strong></span> <span class='ocrx_word' id='word_1_555' title='bbox 681 4368 737 4422; x_wconf 90' lang='lat' dir='ltr'><strong><em>sire</em></strong></span> <span class='ocrx_word' id='word_1_556' title='bbox 762 4369 871 4437; x_wconf 89' lang='lat' dir='ltr'><strong><em>Usserti,</em></strong></span> <span class='ocrx_word' id='word_1_557' title='bbox 894 4371 949 4424; x_wconf 89' lang='lat' dir='ltr'><strong><em>siae</em></strong></span> <span class='ocrx_word' id='word_1_558' title='bbox 971 4369 1056 4432; x_wconf 77' lang='lat' dir='ltr'><strong><em>(latei,</em></strong></span> <span class='ocrx_word' id='word_1_559' title='bbox 1080 4371 1136 4424; x_wconf 87' lang='lat' dir='ltr'><strong><em>sire</em></strong></span> <span class='ocrx_word' id='word_1_560' title='bbox 1155 4371 1263 4432; x_wconf 84' lang='lat' dir='ltr'><strong><em>nostris,</em></strong></span> <span class='ocrx_word' id='word_1_561' title='bbox 1287 4369 1504 4429; x_wconf 88' lang='lat' dir='ltr'><strong><em>emandaveram,</em></strong></span> <span class='ocrx_word' id='word_1_562' title='bbox 1528 4365 1610 4420; x_wconf 77' lang='lat' dir='ltr'><strong><em>cadere</em></strong></span> <span class='ocrx_word' id='word_1_563' title='bbox 1633 4364 1676 4416; x_wconf 87' lang='lat' dir='ltr'><strong><em>bic</em></strong></span> <span class='ocrx_word' id='word_1_564' title='bbox 1695 4361 1792 4428; x_wconf 64' lang='lat' dir='ltr'><strong><em>confir,</em></strong></span> 
     </span>
     <span class='ocr_line' id='line_1_42' title="bbox 97 4456 1791 4528; baseline 0.001 -18"><span class='ocrx_word' id='word_1_565' title='bbox 97 4461 166 4510; x_wconf 88' lang='lat' dir='ltr'><strong><em>mat.</em></strong></span> <span class='ocrx_word' id='word_1_566' title='bbox 189 4457 246 4522; x_wconf 80' lang='lat' dir='ltr'><strong><em>Quo</em></strong></span> <span class='ocrx_word' id='word_1_567' title='bbox 268 4471 343 4520; x_wconf 86' lang='lat' dir='ltr'><strong><em>casu,</em></strong></span> <span class='ocrx_word' id='word_1_568' title='bbox 370 4458 473 4512; x_wconf 88' lang='lat' dir='ltr'><strong><em>omissis</em></strong></span> <span class='ocrx_word' id='word_1_569' title='bbox 494 4458 652 4526; x_wconf 74' lang='lat' dir='ltr'><strong><em>conjecturis</em></strong></span> <span class='ocrx_word' id='word_1_570' title='bbox 673 4457 738 4523; x_wconf 91' lang='lat' dir='ltr'><strong><em>illis,</em></strong></span> <span class='ocrx_word' id='word_1_571' title='bbox 760 4461 950 4514; x_wconf 89' lang='lat' dir='ltr'><strong><em>auctoritatem</em></strong></span> <span class='ocrx_word' id='word_1_572' title='bbox 972 4459 1051 4528; x_wconf 75' lang='lat' dir='ltr'><strong><em>buires</em></strong></span> <span class='ocrx_word' id='word_1_573' title='bbox 1071 4460 1171 4514; x_wconf 88' lang='lat' dir='ltr'><strong><em>codicis</em></strong></span> <span class='ocrx_word' id='word_1_574' title='bbox 1193 4462 1266 4514; x_wconf 85' lang='lat' dir='ltr'><strong><em>later</em></strong></span> <span class='ocrx_word' id='word_1_575' title='bbox 1288 4461 1426 4514; x_wconf 83' lang='lat' dir='ltr'><strong><em>occriaates</em></strong></span> <span class='ocrx_word' id='word_1_576' title='bbox 1440 4458 1564 4514; x_wconf 85' lang='lat' dir='ltr'><strong><em>lectiones</em></strong></span> <span class='ocrx_word' id='word_1_577' title='bbox 1578 4456 1649 4521; x_wconf 89' lang='lat' dir='ltr'><strong><em>cito;</em></strong></span> <span class='ocrx_word' id='word_1_578' title='bbox 1666 4466 1713 4506; x_wconf 88' lang='lat' dir='ltr'><strong><em>neo</em></strong></span> <span class='ocrx_word' id='word_1_579' title='bbox 1728 4465 1791 4510; x_wconf 92' lang='lat' dir='ltr'><strong><em>oon.</em></strong></span> 
     </span>
     <span class='ocr_line' id='line_1_43' title="bbox 94 4539 1788 4619; baseline -0.004 -21"><span class='ocrx_word' id='word_1_580' title='bbox 94 4545 219 4614; x_wconf 79' lang='lat' dir='ltr'><strong><em>jacturas</em></strong></span> <span class='ocrx_word' id='word_1_581' title='bbox 233 4546 385 4614; x_wconf 84' lang='lat' dir='ltr'><strong><em>interpono,</em></strong></span> <span class='ocrx_word' id='word_1_582' title='bbox 409 4546 464 4600; x_wconf 90' lang='lat' dir='ltr'><strong><em>nisi</em></strong></span> <span class='ocrx_word' id='word_1_583' title='bbox 483 4558 543 4600; x_wconf 83' lang='lat' dir='ltr'><strong><em>cum</em></strong></span> <span class='ocrx_word' id='word_1_584' title='bbox 562 4551 676 4616; x_wconf 89' lang='lat' dir='ltr'><strong><em>uterque</em></strong></span> <span class='ocrx_word' id='word_1_585' title='bbox 698 4547 780 4602; x_wconf 82' lang='lat' dir='ltr'><strong><em>eaden</em></strong></span> <span class='ocrx_word' id='word_1_586' title='bbox 802 4549 912 4604; x_wconf 83' lang='lat' dir='ltr'><strong><em>ridetur</em></strong></span> <span class='ocrx_word' id='word_1_587' title='bbox 933 4551 1055 4604; x_wconf 80' lang='lat' dir='ltr'><strong><em>vitiosus.</em></strong></span> <span class='ocrx_word' id='word_1_588' title='bbox 1081 4550 1257 4619; x_wconf 86' lang='lat' dir='ltr'><strong><em>Numerique.</em></strong></span> <span class='ocrx_word' id='word_1_589' title='bbox 1280 4551 1310 4604; x_wconf 93' lang='lat' dir='ltr'><strong><em>in</em></strong></span> <span class='ocrx_word' id='word_1_590' title='bbox 1334 4549 1381 4602; x_wconf 88' lang='lat' dir='ltr'><strong><em>boc</em></strong></span> <span class='ocrx_word' id='word_1_591' title='bbox 1406 4549 1564 4616; x_wconf 88' lang='lat' dir='ltr'><strong><em>comparent</em></strong></span> <span class='ocrx_word' id='word_1_592' title='bbox 1586 4542 1637 4598; x_wconf 93' lang='lat' dir='ltr'><strong><em>soii</em></strong></span> <span class='ocrx_word' id='word_1_593' title='bbox 1664 4539 1788 4608; x_wconf 79' lang='lat' dir='ltr'><strong><em>Romani,</em></strong></span> 
     </span>
     <span class='ocr_line' id='line_1_44' title="bbox 99 4627 1788 4708; baseline -0.004 -21"><span class='ocrx_word' id='word_1_594' title='bbox 99 4633 196 4704; x_wconf 89' lang='lat' dir='ltr'><strong><em>quales</em></strong></span> <span class='ocrx_word' id='word_1_595' title='bbox 216 4635 246 4688; x_wconf 90' lang='lat' dir='ltr'><strong><em>in</em></strong></span> <span class='ocrx_word' id='word_1_596' title='bbox 267 4633 353 4688; x_wconf 87' lang='lat' dir='ltr'><strong><em>altero</em></strong></span> <span class='ocrx_word' id='word_1_597' title='bbox 375 4633 431 4706; x_wconf 74' lang='lat' dir='ltr'><strong><em>(sed</em></strong></span> <span class='ocrx_word' id='word_1_598' title='bbox 459 4635 486 4702; x_wconf 60' lang='grc'>3</span> <span class='ocrx_word' id='word_1_599' title='bbox 503 4651 552 4704; x_wconf 91' lang='lat' dir='ltr'><strong><em>pro</em></strong></span> <span class='ocrx_word' id='word_1_600' title='bbox 571 4635 670 4706; x_wconf 79' lang='lat' dir='ltr'><strong><em>mille),</em></strong></span> <span class='ocrx_word' id='word_1_601' title='bbox 684 4651 738 4691; x_wconf 89' lang='lat' dir='ltr'><strong><em>non</em></strong></span> <span class='ocrx_word' id='word_1_602' title='bbox 748 4637 847 4699; x_wconf 80' lang='lat' dir='ltr'><strong><em>Indici,</em></strong></span> <span class='ocrx_word' id='word_1_603' title='bbox 861 4655 908 4694; x_wconf 89' lang='lat' dir='ltr'><strong><em>aec</em></strong></span> <span class='ocrx_word' id='word_1_604' title='bbox 920 4639 1108 4708; x_wconf 87' lang='lat' dir='ltr'><strong><em>parentbcseos</em></strong></span> <span class='ocrx_word' id='word_1_605' title='bbox 1120 4643 1190 4694; x_wconf 81' lang='lat' dir='ltr'><strong><em>aotae</em></strong></span> <span class='ocrx_word' id='word_1_606' title='bbox 1204 4655 1210 4693; x_wconf 79' lang='grc' dir='ltr'><strong><em>ι</em></strong></span> <span class='ocrx_word' id='word_1_607' title='bbox 1226 4643 1306 4708; x_wconf 88' lang='lat' dir='ltr'><strong><em>atque</em></strong></span> <span class='ocrx_word' id='word_1_608' title='bbox 1318 4637 1566 4692; x_wconf 89' lang='lat' dir='ltr'><strong><em>interstinctionum</em></strong></span> <span class='ocrx_word' id='word_1_609' title='bbox 1579 4632 1664 4686; x_wconf 87' lang='lat' dir='ltr'><strong><em>nescio</em></strong></span> <span class='ocrx_word' id='word_1_610' title='bbox 1678 4645 1715 4683; x_wconf 92' lang='lat' dir='ltr'><strong><em>an</em></strong></span> <span class='ocrx_word' id='word_1_611' title='bbox 1729 4627 1788 4681; x_wconf 86' lang='lat' dir='ltr'><strong><em>ulla</em></strong></span> 
     </span>
     <span class='ocr_line' id='line_1_45' title="bbox 98 4716 1789 4798; baseline -0.005 -20"><span class='ocrx_word' id='word_1_612' title='bbox 98 4724 198 4778; x_wconf 81' lang='lat' dir='ltr'><strong><em>habita</em></strong></span> <span class='ocrx_word' id='word_1_613' title='bbox 224 4729 260 4778; x_wconf 89' lang='lat' dir='ltr'><strong><em>est</em></strong></span> <span class='ocrx_word' id='word_1_614' title='bbox 287 4725 316 4778; x_wconf 91' lang='lat' dir='ltr'><strong><em>in</em></strong></span> <span class='ocrx_word' id='word_1_615' title='bbox 338 4725 508 4795; x_wconf 88' lang='lat' dir='ltr'><strong><em>autoqrapbo</em></strong></span> <span class='ocrx_word' id='word_1_616' title='bbox 532 4725 614 4779; x_wconf 89' lang='lat' dir='ltr'><strong><em>ruiis.</em></strong></span> <span class='ocrx_word' id='word_1_617' title='bbox 637 4728 690 4780; x_wconf 85' lang='lat' dir='ltr'><strong><em>Pro</em></strong></span> <span class='ocrx_word' id='word_1_618' title='bbox 712 4725 845 4782; x_wconf 82' lang='lat' dir='ltr'><strong><em>Calendis</em></strong></span> <span class='ocrx_word' id='word_1_619' title='bbox 866 4727 979 4783; x_wconf 80' lang='lat' dir='ltr'><strong><em>turbetur</em></strong></span> <span class='ocrx_word' id='word_1_620' title='bbox 995 4729 1051 4790; x_wconf 80' lang='lat' dir='ltr'><strong><em>iil..</em></strong></span> <span class='ocrx_word' id='word_1_621' title='bbox 1065 4728 1167 4798; x_wconf 88' lang='lat' dir='ltr'><strong><em>quidpe</em></strong></span> <span class='ocrx_word' id='word_1_622' title='bbox 1179 4729 1303 4782; x_wconf 83' lang='lat' dir='ltr'><strong><em>inceleri</em></strong></span> <span class='ocrx_word' id='word_1_623' title='bbox 1323 4727 1468 4797; x_wconf 87' lang='lat' dir='ltr'><strong><em>scriptione</em></strong></span> <span class='ocrx_word' id='word_1_624' title='bbox 1479 4723 1502 4776; x_wconf 87' lang='lat' dir='ltr'>K</span> <span class='ocrx_word' id='word_1_625' title='bbox 1515 4737 1566 4794; x_wconf 91' lang='lat' dir='ltr'><strong><em>pro</em></strong></span> <span class='ocrx_word' id='word_1_626' title='bbox 1579 4723 1617 4775; x_wconf 75' lang='lat' dir='ltr'><strong><em>Ca</em></strong></span> <span class='ocrx_word' id='word_1_627' title='bbox 1629 4719 1712 4776; x_wconf 90' lang='lat' dir='ltr'><strong><em>scribi</em></strong></span> <span class='ocrx_word' id='word_1_628' title='bbox 1724 4716 1789 4772; x_wconf 88' lang='lat' dir='ltr'><strong><em>sole-</em></strong></span> 
     </span>
     <span class='ocr_line' id='line_1_46' title="bbox 101 4809 1787 4888; baseline -0.001 -20"><span class='ocrx_word' id='word_1_629' title='bbox 101 4815 159 4878; x_wconf 91' lang='lat' dir='ltr'><strong><em>bat,</em></strong></span> <span class='ocrx_word' id='word_1_630' title='bbox 175 4817 207 4868; x_wconf 92' lang='lat' dir='ltr'><strong><em>ut</em></strong></span> <span class='ocrx_word' id='word_1_631' title='bbox 219 4813 289 4868; x_wconf 84' lang='lat' dir='ltr'><strong><em>krns</em></strong></span> <span class='ocrx_word' id='word_1_632' title='bbox 301 4829 349 4883; x_wconf 91' lang='lat' dir='ltr'><strong><em>pro</em></strong></span> <span class='ocrx_word' id='word_1_633' title='bbox 363 4829 456 4881; x_wconf 85' lang='lat' dir='ltr'><strong><em>carus,</em></strong></span> <span class='ocrx_word' id='word_1_634' title='bbox 472 4817 526 4870; x_wconf 87' lang='lat' dir='ltr'><strong><em>cic.</em></strong></span> <span class='ocrx_word' id='word_1_635' title='bbox 543 4816 576 4870; x_wconf 89' lang='lat' dir='ltr'><strong><em>ln</em></strong></span> <span class='ocrx_word' id='word_1_636' title='bbox 589 4818 746 4886; x_wconf 85' lang='lat' dir='ltr'><strong><em>opoqropba</em></strong></span> <span class='ocrx_word' id='word_1_637' title='bbox 759 4818 845 4872; x_wconf 89' lang='lat' dir='ltr'><strong><em>altero</em></strong></span> <span class='ocrx_word' id='word_1_638' title='bbox 858 4819 974 4872; x_wconf 71' lang='lat' dir='ltr'><strong><em>liabetur</em></strong></span> <span class='ocrx_word' id='word_1_639' title='bbox 986 4819 1095 4888; x_wconf 88' lang='lat' dir='ltr'><strong><em>quidem</em></strong></span> <span class='ocrx_word' id='word_1_640' title='bbox 1115 4817 1189 4878; x_wconf 67' lang='lat' dir='ltr'><strong><em>Kal„</em></strong></span> <span class='ocrx_word' id='word_1_641' title='bbox 1204 4817 1250 4872; x_wconf 90' lang='lat' dir='ltr'><strong><em>sod</em></strong></span> <span class='ocrx_word' id='word_1_642' title='bbox 1264 4817 1299 4870; x_wconf 93' lang='lat' dir='ltr'><strong><em>ab</em></strong></span> <span class='ocrx_word' id='word_1_643' title='bbox 1324 4817 1486 4885; x_wconf 72' lang='lat' dir='ltr'><strong><em>exscriptore</em></strong></span> <span class='ocrx_word' id='word_1_644' title='bbox 1507 4811 1584 4868; x_wconf 90' lang='lat' dir='ltr'><strong><em>credo</em></strong></span> <span class='ocrx_word' id='word_1_645' title='bbox 1603 4809 1787 4866; x_wconf 77' lang='lat' dir='ltr'><strong><em>substitutam,</em></strong></span> 
     </span>
     <span class='ocr_line' id='line_1_47' title="bbox 100 4901 1788 4978; baseline -0.001 -19"><span class='ocrx_word' id='word_1_646' title='bbox 100 4907 151 4976; x_wconf 86' lang='lat' dir='ltr'><strong><em>qui</em></strong></span> <span class='ocrx_word' id='word_1_647' title='bbox 176 4910 308 4959; x_wconf 76' lang='lat' dir='ltr'><strong><em>nonmat</em></strong></span> <span class='ocrx_word' id='word_1_648' title='bbox 332 4904 365 4959; x_wconf 90' lang='lat' dir='ltr'><strong><em>de</em></strong></span> <span class='ocrx_word' id='word_1_649' title='bbox 387 4903 501 4974; x_wconf 83' lang='lat' dir='ltr'><strong><em>sinpuiis</em></strong></span> <span class='ocrx_word' id='word_1_650' title='bbox 525 4905 680 4960; x_wconf 82' lang='lat' dir='ltr'><strong><em>litterarum</em></strong></span> <span class='ocrx_word' id='word_1_651' title='bbox 705 4907 828 4976; x_wconf 90' lang='lat' dir='ltr'><strong><em>apicibus</em></strong></span> <span class='ocrx_word' id='word_1_652' title='bbox 852 4908 992 4974; x_wconf 89' lang='lat' dir='ltr'><strong><em>sollicitus,</em></strong></span> <span class='ocrx_word' id='word_1_653' title='bbox 1018 4910 1079 4978; x_wconf 87' lang='lat' dir='ltr'><strong><em>ipsa</em></strong></span> <span class='ocrx_word' id='word_1_654' title='bbox 1102 4907 1184 4961; x_wconf 82' lang='lat' dir='ltr'><strong><em>rerba</em></strong></span> <span class='ocrx_word' id='word_1_655' title='bbox 1211 4905 1333 4961; x_wconf 84' lang='lat' dir='ltr'><strong><em>eabibere</em></strong></span> <span class='ocrx_word' id='word_1_656' title='bbox 1357 4901 1604 4973; x_wconf 79' lang='lat' dir='ltr'><strong><em>contentus3quod</em></strong></span> <span class='ocrx_word' id='word_1_657' title='bbox 1625 4901 1788 4965; x_wconf 86' lang='lat' dir='ltr'><strong><em>inutraque</em></strong></span> 
     </span>
     <span class='ocr_line' id='line_1_48' title="bbox 99 4991 1785 5066; baseline -0.007 -15"><span class='ocrx_word' id='word_1_658' title='bbox 99 4994 259 5064; x_wconf 86' lang='lat' dir='ltr'><strong><em>apoqrapbo</em></strong></span> <span class='ocrx_word' id='word_1_659' title='bbox 274 4995 416 5064; x_wconf 78' lang='lat' dir='ltr'><strong><em>coniiqisse</em></strong></span> <span class='ocrx_word' id='word_1_660' title='bbox 429 4996 558 5064; x_wconf 89' lang='lat' dir='ltr'><strong><em>suspicor.</em></strong></span> <span class='ocrx_word' id='word_1_661' title='bbox 573 4995 682 5050; x_wconf 84' lang='lat' dir='ltr'><strong><em>Litteris</em></strong></span> <span class='ocrx_word' id='word_1_662' title='bbox 694 4999 783 5050; x_wconf 89' lang='lat' dir='ltr'><strong><em>autem</em></strong></span> <span class='ocrx_word' id='word_1_663' title='bbox 798 4997 828 5051; x_wconf 92' lang='lat' dir='ltr'><strong><em>U.</em></strong></span> <span class='ocrx_word' id='word_1_664' title='bbox 847 4995 878 5066; x_wconf 85' lang='lat' dir='ltr'><strong><em>G,</em></strong></span> <span class='ocrx_word' id='word_1_665' title='bbox 894 4997 935 5063; x_wconf 87' lang='lat' dir='ltr'><strong><em>W,</em></strong></span> <span class='ocrx_word' id='word_1_666' title='bbox 950 5003 1026 5052; x_wconf 85' lang='lat' dir='ltr'><strong><em>notas</em></strong></span> <span class='ocrx_word' id='word_1_667' title='bbox 1042 5002 1067 5051; x_wconf 90' lang='grc' dir='ltr'><strong><em>ιι</em></strong></span> <span class='ocrx_word' id='word_1_668' title='bbox 1081 4997 1245 5066; x_wconf 69' lang='lat' dir='ltr'><strong><em>respecturos</em></strong></span> <span class='ocrx_word' id='word_1_669' title='bbox 1257 4997 1366 5063; x_wconf 86' lang='lat' dir='ltr'><strong><em>desiqno</em></strong></span> <span class='ocrx_word' id='word_1_670' title='bbox 1386 4996 1497 5062; x_wconf 86' lang='lat' dir='ltr'><strong><em>Usserii,</em></strong></span> <span class='ocrx_word' id='word_1_671' title='bbox 1513 4992 1591 5050; x_wconf 83' lang='lat' dir='ltr'><strong><em>Galei</em></strong></span> <span class='ocrx_word' id='word_1_672' title='bbox 1609 4995 1636 5045; x_wconf 93' lang='lat' dir='ltr'><strong><em>et</em></strong></span> <span class='ocrx_word' id='word_1_673' title='bbox 1656 4991 1764 5042; x_wconf 87' lang='lat' dir='ltr'><strong><em>nostras</em></strong></span> <span class='ocrx_word' id='word_1_674' title='bbox 1779 4992 1785 5028; x_wconf 91' lang='lat'>:</span> 
     </span>
     <span class='ocr_line' id='line_1_49' title="bbox 97 5077 1788 5155; baseline -0.002 -17"><span class='ocrx_word' id='word_1_675' title='bbox 97 5084 254 5153; x_wconf 79' lang='lat' dir='ltr'><strong><em>litterisque</em></strong></span> <span class='ocrx_word' id='word_1_676' title='bbox 277 5081 311 5151; x_wconf 84' lang='lat' dir='ltr'><strong><em>R,</em></strong></span> <span class='ocrx_word' id='word_1_677' title='bbox 346 5083 377 5150; x_wconf 84' lang='lat' dir='ltr'><strong><em>C,</em></strong></span> <span class='ocrx_word' id='word_1_678' title='bbox 410 5084 511 5140; x_wconf 88' lang='lat' dir='ltr'><strong><em>codices</em></strong></span> <span class='ocrx_word' id='word_1_679' title='bbox 538 5085 730 5142; x_wconf 78' lang='lat' dir='ltr'><strong><em>Gallunianum</em></strong></span> <span class='ocrx_word' id='word_1_680' title='bbox 756 5089 781 5140; x_wconf 88' lang='lat' dir='ltr'><strong><em>ct</em></strong></span> <span class='ocrx_word' id='word_1_681' title='bbox 805 5085 985 5154; x_wconf 84' lang='lat' dir='ltr'><strong><em>libemensem,</em></strong></span> <span class='ocrx_word' id='word_1_682' title='bbox 1011 5085 1106 5141; x_wconf 90' lang='lat' dir='ltr'><strong><em>saltem</em></strong></span> <span class='ocrx_word' id='word_1_683' title='bbox 1133 5090 1238 5140; x_wconf 86' lang='lat' dir='ltr'><strong><em>nostros</em></strong></span> <span class='ocrx_word' id='word_1_684' title='bbox 1260 5085 1323 5140; x_wconf 89' lang='lat' dir='ltr'><strong><em>inde</em></strong></span> <span class='ocrx_word' id='word_1_685' title='bbox 1347 5085 1492 5155; x_wconf 86' lang='lat' dir='ltr'><strong><em>descriptos</em></strong></span> <span class='ocrx_word' id='word_1_686' title='bbox 1517 5079 1697 5152; x_wconf 79' lang='lat' dir='ltr'><strong><em>opoprcpbos,</em></strong></span> <span class='ocrx_word' id='word_1_687' title='bbox 1723 5077 1788 5144; x_wconf 74' lang='lat' dir='ltr'><strong><em>Qun</em></strong></span> 
     </span>
     <span class='ocr_line' id='line_1_50' title="bbox 96 5169 1781 5245; baseline -0.003 -19"><span class='ocrx_word' id='word_1_688' title='bbox 96 5173 190 5228; x_wconf 87' lang='lat' dir='ltr'><strong><em>adbuc</em></strong></span> <span class='ocrx_word' id='word_1_689' title='bbox 207 5178 355 5242; x_wconf 87' lang='lat' dir='ltr'><strong><em>supersunt</em></strong></span> <span class='ocrx_word' id='word_1_690' title='bbox 373 5173 471 5228; x_wconf 86' lang='lat' dir='ltr'><strong><em>mendo</em></strong></span> <span class='ocrx_word' id='word_1_691' title='bbox 494 5172 750 5244; x_wconf 65' lang='lat' dir='ltr'><strong><em>(supersuntnnim)</em></strong></span> <span class='ocrx_word' id='word_1_692' title='bbox 778 5181 833 5236; x_wconf 91' lang='lat' dir='ltr'><strong><em>tuo,</em></strong></span> <span class='ocrx_word' id='word_1_693' title='bbox 859 5175 950 5237; x_wconf 87' lang='lat' dir='ltr'><strong><em>ieetor,</em></strong></span> <span class='ocrx_word' id='word_1_694' title='bbox 974 5174 1111 5229; x_wconf 89' lang='lat' dir='ltr'><strong><em>arbiratui</em></strong></span> <span class='ocrx_word' id='word_1_695' title='bbox 1130 5177 1269 5244; x_wconf 85' lang='lat' dir='ltr'><strong><em>permitto,</em></strong></span> <span class='ocrx_word' id='word_1_696' title='bbox 1291 5175 1433 5245; x_wconf 86' lang='lat' dir='ltr'><strong><em>ipsumque</em></strong></span> <span class='ocrx_word' id='word_1_697' title='bbox 1447 5174 1503 5228; x_wconf 86' lang='lat' dir='ltr'><strong><em>sice</em></strong></span> <span class='ocrx_word' id='word_1_698' title='bbox 1516 5171 1548 5227; x_wconf 90' lang='lat' dir='ltr'><strong><em>de</em></strong></span> <span class='ocrx_word' id='word_1_699' title='bbox 1560 5169 1719 5240; x_wconf 76' lang='lat' dir='ltr'><strong><em>conjecturis</em></strong></span> <span class='ocrx_word' id='word_1_700' title='bbox 1731 5182 1781 5222; x_wconf 91' lang='lat' dir='ltr'><strong><em>no·</em></strong></span> 
     </span>
     <span class='ocr_line' id='line_1_51' title="bbox 92 5259 1787 5334; baseline -0.002 -18"><span class='ocrx_word' id='word_1_701' title='bbox 92 5264 170 5323; x_wconf 87' lang='lat' dir='ltr'><strong><em>stris,</em></strong></span> <span class='ocrx_word' id='word_1_702' title='bbox 183 5262 239 5317; x_wconf 89' lang='lat' dir='ltr'><strong><em>siae</em></strong></span> <span class='ocrx_word' id='word_1_703' title='bbox 252 5261 285 5316; x_wconf 90' lang='lat' dir='ltr'><strong><em>dc</em></strong></span> <span class='ocrx_word' id='word_1_704' title='bbox 298 5261 356 5333; x_wconf 89' lang='lat' dir='ltr'><strong><em>ipso</em></strong></span> <span class='ocrx_word' id='word_1_705' title='bbox 369 5276 457 5333; x_wconf 88' lang='lat' dir='ltr'><strong><em>opere,</em></strong></span> <span class='ocrx_word' id='word_1_706' title='bbox 473 5262 561 5331; x_wconf 70' lang='lat' dir='ltr'><strong><em>elusae</em></strong></span> <span class='ocrx_word' id='word_1_707' title='bbox 576 5267 694 5330; x_wconf 76' lang='lat' dir='ltr'><strong><em>circatore,</em></strong></span> <span class='ocrx_word' id='word_1_708' title='bbox 713 5263 859 5332; x_wconf 75' lang='lat' dir='ltr'><strong><em>iudicium.</em></strong></span> <span class='ocrx_word' id='word_1_709' title='bbox 881 5264 957 5321; x_wconf 85' lang='lat' dir='ltr'><strong><em>Vale.</em></strong></span> <span class='ocrx_word' id='word_1_710' title='bbox 978 5265 1107 5321; x_wconf 79' lang='lat' dir='ltr'><strong><em>Vicesime</em></strong></span> <span class='ocrx_word' id='word_1_711' title='bbox 1121 5263 1235 5320; x_wconf 89' lang='lat' dir='ltr'><strong><em>secundo</em></strong></span> <span class='ocrx_word' id='word_1_712' title='bbox 1253 5263 1298 5319; x_wconf 90' lang='lat' dir='ltr'><strong><em>die</em></strong></span> <span class='ocrx_word' id='word_1_713' title='bbox 1320 5263 1403 5334; x_wconf 84' lang='lat' dir='ltr'><strong><em>iulii,</em></strong></span> <span class='ocrx_word' id='word_1_714' title='bbox 1427 5277 1499 5318; x_wconf 90' lang='lat' dir='ltr'><strong><em>anno</em></strong></span> <span class='ocrx_word' id='word_1_715' title='bbox 1512 5275 1572 5317; x_wconf 76' lang='lat' dir='ltr'><strong><em>ceros</em></strong></span> <span class='ocrx_word' id='word_1_716' title='bbox 1595 5259 1787 5331; x_wconf 73' lang='lat' dir='ltr'><strong><em>Dionysiannr</em></strong></span> 
     </span>
     <span class='ocr_line' id='line_1_52' title="bbox 102 5352 181 5406; baseline -0.013 -1"><span class='ocrx_word' id='word_1_717' title='bbox 102 5352 181 5406; x_wconf 78' lang='lat' dir='ltr'><strong><em>teon.</em></strong></span> 
     </span>
    </p>
   </div>
   <div class='ocr_carea' id='block_1_6' title="bbox 0 0 2050 6188">
    <p class='ocr_par' dir='ltr' id='par_1_7' title="bbox 0 0 2050 6188">
     <span class='ocr_line' id='line_1_53' title="bbox 0 0 2050 6188; baseline 0 0"><span class='ocrx_word' id='word_1_718' title='bbox 0 0 2050 6188; x_wconf 95' lang='lat' dir='ltr'><strong><em> </em></strong></span> 
     </span>
    </p>
   </div>
  </div>
 </body>
</html>
