4012 6192
1975 27 1976 70 l

238 259 290 321 983
558 259 603 336 hl)
622 259 733 318 OPERA
752 209 781 316 S..
801 257 958 316 curatam
976 253 1125 316 canutus
1143 253 1286 312 arcano.
1306 249 1341 308 li.
1360 279 1395 294 ·-
1414 246 1650 308 soarosttttta.
1732 273 1736 278 ·
1849 241 1895 304 ιιι

242 381 305 454 {dli
319 377 387 446 onis
403 394 458 436 uon
474 377 601 452 quotidie
615 378 716 436 recitat
729 395 778 434 ore
792 397 799 434 ι
816 377 905 434 Credo
920 378 948 433 in
962 379 1052 434 Deum
1065 388 1092 460 Α
1104 373 1154 428 tibi
1173 388 1269 428 coram
1284 387 1332 427 ore
1351 369 1388 425 ad
1402 386 1431 427 os
1446 370 1621 442 loqueretur.
1636 367 1673 422 lix
1686 364 1730 422 his
1740 363 1897 421 torrentibus
1975 371 1976 446 ι

243 478 355 532 Patrem
377 473 623 546 omnipotentem?
644 474 680 527 at
701 490 759 528 non
782 472 874 528 credit
899 473 930 526 in
954 473 1053 540 Deum,
1106 458 1896 538 sumetibilapides,quibusdejiciassuperbnmtioliath.
1975 451 1976 544 J

244 571 292 640 qui
314 585 373 624 non
396 569 424 622 in
448 584 482 623 co
505 567 564 622 solo
587 567 705 622 collocat
730 566 815 622 totius
837 566 977 621 felicitatis
998 583 1056 621 sirm
1106 561 1196 617 llabes
1211 561 1375 631 exemplum
1391 575 1407 612 n
1422 558 1542 612 Domino
1561 561 1621 625 tuo,
1641 553 1679 609 sic
1698 553 1744 608 ille
1763 553 1898 625 prostravit
1975 545 1976 610 l

243 662 375 718 fiduciam
401 661 474 733 (li);
498 675 551 716 nec
572 675 663 716 unum
685 661 771 716 hahet
792 663 882 716 ileum
906 678 938 715 ac
960 659 1055 715 Domi·
1106 655 1254 710 diabolum
1271 673 1276 709 ε
1292 669 1343 708 nec
1366 651 1483 722 deJ'icias
1500 651 1628 706 acimum
1644 647 1666 702 si
1678 646 1779 718 sepius
1790 645 1896 714 inuadat,
1975 701 1976 704 ,

240 771 322 820 ιιιιιιι,
338 755 386 828 qui
397 773 449 827 par
462 755 677 822 scortationem,
691 771 743 826 per
755 757 853 810 luxum
867 758 896 810 et
907 754 1056 809 avaritiam
1106 765 1138 804 ac
1158 748 1278 804 subinde
1294 746 1451 818 nrajoribus
1471 743 1611 799 machinis
1623 739 1825 813 aggrediatur:
1839 739 1897 794 nihil
1975 767 1976 776 ι

243 850 354 906 Satanae
368 849 434 904 facit
447 849 587 921 imperata
600 866 608 916 ς
621 864 675 904 nec
688 849 729 903 illi
745 849 797 904 soli
812 848 897 904 servit
909 847 957 920 qui
971 847 1057 902 servit
1105 847 1198 915 potest
1210 843 1346 898 adversus
1359 857 1425 895 eum
1439 839 1488 912 qni
1507 840 1601 893 tecum
1620 839 1671 892 est.
1688 835 1738 890 bic
1754 833 1819 889 illud
1831 835 1899 888 loan-

241 945 345 1014 ventri,
362 943 411 1014 qui
432 942 546 998 deditus
570 948 612 998 est
631 943 698 998 huic
720 943 838 1010 mundo,
856 941 904 1014 qui
925 942 953 996 in
969 957 1056 1014 pravo
1106 937 1151 992 nis
1174 937 1292 1006 :Major
1313 943 1351 992 est
1374 936 1466 1006 quiin
1487 933 1565 988 nobis
1587 937 1635 994 est,
1650 945 1733 1000 meum
1751 930 1796 998 qut
1815 931 1841 981 tn
1856 930 1897 981 istc

241 1039 351 1110 positus
365 1040 417 1092 est.
1105 1032 1206 1086 mundo
1221 1032 1240 1104 (t
1255 1033 1346 1093 loon„
1360 1045 1398 1099 tv,
1413 1027 1451 1100 t).
1472 1027 1625 1083 succurrat
1643 1023 1713 1078 illud
1733 1020 1837 1077 Domini
1849 1021 1898 1075 dic·

276 1133 395 1188 XXXVII.
423 1130 536 1186 Ethnici
566 1134 668 1202 putant
694 1131 788 1201 plures
818 1145 879 1184 esse
912 1129 995 1197 deos,
1029 1132 1057 1184 et
1106 1129 1189 1180 tum:
1209 1124 1349 1194 Confidtte,
1375 1124 1503 1194 qnoniam
1524 1135 1571 1188 epo
1594 1121 1647 1174 cici
1665 1115 1898 1188 mundamtloon,
1975 1161 1976 1174 ,

243 1225 296 1280 hoc
309 1225 362 1280 tibi
375 1225 478 1280 videris
490 1226 630 1296 perlectus
645 1224 831 1291 Christianus,
847 1222 923 1295 quod
937 1237 1055 1294 persua·
1106 1235 1161 1287 rvr,
1176 1221 1230 1291 33).
1246 1219 1292 1273 llis
1306 1217 1482 1273 orationibus
1497 1216 1521 1270 si
1534 1213 1639 1270 Christi
1653 1211 1736 1268 miles
1746 1209 1826 1264 tuerit
1836 1224 1901 1262 exer-

242 1334 306 1374 sum
327 1319 416 1376 habes
440 1335 529 1373 unum
554 1335 614 1374 csse
635 1319 745 1373 berum?
760 1318 828 1389 quid
852 1316 947 1388 magni
964 1316 1057 1371 facist
1107 1313 1209 1368 citatus
1222 1313 1257 1368 od
1271 1311 1446 1379 conflictum,
1461 1310 1489 1365 in
1506 1308 1565 1364 dics
1578 1303 1735 1378 comperiet
1748 1321 1825 1360 sirum
1836 1305 1902 1357 anta·
1975 1303 1976 1308 ’

242 1414 323 1468 idem
336 1413 458 1468 credunt
478 1412 575 1479 ludaei,
596 1411 645 1483 qui
666 1411 794 1482 quotidie
816 1411 1013 1482 blasphemant
1026 1410 1056 1464 ιιι
1108 1408 1245 1479 genistam
1262 1405 1440 1466 debiliorem.
1975 1455 1976 1478 ,

243 1506 395 1578 synagogis
416 1507 475 1560 suis
491 1521 497 1558 :
513 1504 610 1578 903
625 1505 703 1560 idem
723 1505 842 1560 creduut
863 1505 1007 1560 daemones
1030 1508 1058 1560 et
1142 1501 1250 1556 XXXlX.
1278 1501 1333 1555 Nec
1358 1504 1455 1554 tamen
1483 1495 1664 1554 remittenda
1692 1497 1760 1552 sunt
1784 1493 1901 1562 excubie,
1975 1515 1976 1558 ι

242 1599 475 1656 contremiscunt.
492 1599 520 1654 Si
539 1615 604 1654 vere
625 1599 717 1654 credis
741 1599 769 1654 in
786 1600 885 1667 Derim,
900 1599 985 1655 crede
995 1600 1055 1670 jus·
1107 1595 1130 1649 si
1142 1594 1258 1666 quando
1270 1594 1360 1649 hostis
1379 1592 1521 1648 simulabit
1539 1591 1773 1664 tranquillitatem
1784 1607 1793 1658 ;
1806 1589 1850 1642 aed
1864 1588 1903 1642 ob·
1975 1651 1976 1694 1

241 1698 304 1748 ιιιιιι
326 1697 356 1748 et
374 1709 503 1748 veracem
521 1694 649 1764 :justum
671 1693 700 1748 in
727 1693 942 1749 remunerandis
961 1693 1014 1765 piis
1028 1696 1057 1748 et
1108 1705 1222 1743 servans
1244 1688 1319 1742 itlius
1342 1687 1469 1755 insidias,
1483 1687 1559 1742 dicat
1578 1703 1644 1742 cum
1664 1685 1750 1740 beato
1770 1683 1901 1739 llabacuc:
1975 1713 1976 1752 ,

240 1787 394 1860 puniendis
408 1787 513 1860 impiis,
528 1803 656 1842 veracem
676 1788 706 1842 in
727 1788 883 1860 promissis.
900 1788 986 1843 Crede
1000 1761 1195 1853 nonssSuper
1218 1783 1369 1840 custodiam
1398 1797 1486 1838 mcum
1514 1782 1610 1844 stabo,
1638 1785 1663 1836 ct
1694 1779 1809 1850 prndnm
1837 1780 1903 1846 man
1975 1775 1976 1860 l

243 1897 304 1937 esse
327 1897 406 1953 apem
423 1881 531 1950 salutis,
547 1882 604 1936 nisi
625 1899 677 1953 per
696 1881 798 1938 Filium
817 1881 889 1952 ejus,
905 1897 989 1953 quem
1005 1897 1057 1952 pro
1106 1893 1189 1948 snper
1210 1883 1317 1948 petrem
1334 1876 1459 1946 (lichum,
1473 1891 1503 1943 n,
1526 1873 1562 1946 t),
1580 1872 1676 1946 904
1701 1871 1781 1928 ornni
1799 1871 1904 1926 custodio
1975 1885 1976 1902 ι

242 1975 327 2030 nohis
354 1973 486 2029 omnibns
509 1973 628 2029 tradidit
650 1974 680 2028 in
703 1979 826 2030 mortem
849 1991 856 2029 ι
880 1975 963 2030 crede
985 1974 1058 2029 nihil
1106 1986 1215 2028 sonans
1238 1986 1284 2025 cor
1307 1985 1393 2025 merum
1420 1971 1523 2041 (Pron,
1544 1984 1582 2038 ιι,
1605 1969 1665 2040 23),
1688 1983 1726 2021 ue
1751 1983 1803 2037 qna
1827 1967 1904 2036 pateat
1975 2013 1976 2034 ,

241 2067 448 2124 accidercmali
463 2084 545 2139 posse
568 2067 603 2122 iis
625 2067 674 2140 qui
694 2085 724 2123 se
744 2070 817 2123 totos
832 2067 1058 2124 illiusvoluntati
1108 2065 1201 2120 aditus
1228 2063 1424 2120 obambulanti
1456 2062 1653 2134 quaerentique
1677 2077 1766 2132 quem
1797 2059 1902 2114 decoret.
1975 2059 1976 2146 J

243 2161 508 2217 tradideruutetin
524 2161 572 2216 illo
593 2167 788 2232 perseverant.
806 2163 861 2217 lloc
881 2168 923 2216 est
944 2163 1058 2218 credere
1107 2158 1293 2214 Tutissimum
1317 2161 1414 2213 autem
1445 2157 1537 2212 cordis
1568 2155 1783 2210 munimentum
1813 2157 1851 2208 est
1872 2167 1904 2204 so
1975 2167 1976 2252 p

241 2256 376 2312 iubeam
397 2257 517 2322 Patrem,
540 2255 594 2310 hoc
617 2261 659 2310 est
679 2255 794 2311 credere
813 2256 842 2310 in
861 2256 965 2312 Filium
984 2256 1056 2327 ejus,
1107 2253 1212 2309 brietas
1240 2269 1303 2306 cunr
1333 2250 1449 2306 instanti
1483 2251 1630 2317 oratione,
1652 2249 1776 2321 jugique
1801 2246 1905 2317 Scriptu-
1975 2257 1976 2292 t

242 2349 295 2404 hoc
311 2345 521 2404 esterederein
538 2347 676 2418 Spiritum
691 2351 833 2418 sanctum,
849 2365 939 2404 unum
955 2350 1056 2421 Deum,
1107 2363 1206 2402 rarum
1230 2345 1440 2401 meditatione:
1467 2344 1558 2400 Omnis
1586 2345 1657 2398 enim
1682 2343 1826 2413 Scriptura
1848 2340 1905 2394 diri

243 2447 273 2497 et
299 2441 453 2498 Ecclesiam
476 2448 612 2510 sanctam,
635 2442 787 2514 mysticum
816 2442 919 2498 Christi
946 2459 1057 2514 corpus,
1107 2443 1182 2496 nitus
1199 2442 1345 2512 inspirato,
1361 2440 1439 2495 utitis
1457 2442 1496 2494 cst
1517 2439 1555 2493 cd
1578 2437 1740 2502 docendum,
1755 2435 1792 2490 ud
1807 2448 1905 2504 orguen-

243 2542 322 2592 extra
346 2553 432 2607 quam
462 2552 521 2591 non
549 2540 591 2591 est
617 2537 712 2605 salus,
737 2541 767 2592 et
791 2536 822 2592 in
848 2553 905 2608 qua
930 2553 989 2593 non
1016 2541 1060 2592 est
1108 2536 1183 2598 dum,
1199 2535 1237 2589 od
1254 2534 1463 2604 corripiendum,
1478 2529 1905 2598 adnectendamtnjnstnmut

243 2629 396 2700 pernicies.
1106 2631 1242 2701 perfectus
1256 2629 1382 2684 sitbcmc
1396 2629 1456 2692 Dei,
1470 2628 1508 2682 oct
1522 2642 1597 2681 omne
1611 2640 1679 2696 opas
1696 2627 1794 2680 bonnm
1806 2625 1903 2677 entur·

277 2721 413 2778 XXthllt.
426 2721 558 2794 Quisquis
578 2723 608 2777 in
629 2723 675 2778 tali
690 2728 773 2794 petra
785 2723 873 2795 pedes
886 2723 977 2778 animi
992 2725 1059 2779 sire·
1110 2729 1154 2778 tus
1176 2723 1208 2792 (lt
1231 2725 1311 2786 itm„
1327 2739 1367 2790 ru,
1385 2725 1428 2788 tc,
1445 2721 1497 2792 ta).
1514 2722 1555 2776 Ex
1574 2721 1626 2774 hac
1648 2719 1740 2790 igitur
1757 2713 1903 2787 colligenda

242 2817 289 2883 rit,
313 2816 446 2872 adversus
475 2832 574 2872 omnes
600 2817 791 2872 tentationum
819 2816 948 2872 incursus
974 2818 1060 2873 stabit
1109 2820 1175 2872 sunt
1193 2817 1354 2884 sententie,
1379 2832 1450 2888 quas
1472 2816 1507 2870 ad
1528 2819 1697 2869 manumet
1718 2809 1906 2880 velutinpro·

242 2909 407 2964 immobilis.
424 2911 553 2981 Exempli
576 2910 687 2982 gratia:
708 2911 852 2966 lacessitus
874 2927 904 2966 es
922 2911 1057 2981 convicio,
1109 2912 1202 2966 cinctu
1221 2910 1347 2980 habeas,
1372 2909 1469 2964 uthis
1491 2909 1622 2980 protinus
1646 2913 1810 2978 serpentem
1835 2905 1906 2972 caput

244 3004 372 3075 suggerit
391 3003 442 3058 tibi
462 3019 530 3058 caro
542 3003 673 3058 vindictae
685 3005 879 3076 cupiditatem,
893 3004 1058 3077 priusquam
1109 3004 1269 3076 erigentem
1286 3004 1412 3075 dejicias.
1424 3003 1522 3058 Nullus
1537 3002 1663 3056 cstcnim
1675 3001 1836 3056 animorum
1846 3011 1906 3052 mor·

243 3098 417 3169 respondeas
443 3097 481 3152 sic
506 3098 597 3169 cogita
630 3103 722 3154 tecum
747 3116 753 3154 :
779 3099 857 3154 Hunc
886 3097 1233 3203 maledicumebus,cui
1258 3115 1315 3152 non
1338 3113 1464 3170 praesens
1485 3096 1644 3151 remedium
1666 3093 1905 3163 divinaScriptura

244 3191 391 3246 hominem
417 3191 585 3247 subornavit
606 3192 743 3261 diabolus,
764 3198 795 3248 ut
818 3209 863 3246 me
889 3192 1059 3264 dejiciat,ac
1110 3192 1312 3264 suppeditaret.
1335 3192 1404 3246 ltine
1427 3190 1618 3262 comparanda
1641 3205 1694 3244 sua
1718 3188 1843 3260 exempla
1860 3183 1905 3256 pio·

246 3284 388 3356 dejectum
403 3285 522 3356 perdat,
539 3301 587 3341 sen
603 3286 731 3342 ausculta
753 3286 820 3358 quid
842 3286 961 3341 suadeat
972 3287 1060 3358 impe-

245 3383 325 3434 rator
344 3384 410 3434 tuus
429 3378 475 3433 cui
494 3378 600 3434 militas
619 3398 626 3433 ε
649 3381 736 3442 Beati,
758 3379 862 3451 inquit,
881 3383 968 3447 mites,
991 3397 1058 3451 quo·

245 3475 320 3527 niom
339 3474 392 3542 ipsi
411 3473 588 3543 possidebunt
612 3479 712 3529 ternam
733 3475 851 3545 (north,
875 3489 903 3544 v,
927 3475 975 3544 4);
999 3480 1027 3530 et
1050 3491 1057 3528 :

246 3569 305 3622 Men
318 3571 356 3621 est
370 3567 503 3636 vindicta,
520 3571 545 3621 et
559 3582 605 3634 epo
618 3568 766 3622 retrihnom
780 3568 884 3638 (Dent,
902 3583 986 3636 xxxu,
1003 3568 1059 3638 ³5).

247 3659 321 3723 Quid
343 3659 441 3714 suadet
462 3659 633 3715 fortissimus
653 3660 700 3714 ille
721 3660 825 3717 Christi
848 3662 904 3716 dux
927 3663 1028 3716 Paulus
1052 3679 1059 3717 ι

245 3755 306 3810 lt'on
332 3756 505 3824 nonnettpsos
530 3755 713 3817 vindicantes,
736 3756 897 3822 charisimi,
924 3755 971 3810 scd
997 3756 1061 3811 dicte

247 3849 333 3902 tecum
345 3849 395 3902 ira
407 3846 505 3918 (lton,
521 3863 568 3916 ru,
582 3848 638 3918 19).
654 3847 789 3903 Diabolus
811 3847 879 3902 dicit
898 3867 906 3904 ι
928 3868 942 3896 «
957 3849 1061 3904 Fruere

246 3939 383 4008 uindicta,
407 3945 435 3996 et
456 3941 542 4012 perde
562 3941 649 3996 vitam
675 3947 822 3996 artemam.
840 3963 853 3992 ιι
876 3943 949 3997 Deus
969 3941 1060 3997 dicit:

249 4034 368 4088 «Vince
389 4034 417 4088 in
438 4033 514 4090 hono
534 4037 654 4102 malum,
677 4039 707 4090 et
730 4035 789 4090 noli
808 4035 938 4091 resistere
960 4037 1059 4091 malo:

247 4131 276 4182 et
290 4127 387 4198 accipe
408 4142 473 4182 cum
496 4128 564 4182 Filio
587 4145 651 4184 meo
672 4128 881 4200 possessionem
905 4130 987 4201 regni
1010 4146 1062 4184 coe·

247 4219 334 4274 lestis.
350 4240 364 4269 »
379 4221 441 4274 Mox
460 4220 565 4291 dispice
583 4221 636 4276 utri
654 4223 748 4293 potius
770 4221 905 4293 expediat
919 4223 1063 4294 obtempe-

247 4329 322 4368 rare.
338 4312 408 4366 [licit
423 4313 473 4368 tibi
487 4315 804 4386 perconcupiscentiam
819 4319 898 4371 tuam
912 4316 1061 4372 diabolus:

249 4426 264 4455 «
283 4404 433 4474 ldoechare,
445 4409 474 4461 et
482 4405 578 4462 fruere
590 4408 763 4479 temporaria
773 4409 898 4479 corporis
907 4412 1062 4481 voluptate,

1108 3302 1184 3354 rum,
1201 3286 1249 3342 sed
1270 3287 1412 3358 praecipue
1433 3285 1547 3355 Christi,
1568 3283 1670 3356 quihus
1695 3299 1726 3338 se
1744 3276 1905 3355 quisquerat

1109 3381 1218 3436 animet
1230 3380 1275 3434 vel
1288 3380 1460 3436 consoletur.

1144 3475 1196 3530 XL.
1221 3474 1307 3529 Venio
1334 3489 1411 3528 nunc
1436 3474 1470 3528 ad
1499 3473 1546 3528 illa
1572 3473 1648 3527 mala
1671 3487 1738 3543 qnae
1764 3470 1804 3524 vel
1828 3469 1904 3538 ipsam

1111 3571 1242 3622 naturam
1259 3567 1385 3622 hominis
1404 3567 1589 3634 comitantur,
1604 3565 1648 3620 vel
1661 3563 1782 3620 fortuito
1794 3561 1905 3617 ridentur

1110 3661 1219 3716 inferri.
1242 3663 1306 3716 llaec
1329 3675 1442 3733 quoque
1463 3659 1526 3732 pius
1546 3659 1672 3729 animus,
1688 3661 1719 3714 et
1740 3658 1777 3713 cd
1797 3669 1905 3728 pugnan-

1111 3754 1179 3810 dum
1198 3754 1362 3818 instructus,
1386 3753 1439 3809 sibi
1460 3755 1552 3809 vertet
1574 3752 1603 3807 in
1629 3751 1782 3807 materiam
1801 3761 1904 3803 corone.

1111 3849 1246 3918 Exemplo
1263 3848 1376 3914 inciam,
1395 3847 1471 3918 quod
1492 3846 1566 3914 dico,
1582 3846 1697 3901 clarius.
1715 3837 1904 3900 Excutiturali·

1111 3940 1175 4013 quis
1197 3941 1377 3995 facultatibus
1403 3941 1471 4006 suis,
1498 3940 1556 3995 sive
1582 3940 1668 4007 bello,
1686 3939 1747 3994 sive
1766 3932 1904 4004 naufragio,

1112 4035 1170 4089 sive
1187 4035 1296 4106 rapina.
1311 4035 1350 4088 Ne
1368 4035 1501 4106 protinus
1521 4034 1567 4088 hic
1585 4034 1692 4104 cogitet
1713 4033 1852 4104 laqueum,
1868 4025 1906 4079 aul

1112 4127 1254 4183 rationem
1269 4129 1352 4183 malis
1369 4127 1478 4182 artibus
1493 4127 1634 4182 sarciendi
1651 4127 1729 4198 quod
1749 4125 1831 4198 periit
1838 4139 1846 4190 3
1866 4117 1904 4173 scd

1112 4221 1153 4275 ita
1167 4237 1263 4275 secum
1280 4221 1415 4293 loquatur
1430 4236 1436 4275 :
1454 4221 1619 4276 nilominus
1638 4223 1681 4274 est
1706 4220 1755 4291 qui
1776 4219 1860 4273 tentat
1870 4225 1904 4265 ne

1112 4330 1149 4369 an
1163 4314 1280 4386 diligam
1303 4315 1398 4386 ipsum
1425 4330 1457 4368 er
1477 4317 1537 4369 toto
1558 4315 1652 4369 corde.
1675 4315 1738 4385 lpse
1759 4311 1839 4376 dedit,
1858 4308 1905 4376 ipsc

1113 4408 1238 4470 abstulit.
1256 4409 1294 4462 sit
1316 4424 1423 4464 nomen
1445 4408 1555 4462 Domini
1578 4407 1802 4462 benedictum.»
1819 4401 1905 4458 Gratias

248 4591 342 4665 potius
356 4593 423 4664 quid
439 4592 513 4648 dicat
526 4593 576 4649 tihi
594 4594 668 4648 Deus
683 4611 689 4650 :
706 4616 719 4645 «
734 4596 840 4668 Sperne
863 4596 1062 4667 temporariam
1114 4595 1219 4668 gratias
1234 4595 1309 4666 quod
1326 4594 1455 4650 amiserit
1467 4595 1503 4649 ad
1517 4595 1718 4666 probationem
1732 4591 1807 4647 tidei:
1822 4588 1848 4644 Si
1859 4587 1904 4640 hae

249 4686 438 4758 voluptatem,
457 4691 486 4742 et
500 4687 598 4759 accipe
613 4690 788 4760 centuplum,
810 4689 894 4744 honac
914 4690 1061 4744 conscion-
1114 4689 1216 4744 dixerit
1241 4705 1275 4743 eo
1305 4687 1404 4743 animo
1437 4705 1495 4760 quo
1522 4687 1592 4743 dirit
1623 4691 1739 4742 sanctus
1766 4683 1831 4749 lob,
1854 4691 1903 4732 cutfl

249 4780 450 4850 tingendium
471 4782 500 4836 in
522 4783 575 4836 hoc
594 4783 710 4850 saeculo,
730 4782 861 4837 civitam
881 4784 1063 4838 aeternamm
1114 4783 1162 4837 illo
1193 4781 1358 4837 mercedem
1391 4783 1521 4854 accipiet.
1551 4782 1685 4836 Dominus
1712 4780 1837 4842 aestimat,
1860 4785 1903 4826 not

248 4873 347 4927 tuturo
363 4890 369 4928 :
386 4896 401 4925 ιι
415 4878 443 4928 et
460 4875 589 4946 expende
604 4877 661 4930 utri
672 4876 767 4947 potins
783 4880 819 4930 sit
833 4875 1062 4932 auscultandum.
1114 4879 1258 4948 qnantum
1273 4875 1337 4947 quis
1356 4877 1465 4947 perdat,
1481 4875 1528 4931 sed
1547 4891 1634 4947 quam
1653 4875 1794 4946 patienter
1808 4887 1814 4924 :
1827 4879 1904 4939 quern·

249 4966 385 5037 Suggerit
406 4968 457 5022 tihi
472 4984 523 5039 per
541 4969 633 5023 carnis
652 4969 785 5025 allectum
803 4969 893 5024 veluti
912 4986 964 5041 per
976 4971 1063 5024 Evam
1114 4969 1269 5025 admodum
1288 4987 1345 5024 non
1367 4968 1482 5042 respicit
1500 4973 1639 5041 quantum
1660 4967 1762 5039 aliquis
1786 4963 1903 5033 largiatur

251 5059 375 5114 Satanas
387 5076 393 5116 :
404 5083 418 5111 ιι
432 5061 497 5117 Vive
511 5062 671 5132 genialiter.
686 5085 700 5113 ιι
713 5065 751 5118 Ex
765 5064 882 5119 adverso
893 5062 962 5118 dicit
972 5064 1066 5120 Chris·
1114 5064 1275 5135 egentibus,
1287 5063 1335 5118 sed
1344 5079 1400 5134 quo
1411 5063 1519 5118 animo.
1534 5062 1621 5119 Habet
1630 5059 1826 5135 aliquistilium
1837 5052 1902 5108 unice

249 5155 296 5202 tus
317 5167 324 5205 :
346 5153 424 5208 Beati
441 5157 490 5224 qui
508 5157 608 5224 tepent,
630 5159 759 5226 quoniam
782 5160 837 5228 ipsi
857 5159 1064 5213 consolationem
1113 5157 1253 5212 charum:
1275 5173 1308 5212 eo
1323 5161 1351 5211 te
1370 5173 1447 5212 mors
1462 5157 1544 5212 orbat
1564 5160 1749 5228 prematura,
1762 5143 1902 5225 pestilentia

252 5244 383 5312 accipient
398 5247 465 5318 (35).
474 5248 517 5302 hd
529 5249 663 5304 eumdem
677 5250 798 5306 modum
808 5251 842 5304 de
856 5251 963 5306 caeteris
975 5254 1067 5306 tenta·
1114 5251 1219 5323 spoliet
1230 5255 1257 5306 te
1271 5250 1454 5319 charissimis,
1470 5267 1584 5322 sponsa,
1600 5250 1707 5317 liberis,
1721 5245 1829 5309 amicis,
1844 5241 1902 5296 tenu

252 5335 389 5404 tionibus,
401 5339 491 5409 objice
505 5340 642 5396 tentatori
655 5343 785 5414 clypeum
799 5343 1021 5415 Scripturarnm,
1036 5345 1065 5399 in
1115 5345 1267 5416 patienter,
1285 5347 1314 5399 ct
1332 5345 1375 5400 dic
1390 5361 1398 5399 ι
1414 5344 1565 5400 «Domino
1580 5345 1621 5400 ita
1638 5345 1740 5410 visum,
1754 5345 1781 5396 et
1800 5337 1837 5392 sic
1854 5333 1900 5388 lor·

251 5427 353 5500 quibos
368 5430 416 5485 tibi
432 5432 556 5504 loquitur
569 5435 644 5490 Iteus
659 5451 715 5490 non
735 5435 846 5492 minore
860 5436 926 5506 tide,
943 5455 1028 5508 quam
1042 5438 1065 5492 si
1116 5437 1197 5491 tnesis
1217 5441 1245 5492 ct
1268 5437 1349 5492 nobis
1368 5435 1542 5509 expediebat
1563 5443 1590 5493 et
1614 5436 1733 5504 nostris;
1754 5433 1789 5489 sit
1809 5437 1900 5486 uomet

944 5525 1119 5590 Variorum
1134 5530 1233 5588 notae.

282 5612 332 5677 (tt)
350 5617 439 5668 Totins
450 5616 586 5680 solicitatis
600 5633 653 5669 ane
670 5619 802 5683 fiduciam.
820 5619 955 5684 Corrupte
974 5620 1061 5672 ethic
1111 5635 1139 5682 v,
1155 5622 1189 5684 5).
1207 5619 1256 5671 Est
1269 5622 1353 5671 ettam
1365 5621 1426 5673 haec
1441 5621 1548 5672 Erasmi
1566 5621 1663 5672 versio.
1679 5621 1782 5670 uram.

245 5683 359 5744 quidem
373 5687 544 5752 trissttcitotts,
562 5692 627 5754 quta
647 5692 729 5740 etlam
746 5689 829 5754 paulo
849 5697 911 5755 post
930 5693 1059 5741 omiserat
1142 5691 1189 5753 (36)
1207 5691 1291 5742 Veluti
1300 5692 1430 5754 pleuritis.
1443 5692 1528 5756 Magis
1540 5692 1631 5756 placet
1641 5691 1693 5741 hoc
1705 5684 1896 5746 meredianum

239 5770 335 5810 rocem
351 5773 385 5823 es,
400 5766 442 5812 est
455 5763 538 5811 etiam
557 5761 610 5811 boc
623 5766 704 5812 cante
720 5761 877 5826 legendum.
896 5762 1005 5812 Pauus
1109 5762 1184 5827 quod
1205 5762 1345 5813 habehant
1368 5763 1445 5828 prius
1469 5765 1576 5827 excust,
1597 5759 1789 5828 placentinam
1811 5753 1896 5804 unat.

270 5831 315 5894 ¹35)
340 5833 469 5895 Quoniam
492 5833 544 5898 ipsi
561 5832 766 5884 consolationem
787 5835 918 5896 accipient
935 5833 1053 5895 (narrt,
1107 5833 1245 5898 pleuresis.
1259 5835 1370 5886 Patrne.

250 4505 278 4554 et
300 4504 361 4553 esto
381 4514 461 4554 meus
481 4515 576 4554 serviis
597 4505 625 4554 et
645 4502 769 4556 cohaeres
789 4501 940 4573 gehennae.
960 4523 974 4554 ιι
991 4493 1179 4573 dudiDaget
1197 4501 1274 4573 quod
1293 4501 1435 4572 acceperit
1456 4518 1490 4556 ex
1515 4500 1629 4556 bomini
1652 4499 1834 4570 benignitate,
1853 4491 1904 4562 agat
