4076 6190
131 297 152 350 tl
851 287 1037 348 PRAEFtTtO.
1752 295 1786 352 ep

127 423 216 476 terram
233 416 314 489 copia
335 415 473 474 merseris
492 415 631 486 extendit,
650 415 828 488 profluentes
847 416 967 489 largiter
984 416 1059 471 risos
1081 413 1164 470 letius
1186 417 1331 489 expandit.
1348 419 1442 476 Unum
1465 425 1562 476 tamea
1584 425 1668 493 caput
1686 425 1740 491 est,
1757 430 1787 481 et

125 509 191 580 origo
210 523 273 574 una,
292 509 320 562 et
343 523 401 562 una
421 509 511 562 mater
528 505 709 562 fecunditatis
731 505 903 562 successibus
924 505 1046 577 copiosa.
1061 525 1075 556 n
1092 505 1138 560 llis
1157 505 1260 574 verbis,
1278 527 1292 558 c
1311 508 1433 564 Ecclesia
1452 509 1567 566 Domini
1589 511 1651 568 luce
1670 512 1788 584 perlusa

126 613 168 668 per
183 595 274 652 orbem
293 599 385 652 totum
403 595 496 651 radios
510 611 576 650 suos
594 595 726 668 porrigit,
746 611 919 651 malesanos
936 596 966 650 iu
986 594 1147 650 universam
1162 597 1269 650 terram
1286 596 1369 668 copia
1387 597 1522 654 ubertatis
1541 601 1678 672 extendit,
1695 625 1710 654 s
1727 619 1786 660 non

124 685 230 744 Ecclesia
253 683 441 756 particularis,
463 684 512 738 sad
539 683 716 752 universalis,
741 683 799 739 sive
821 683 976 751 catholicoe,
1003 682 1094 738 unitas
1120 683 1297 740 describitur.
1320 685 1398 742 ldem
1423 687 1595 744 confirmant
1618 707 1684 763 qua
1708 708 1784 763 pra-

124 777 221 846 cedunt,
243 790 365 848 quaque
386 780 555 846 sequuntur.
577 775 650 829 Ante
673 773 758 829 allata
781 771 867 828 verba
889 771 928 828 sic
949 771 1122 842 loquebatur
1142 773 1327 844 Cyprianus:
1352 795 1366 825 α
1391 773 1482 840 Quam
1505 775 1643 833 unitatem
1665 778 1788 836 firmiter

125 870 203 922 tenere
220 868 248 920 et
265 863 409 920 vindicare
428 863 575 930 debemus,
592 863 719 918 maxime
739 862 864 935 episcopi
885 861 936 934 qui
957 857 1103 934 21-22
1123 860 1154 916 iu
1174 861 1298 918 Ecclesia
1320 862 1518 934 praesidemus,
1535 870 1566 919 ut
1588 867 1785 940 episcopatum

123 972 218 1028 quoque
236 955 330 1026 ipsum
352 970 441 1010 anum
460 955 547 1024 atque
566 951 720 1008 indivisum
741 951 905 1023 probemus.
921 951 1013 1006 Nemo
1033 949 1244 1006 fraternitatum
1259 952 1408 1008 mendacio
1428 953 1515 1022 fallat,
1528 970 1615 1010 nemo
1630 955 1697 1011 odei
1711 957 1785 1014 veri·

122 1047 195 1098 uum
206 1043 312 1114 perlida
324 1041 556 1116 praevaricatione
571 1046 747 1113 corrumpat.
762 1041 943 1112 Episcopatus
961 1056 1036 1094 uuus
1054 1044 1106 1108 est,
1120 1039 1200 1110 cnjus
1218 1056 1235 1094 a
1250 1039 1370 1112 singolis
1388 1041 1417 1096 in
1433 1041 1557 1097 solidum
1578 1059 1644 1114 pars
1659 1048 1784 1101 tenetur.

10 1125 12 1134 ’
121 1131 228 1188 Ecclesia
250 1147 364 1205 quoque
385 1147 440 1186 una
460 1134 513 1198 est,
533 1145 598 1202 qua
618 1129 647 1185 in
668 1129 882 1184 multitudinem
901 1129 985 1183 latius
1006 1129 1180 1184 incremento
1201 1127 1380 1184 fecunditatis
1396 1129 1569 1186 extenditur.
1588 1153 1602 1181 ι)
1623 1135 1689 1188 Post
1707 1135 1785 1192 testi-

121 1221 233 1276 monium
249 1238 266 1276 a
283 1221 421 1277 liodrrello
443 1222 595 1294 prolatum,
615 1219 694 1274 addit
714 1219 896 1291 Cyprianus:
921 1239 935 1268 c
955 1217 1033 1272 lllius
1052 1217 1123 1273 fatu
1145 1217 1300 1287 nascimur,
1322 1218 1398 1276 illius
1418 1218 1490 1274 lacte
1514 1220 1669 1288 nutrimur,
1685 1224 1785 1294 spirita

120 1311 172 1381 ejus
187 1311 356 1365 animamur.
371 1309 531 1366 adulterari
549 1325 606 1365 non
627 1312 721 1380 potest
740 1310 849 1378 Sponsa
867 1305 971 1362 Christi
978 1324 986 1376 3
1005 1307 1170 1377 incorrupta
1190 1311 1233 1361 est
1252 1313 1280 1362 et
1299 1307 1434 1378 pudica...
1456 1310 1587 1382 Quisquis
1605 1309 1642 1365 ab
1663 1311 1787 1366 Ecclesia

120 1403 272 1470 segregatus
293 1397 432 1455 adultera
448 1397 590 1469 juugitur,
610 1414 627 1451 a
645 1395 793 1469 promissis
814 1394 944 1451 Ecclesia
965 1398 1116 1465 separatur
1136 1411 1143 1450 :
1165 1412 1218 1451 nec
1241 1397 1387 1467 perveniet
1409 1399 1443 1454 ad
1469 1399 1573 1455 Christi
1595 1400 1714 1470 pramis
1736 1401 1786 1472 qui

119 1487 242 1558 relinquit
264 1487 416 1542 Ecclesiam
436 1487 550 1553 Christi,
568 1486 681 1544 Alienus
700 1491 753 1552 est,
772 1485 910 1555 profanus
925 1486 979 1554 est,
997 1484 1085 1540 hostis
1103 1491 1155 1542 est.
1173 1486 1280 1542 liabere
1292 1487 1353 1560 jam
1369 1503 1427 1543 non
1448 1492 1544 1561 potest
1563 1491 1652 1546 Deum
1671 1491 1784 1546 Patrem

119 1577 159 1648 qui
178 1575 325 1631 Ecclesiam
346 1591 405 1631 non
426 1575 512 1631 babet
529 1575 656 1632 lintrem.
673 1575 700 1630 Si
722 1574 815 1647 potuit
834 1574 954 1630 evadere
975 1573 1126 1645 quisquam
1148 1575 1197 1646 qui
1217 1579 1297 1632 extra
1312 1592 1409 1632 arcam
1429 1578 1487 1633 Noe
1507 1578 1571 1646 fuit,
1588 1583 1616 1633 et
1636 1579 1686 1650 qui
1706 1585 1787 1634 extra

116 1664 256 1722 Ecclesiam
270 1665 339 1720 foris
351 1664 440 1720 fuerit
457 1664 562 1720 eradit.
578 1685 592 1716 s
609 1664 730 1737 Lepidus
749 1679 818 1734 ergo
837 1663 969 1734 Cypriani
986 1663 1130 1734 interpres
1148 1664 1317 1732 llodwellus,
1332 1664 1381 1737 qui
1397 1666 1451 1722 sibi
1465 1666 1668 1738 particularem
1689 1667 1783 1722 Eccle-

115 1755 173 1808 siam
192 1755 284 1825 litigat,
302 1754 349 1808 ubi
368 1759 484 1810 sanctus
503 1756 607 1826 Martyr
625 1769 716 1809 unum
737 1758 794 1808 toto
816 1752 884 1809 orbe
904 1753 1097 1824 episcopatum
1114 1752 1308 1808 commendat.
1323 1752 1406 1820 Quid,
1422 1770 1486 1808 curn
1509 1754 1594 1826 lapsis
1610 1754 1734 1812 declarat
1753 1756 1784 1810 in

112 1841 189 1914 Epist.
205 1858 247 1910 aa,
268 1843 293 1898 si
311 1842 375 1914 qnis
393 1858 459 1898 cum
480 1842 650 1899 Felicissimo
672 1859 702 1898 se
724 1841 912 1913 conjunxerit,
929 1857 994 1896 eum
1015 1861 1030 1890 a
1049 1845 1145 1912 postea
1164 1841 1200 1896 ad
1221 1842 1374 1898 Ecclesiam
1390 1843 1495 1912 redire,
1512 1847 1541 1898 et
1560 1859 1625 1900 cum
1643 1845 1783 1916 episcopis

113 1938 137 1986 et
156 1930 233 2002 plebe
254 1931 358 1986 Christi
378 1933 590 1988 communicare
610 1948 668 1988 non
690 1947 787 2003 posse3
805 1952 819 1982 ι)
839 1946 905 1986 crim
924 1929 1100 1986 contessores
1120 1928 1252 1984 hortatur
1272 1929 1302 1984 in
1321 1931 1409 2002 Epist.
1431 1947 1502 1998 xciv,
1524 1937 1554 1987 ut
1574 1932 1610 1988 ad
1631 1932 1783 1988 Ecclesiam

111 2020 234 2088 redeant;
251 2020 351 2093 eisque
373 2027 435 2092 post
453 2021 574 2077 reditum
591 2022 749 2093 gratulatur
764 2021 794 2074 in
813 2019 902 2090 Epist.
919 2035 945 2074 ιι
961 2035 968 2073 :
986 2039 1000 2067 a
1019 2017 1101 2084 Quod
1118 2018 1249 2074 Ecclesia
1269 2020 1373 2074 veritas
1392 2023 1421 2074 ot
1441 2019 1599 2093 evangelici
1614 2021 1784 2078 sacramenti

109 2111 201 2174 nnius,
222 2126 289 2182 quae
312 2127 329 2164 a
353 2109 436 2164 nobis
460 2111 618 2178 tenebatur,
642 2131 655 2158 n
684 2109 787 2181 inquit,
815 2124 915 2164 eorum
940 2126 955 2160 a
981 2107 1067 2162 etiam
1093 2122 1231 2162 consensu
1256 2123 1289 2162 ac
1315 2107 1427 2163 viuculo
1452 2111 1628 2178 necteretur;
1652 2125 1723 2164 uum
1747 2111 1782 2166 de

108 2198 226 2254 Ecclesiis
258 2198 491 2270 particularibus,
521 2198 597 2252 nulla
628 2197 727 2254 habita
760 2197 873 2252 unitatis
904 2195 980 2252 inter
1010 2211 1112 2251 onines
1143 2195 1281 2252 Ecclesiae
1313 2198 1476 2252 constituta
1508 2197 1639 2266 ratione,
1669 2199 1781 2254 videtur

108 2287 283 2344 disseruisse?
301 2309 316 2338 n

137 2386 206 2442 Nihil
221 2386 317 2459 magis
331 2385 529 2443 adversarium
548 2385 702 2454 ltodwello,
721 2401 807 2459 quem
825 2384 960 2458 Cypriani
976 2384 1012 2440 de
1031 2383 1156 2456 episcopi
1170 2384 1367 2456 singularitate
1385 2387 1568 2458 principium,
1585 2388 1662 2460 quod
1682 2391 1778 2444 amen

106 2475 152 2530 sibi
166 2476 289 2533 maxime
301 2476 406 2546 favere,
417 2476 570 2533 existimat.
582 2476 732 2548 Nunquam
748 2474 826 2530 enirn
842 2473 987 2531 catholicas
1001 2474 1130 2530 Ecclesia
1144 2474 1283 2530 unitatem
1299 2475 1458 2532 accuratius
1470 2476 1600 2533 defendit
1611 2477 1777 2550 Cyprianus,

106 2581 184 2634 quam
197 2583 261 2622 cum
277 2582 366 2622 unsrm
380 2567 409 2622 in
422 2566 541 2638 siugulis
556 2565 680 2622 ecclesiis
697 2565 862 2638 episcopum
876 2579 937 2618 esse
948 2562 1054 2620 debere
1066 2564 1221 2622 contendit.
1238 2567 1310 2622 Cum
1328 2567 1501 2624 Nouatianus
1514 2570 1614 2626 Roma
1630 2569 1778 2642 episcopa·

103 2657 158 2708 tum
179 2653 335 2725 invasisset,
354 2672 388 2712 ac
409 2673 461 2728 per
478 2655 640 2711 emissarios
658 2671 722 2710 suos
741 2653 820 2708 idem
839 2651 949 2708 facinus
969 2653 999 2707 in
1019 2653 1080 2709 aliis
1099 2653 1260 2710 civitatibus
1279 2659 1423 2718 tentasset.
1439 2657 1494 2713 boc
1513 2664 1684 2730 argumento
1704 2659 1780 2715 illius

104 2743 218 2799 fautores
232 2742 338 2799 refellit
350 2744 516 2818 Cyprianus,
532 2743 607 2816 quod
622 2760 686 2800 cum
700 2743 723 2797 is
738 2743 813 2800 solus
825 2745 974 2816 episcopus
990 2746 1035 2812 sit,
1049 2746 1130 2817 cujus
1145 2745 1324 2818 episcopatus
1337 2748 1372 2804 ab
1386 2747 1449 2803 aliis
1462 2748 1578 2820 collegis
1592 2747 1780 2804 confirmatur

104 2835 128 2886 et
141 2833 312 2904 agnoscitur,
328 2833 426 2905 siquis
443 2833 472 2888 ia
488 2834 547 2906 ejus
560 2834 654 2888 locum
670 2832 779 2888 irruere
793 2832 905 2902 audeat,
920 2834 1030 2890 nullam
1042 2851 1107 2890 cum
1127 2836 1265 2907 episcopis
1284 2836 1415 2892 Ecclesia
1429 2837 1576 2892 catholica
1596 2838 1777 2894 communio-

103 2935 163 2974 nem
182 2921 291 2977 babsre
311 2921 408 2993 possit,
421 2938 454 2977 ac
471 2921 592 2994 proinde
609 2921 678 2976 foris
693 2921 806 2977 relictus
824 2927 932 2994 pereat.
949 2943 963 2974 u
979 2924 1079 2978 Euctus
1098 2929 1141 2980 est
1160 2931 1258 2980 autem
1272 2925 1430 2992 Cornelius,
1450 2947 1464 2976 n
1485 2925 1578 2998 inquit
1592 2926 1621 2980 in
1638 2927 1725 2998 Epist.
1742 2943 1776 2996 cr,

101 3025 162 3081 pag.
178 3011 221 3078 68,
237 3031 253 3058 «
271 3011 423 3082 episcopus
435 3010 470 3068 de
485 3011 534 3068 itai
548 3016 577 3068 et
590 3011 695 3068 Christi
708 3011 768 3082 ejus
779 3012 897 3084 judicio,
912 3013 947 3068 de
960 3011 1128 3068 clericorum
1140 3028 1214 3084 pene
1230 3012 1357 3068 omnium
1373 3013 1544 3084 testimonio,
1560 3013 1596 3070 de
1608 3014 1698 3086 plebis
1711 3031 1776 3087 qua

101 3103 162 3153 tunc
180 3099 263 3156 affuit
284 3099 429 3173 suffragio,
450 3105 478 3156 et
497 3099 533 3156 de
553 3101 731 3158 sacerdotum
751 3103 934 3175 antiquorum
956 3108 985 3157 et
1001 3101 1143 3158 bonorum
1162 3102 1289 3158 virorum
1310 3102 1441 3174 collegio,
1462 3118 1527 3158 cnm
1547 3118 1634 3158 nemo
1656 3107 1723 3158 anto
1745 3121 1775 3158 se

101 3187 185 3242 factus
197 3195 286 3260 esset,
302 3205 367 3245 cum
382 3190 506 3258 Fabiani,
521 3190 550 3246 id
565 3197 617 3260 est,
630 3207 695 3244 cum
711 3191 788 3246 locus
802 3190 878 3246 Petri
896 3195 925 3246 et
939 3190 1045 3262 gradus
1061 3190 1204 3246 cathedra
1222 3191 1404 3248 sacerdotalis
1420 3197 1546 3258 vacaret3
1562 3207 1620 3264 quo
1636 3198 1775 3264 occupato

99 3279 130 3332 de
142 3279 190 3334 liei
204 3280 361 3349 voluntale,
376 3283 462 3351 atque
475 3280 604 3336 omnium
619 3283 749 3336 nostrum
762 3280 948 3336 consensione
963 3279 1087 3346 firmato,
1103 3279 1230 3352 quisquis
1240 3280 1300 3352 jam
1316 3282 1466 3353 episcopus
1482 3281 1544 3336 fieri
1559 3281 1690 3348 voluerit,
1706 3282 1776 3337 foris

99 3365 143 3420 liat
156 3383 274 3424 necasse
288 3370 340 3436 est,
357 3385 409 3424 nec
425 3369 530 3424 habeat
541 3369 757 3426 ecclesiasticam
772 3369 981 3425 ordinationem
993 3369 1043 3441 qui
1057 3369 1188 3425 Ecclesia
1202 3385 1259 3424 non
1275 3373 1355 3425 tenet
1369 3370 1547 3426 unitatem.»
1563 3370 1671 3426 Eodem
1689 3371 1774 3426 modo

97 3455 273 3512 demonstrat
287 3457 435 3530 episcopos
447 3474 465 3515 a
478 3458 633 3514 Nosaliano
647 3459 678 3513 in
691 3458 752 3513 aliis
767 3457 925 3514 civitatibus
937 3457 1112 3526 constitutos,
1128 3475 1187 3514 non
1203 3459 1307 3515 Christi
1326 3459 1457 3515 Ecclesia
1475 3459 1622 3532 episcopos
1639 3475 1709 3527 esse,
1725 3459 1776 3514 sed

98 3545 229 3602 bamma
250 3547 381 3602 Ecclesia
396 3564 402 3602 :
418 3568 432 3598 c
448 3547 506 3602 Nisi
520 3547 543 3602 si
563 3546 713 3620 episcopus
725 3547 777 3602 tibi
795 3547 917 3614 videtur,
931 3568 946 3598 n
962 3546 1054 3618 inquit
1069 3547 1099 3602 in
1117 3547 1220 3604 eadem
1241 3547 1367 3619 epistola,
1384 3566 1413 3620 p.
1429 3551 1472 3616 73,
1490 3567 1504 3600 a
1524 3548 1574 3620 qui
1593 3549 1726 3620 episcopo
1746 3547 1775 3602 in

95 3635 216 3692 Ecclesia
229 3653 248 3692 a
260 3636 384 3692 sedecim
400 3637 573 3709 coepiscopis
587 3637 673 3703 lacu,
688 3637 800 3692 adulter
815 3641 901 3707 atque
920 3638 1071 3691 extraneus
1088 3637 1235 3710 episcopus
1248 3635 1309 3692 lieri
1325 3654 1342 3692 a
1359 3637 1553 3694 desertoribus
1569 3653 1622 3708 per
1634 3636 1774 3692 ambitum

93 3725 201 3795 nititur,
221 3733 252 3782 et
272 3742 337 3782 cum
357 3727 393 3782 sit
409 3727 570 3783 Christiana
588 3726 712 3784 Ecclesia
730 3743 783 3798 per
803 3729 896 3782 totum
916 3727 1056 3782 mundum
1080 3725 1109 3780 in
1128 3725 1218 3780 multa
1239 3725 1369 3780 membra
1388 3726 1488 3793 divisa,
1505 3726 1573 3782 item
1596 3725 1776 3797 episcopatus

92 3830 163 3869 unus
182 3815 389 3888 episcoporum
406 3816 564 3872 multorum
578 3813 713 3870 concordi
733 3815 941 3870 numerositate
962 3814 1089 3883 diffusus,
1108 3813 1156 3869 ille
1171 3818 1234 3886 post
1253 3813 1304 3869 liei
1323 3815 1518 3883 traditionem,
1533 3820 1599 3886 post
1612 3831 1775 3870 connexam

92 3904 240 3976 elabique
256 3904 439 3975 mnjunctam
457 3903 603 3960 catholica
621 3903 752 3959 Ecclesia
767 3904 904 3959 unitatem
917 3903 1076 3960 humanam
1095 3907 1216 3958 conetur
1231 3903 1387 3958 Ecclesiam
1407 3904 1511 3972 facere,
1526 3909 1555 3960 et
1573 3920 1624 3976 per
1639 3905 1774 3976 plurimas

89 3992 216 4050 civitates
229 4009 320 4049 noros
331 3994 473 4065 apostolos
486 4009 551 4049 suos
564 3993 668 4062 mittat,
681 3997 712 4047 ut
720 3993 862 4063 quaedam,
874 3992 999 4048 recentia
1010 3991 1192 4047 institutionis
1202 4008 1260 4048 sua
1273 3991 1462 4048 fundamenta
1472 3994 1638 4062 constituat5
1650 4009 1773 4065 cumque

86 4081 266 4154 jampridem
286 4097 336 4154 per
354 4098 452 4140 omnes
471 4081 631 4154 provincias
648 4082 676 4135 et
696 4096 746 4152 per
761 4079 846 4136 urbes
860 4081 987 4153 singulas
1009 4079 1132 4136 ordinati
1152 4079 1208 4134 sint
1227 4081 1352 4152 episcopi
1371 4082 1401 4136 in
1422 4085 1508 4138 atate
1527 4082 1649 4153 antiqui,
1667 4083 1695 4137 in
1717 4083 1772 4137 tide

89 4169 204 4243 integri,
217 4170 249 4227 in
264 4187 397 4243 pressura
409 4169 530 4242 probati,
546 4169 575 4226 iu
588 4169 784 4242 persecutione
798 4169 949 4240 proscripti
966 4169 1014 4224 ille
1028 4184 1114 4240 super
1128 4184 1175 4224 eos
1195 4185 1293 4224 creare
1306 4170 1375 4225 alios
1391 4171 1646 4244 pseudoepiscopos
1659 4173 1771 4229 audeat.

89 4261 156 4316 ilinc
168 4260 334 4329 contendit,
348 4259 460 4315 etiamsi
474 4259 602 4331 legitime
619 4258 739 4314 fuissent
756 4258 894 4328 ordinati,
908 4274 957 4314 eos
972 4264 1069 4314 tamen
1086 4274 1139 4330 pro
1156 4257 1292 4330 legitimis
1310 4259 1452 4332 episcopis
1465 4262 1579 4332 agnosci
1598 4277 1657 4318 non
1678 4277 1771 4333 posse,

86 4349 149 4422 quia
168 4349 208 4406 ab
231 4349 358 4405 Ecclesia
378 4347 515 4404 oetlaolica
534 4348 726 4404 discesserunt
746 4363 753 4403 :
774 4369 789 4398 a
809 4347 1007 4420 Episcopatum
1028 4349 1136 4418 auam,
1156 4369 1170 4398 »
1187 4347 1291 4419 inquit,
1309 4367 1323 4400 c
1339 4352 1437 4404 tenere
1459 4366 1516 4404 non
1537 4353 1641 4422 posset,
1661 4350 1774 4406 etiamsi

86 4439 242 4512 episcopus
257 4439 336 4510 prius
347 4438 439 4494 factus
452 4455 469 4494 a
481 4435 713 4510 coepiscoporum
727 4452 844 4492 suorum
857 4451 975 4508 corpore
990 4441 1018 4491 et
1032 4435 1067 4490 ab
1082 4436 1213 4493 Ecclesia
1226 4439 1334 4494 unitnte
1348 4437 1526 4495 descisceret.
1542 4461 1556 4492 »

170 4616 261 4672 11.—
287 4627 478 4670 nasamonitis
499 4628 545 4677 QUI
564 4626 707 4670 Bracaros
727 4627 796 4668 APUD
815 4626 969 4668 CYPlilAfoE
988 4627 1053 4668 runa
1072 4627 1164 4670 cludo
1183 4631 1200 4668 Δ
1220 4629 1394 4670 consuliussis
1413 4629 1548 4670 otsrtttoua
1568 4629 1681 4672 uacans.

116 4769 263 4836 Quamvis
275 4768 453 4840 episcopatus
468 4769 536 4840 jura
549 4784 605 4822 non
622 4765 731 4839 possint
742 4765 898 4820 accuratius
912 4765 1038 4834 defendi,
1050 4783 1138 4838 quam
1152 4786 1167 4824 a
1180 4769 1322 4842 Cypriane
1335 4769 1535 4835 defenduntur,
1549 4783 1605 4822 non
1618 4766 1772 4822 defuerunt

82 4865 178 4914 tamen
200 4859 255 4929 qui
275 4873 310 4912 ex
330 4857 474 4912 nonnullis
493 4857 555 4928 ejus
574 4855 667 4912 verbis
685 4871 784 4911 ansam
804 4855 967 4925 arriperent
986 4856 1191 4914 calirmniandi.
1208 4859 1288 4922 Quod
1308 4857 1386 4912 enim
1406 4860 1521 4912 anctus
1539 4859 1644 4928 Martyr
1661 4857 1771 4911 clerum

79 4947 234 5003 interdum
254 4945 284 5000 in
304 4946 376 5001 dnos
392 4945 506 5002 ordines
523 4944 648 5001 dividere
668 4943 787 5013 videtur,
806 4959 909 5015 nempe
927 4944 957 4999 in
975 4947 1138 5002 sacerdotes
1159 4951 1187 5002 et
1204 4947 1360 5016 ministros,
1374 4964 1406 5002 ac
1423 4947 1570 5003 sircadotis
1584 4947 1772 5017 suprapositi

79 5037 203 5092 nomina
228 5051 296 5090 cnm
319 5035 388 5106 ipsis
410 5034 583 5107 presbyteris
604 5031 804 5102 communicat,
826 5032 905 5089 velut
926 5035 1014 5105 Epist.
1037 5051 1098 5102 cxv,
1121 5052 1213 5105 ιιιιιι,
1236 5052 1306 5092 cxxii
1328 5038 1357 5092 et
1377 5037 1407 5091 iu
1427 5034 1499 5091 libro
1522 5037 1679 5106 deiopeia
1702 5034 1771 5090 inde

78 5125 245 5182 Salmasius
261 5127 290 5178 et
304 5123 462 5179 Blondellus
474 5123 647 5179 concludunt
662 5122 840 5194 presbyteros
854 5123 889 5177 ab
902 5124 1043 5196 episcopis
1056 5141 1112 5181 non
1123 5125 1189 5196 jure
1205 5124 1309 5192 divino,
1321 5141 1380 5180 nori
1394 5125 1506 5180 diverso
1519 5125 1666 5180 sacerdotii
1680 5125 1771 5198 gradu

78 5213 137 5269 esaie
162 5215 329 5270 distinctos.
351 5213 379 5270 Si
400 5211 539 5284 ejusmodi
562 5212 719 5269 ratiuncula
739 5213 855 5280 valeret,
874 5211 935 5285 pari
953 5212 1018 5284 jura
1038 5213 1170 5268 concludi
1193 5217 1341 5284 possetne
1363 5213 1498 5269 diaconos
1516 5213 1633 5285 quidem
1654 5220 1683 5269 et
1701 5214 1772 5270 alios

76 5306 214 5361 minores
228 5302 346 5358 clericos
359 5319 376 5356 a
390 5301 562 5375 presbyteris
575 5306 603 5356 et
618 5301 759 5374 episcopis
770 5301 834 5373 jure
850 5301 946 5357 divino
966 5301 1119 5373 distingui;
1135 5317 1209 5373 sape
1226 5301 1304 5357 enim
1321 5301 1444 5358 Ecclesia
1463 5301 1597 5358 dividitur
1614 5303 1644 5357 in
1661 5303 1772 5358 clerium

76 5399 103 5449 et
118 5395 258 5466 plebem.
274 5391 391 5458 Quodsi
408 5391 522 5447 diaconi
536 5395 565 5445 et
578 5389 706 5446 minores
719 5391 814 5447 clerici
834 5409 900 5448 curn
917 5391 1088 5464 presbyteris
1106 5398 1134 5447 et
1149 5391 1288 5465 episcopis
1307 5392 1382 5448 clero
1396 5391 1685 5463 comprehenduntur,
1701 5393 1771 5464 quid

74 5485 186 5539 mirum
203 5481 231 5536 si
248 5479 432 5554 presbyteris,
446 5479 495 5552 qui
509 5479 717 5536 Eucharistiam
734 5487 901 5536 consecrant
915 5486 942 5536 et
953 5485 1123 5552 potestatem
1140 5482 1249 5538 habent
1262 5481 1369 5554 ligandi
1385 5487 1414 5536 et
1429 5480 1567 5550 solvendi,
1582 5482 1730 5537 sacedotes
1743 5485 1772 5536 et

70 5573 227 5644 prepositi
243 5569 361 5626 numina
373 5586 437 5625 cum
454 5569 594 5641 episcopis
606 5569 767 5625 communia
782 5570 868 5624 suntf
880 5569 1053 5641 presbyteris
1065 5572 1182 5643 quidem
1200 5571 1357 5643 Cyprianus
1372 5569 1529 5641 plurimum
1544 5585 1658 5640 semper
1671 5569 1772 5625 habuit

73 5662 214 5730 honoris,
234 5666 262 5716 et
274 5677 339 5716 cum
350 5660 420 5716 nihil
437 5676 524 5732 agere
537 5662 642 5717 soleret
650 5661 711 5716 sine
721 5659 836 5716 consilio
851 5659 930 5730 cleri,
946 5664 977 5715 ut
988 5660 1047 5732 ipse
1058 5664 1177 5716 testatur
1187 5660 1216 5715 in
1231 5662 1317 5731 Epist.
1329 5675 1366 5727 vr,
1375 5675 1433 5714 non
1445 5658 1566 5715 dubium
1577 5659 1646 5730 quin
1658 5658 1774 5732 presby-

73 5753 155 5818 teris,
171 5755 279 5823 utpote
294 5767 359 5806 curn
379 5750 441 5822 ipso
460 5751 635 5820 sedentibus,
652 5766 790 5824 magnam
806 5749 1008 5806 auctoritatem
1029 5749 1202 5806 attribuerit.
1214 5753 1250 5808 nt
1264 5747 1413 5806 sacerdotii
1435 5745 1557 5818 gradum
1570 5764 1588 5803 a
1603 5747 1776 5820 presbyteris

75 5841 257 5898 distinctum
276 5839 329 5898 sibi
352 5841 484 5913 uindicat
507 5843 651 5914 Queritur,
671 5844 702 5899 iu
724 5845 813 5917 Epist.
836 5859 873 5912 ar,
896 5841 970 5915 quod
994 5841 1110 5916 quidam
1133 5841 1167 5898 de
1189 5838 1372 5914 presbyteris,
1393 5854 1445 5894 uec
1465 5836 1613 5911 Evangelii
1635 5853 1778 5894 memores
