4012 6192
96 311 144 366 197
619 299 719 361 tiana
737 299 965 360 animalitatis
983 297 1061 358 SINA
1081 299 1123 358 ΕΤ
1146 301 1230 360 sion.
1719 305 1770 365 918

95 447 157 488 cum
177 431 297 497 dietum,
312 446 346 486 eo
367 429 443 502 quod
465 427 629 501 spiritaliter
649 443 731 483 mons
752 427 817 483 Sion
837 443 906 482 crux
918 425 1026 512 Agali,
1050 429 1076 480 ct
1101 427 1211 482 cabum
1236 429 1345 484 Domini
1368 430 1402 484 ab
1428 429 1610 500 Herennium,
1639 447 1703 504 quae
1730 437 1772 488 cst

94 529 143 591 est,
169 539 234 596 qnae
258 529 301 579 ast
321 523 410 578 virtus
427 521 489 579 Dei.
513 522 645 593 Apostolo
672 520 781 576 dicente
801 537 809 575 ι
832 520 907 576 Grata
956 519 1092 578 Ecclesia·

93 619 192 674 Christi
203 633 256 673 aon
270 617 437 674 credentibus
457 615 575 672 stultitia
596 614 830 680 ostendentibus
851 630 904 668 aa·
990 615 1020 668 ll.
1034 616 1104 671 Caro
1118 612 1195 684 ligno
1210 613 1320 670 contina
1338 615 1433 672 emisit
1454 619 1573 674 rocham
1591 619 1768 676 bominicum

94 719 143 768 tem
155 727 225 768 arta
239 709 334 784 916
353 712 441 765 uirtus
452 713 492 764 cst
505 711 570 777 Βοὴ
585 708 729 764 etiterum
743 705 831 762 dicit:
852 710 905 766 Nos
956 707 1051 762 dicens
1064 723 1070 762 :
1085 708 1156 773 neti,
1174 706 1252 764 nent
1267 707 1303 762 Et
1314 707 1505 782 adimpletum
1517 715 1560 766 est
1572 713 1768 784 propheticum

94 811 186 860 antem
208 806 405 860 annuntiamus
425 803 500 858 umis
521 801 666 868 Christum,
681 806 707 856 et
728 803 801 858 tanc
819 803 904 855 aram·
956 801 1086 872 spiritale
1100 806 1167 855 aitte
1180 800 1285 856 dictum
1301 839 1308 855 .
1326 803 1363 856 lla
1375 803 1439 859 Sion
1457 805 1527 858 eniet
1542 805 1593 872 lec,
1614 811 1639 862 et
1659 807 1769 862 utrium

91 901 196 968 penam
217 898 320 954 tudae
342 897 455 967 quidem
476 895 644 957 manduriam,
669 895 795 963 paratibus
816 899 906 948 autem
956 901 1065 954 Domini
1089 899 1122 952 ab
1150 900 1327 960 Hierusalem,
1357 899 1530 955 Hierusalem
1558 901 1626 957 dicit
1653 903 1706 972 (30)
1733 905 1768 958 de

91 993 336 1062 stultitiamzt‘psis
348 996 438 1045 autem
461 991 562 1046 uocatis
584 989 722 1044 tucatsec
734 986 842 1047 draucis.
857 989 907 1042 ilci
955 993 1025 1048 eoelo
1050 991 1282 1060 descendentem,
1303 1009 1407 1048 novam
1428 993 1582 1060 civitatem,
1599 996 1766 1067 quadratam

91 1087 255 1140 uirtutemet
276 1087 326 1140 aaa·
350 1085 524 1154 sapientiam.
549 1083 594 1138 Sic
614 1097 680 1137 acro
695 1085 724 1136 et
747 1080 821 1135 alius
842 1095 905 1152 pro-
955 1101 1007 1157 per
1023 1090 1146 1156 quantuor
1159 1084 1253 1158 917
1273 1085 1431 1158 Evangelia,
1446 1087 1598 1144 habentem
1618 1087 1767 1144 duodecim

92 1179 179 1250 pheta
205 1179 261 1249 (18)
290 1176 414 1232 declarat
445 1177 554 1247 lignum
583 1174 722 1246 passionis
747 1173 904 1228 Dominicae
955 1179 1143 1234 fundamenta
1174 1179 1326 1234 duodecim
1365 1181 1587 1251 prophetarum,
1618 1180 1767 1236 duodecim

93 1273 299 1326 cssemontem
317 1271 384 1326 Sion
406 1273 546 1335 sanctum,
561 1268 590 1324 in
611 1267 715 1340 Spiritu
731 1267 772 1322 ita
785 1265 902 1322 diceus:
955 1276 1050 1345 qtoums
1082 1272 1236 1330 duodecim
1258 1273 1469 1344 apostolorum
1496 1289 1548 1344 per
1572 1289 1695 1346 qnorum
1720 1290 1769 1328 an-

92 1365 155 1430 Ouis
180 1365 307 1420 ascendet
322 1366 352 1418 tn
370 1367 484 1419 monton
508 1364 621 1430 bomini,
638 1367 689 1416 aut
708 1361 866 1432 1111111111
876 1362 905 1414 ia
954 1365 1165 1420 nuntiationem
1191 1364 1344 1421 Christiani
1373 1365 1400 1420 in
1432 1366 1660 1423 hartccivitatam
1688 1384 1767 1424 sone·

92 1460 148 1514 loco
179 1463 274 1513 sancto
297 1458 378 1527 ejus?
404 1458 531 1512 innocms
554 1456 699 1522 monitum
717 1454 831 1509 dextera
854 1453 903 1507 lec·
954 1465 1014 1514 tam
1041 1464 1070 1514 et
1107 1473 1212 1514 noram
1242 1459 1431 1526 introierant,
1465 1475 1530 1531 qua
1558 1461 1691 1532 spiritalis
1726 1465 1769 1516 ost

91 1567 185 1624 saque
213 1550 347 1619 extensis,
373 1549 457 1606 claris
472 1549 546 1617 lixis,
570 1548 763 1604 innocentiam
788 1547 905 1602 demon-
953 1551 1087 1608 Ecclesia.

90 1651 192 1700 straus.
219 1644 287 1700 ideo
320 1643 421 1699 dicit:
447 1645 576 1700 innocuas
608 1641 734 1698 manibus
756 1645 782 1696 et
805 1641 905 1695 mucida
989 1647 1120 1701 lil.Ecoe
1141 1645 1387 1718 probavimusper
1408 1646 1537 1703 omnium
1557 1645 1767 1718 scripturarum

91 1740 182 1806 corde,
196 1741 247 1810 qui
257 1753 311 1794 aaa
330 1739 475 1808 comata
489 1752 559 1792 uano
572 1737 694 1791 animam
706 1747 794 1800 tuam,
811 1739 837 1788 et
852 1749 904 1789 non
955 1740 1119 1794 dcitlcerum
1147 1739 1232 1796 iidem
1259 1739 1332 1796 dnos
1359 1744 1482 1810 montes,
1496 1740 1565 1796 Sina
1591 1739 1621 1796 in
1639 1747 1715 1796 terra
1738 1747 1767 1796 ct

84 1833 194 1903 iurauit
214 1832 324 1888 modste
338 1831 392 1902 (27)
410 1833 534 1902 proeium
552 1844 611 1898 sua,
634 1831 677 1883 liic
694 1830 808 1899 accipiet
830 1805 943 1882 1²ch
954 1833 1021 1888 Sion
1037 1833 1065 1888 iu
1080 1833 1161 1900 coelo,
1176 1833 1552 1889 duorumTestamentornm
1568 1839 1683 1904 portare
1696 1836 1766 1906 sigu-

90 1927 234 1982 dictiancm
250 1941 269 1981 a
284 1929 411 1988 mutuo,
436 1929 462 1980 a
487 1923 696 1980 miscricordiam
719 1923 808 1976 alito
829 1921 900 1976 tillit-
955 1943 1028 1994 ram,
1042 1926 1146 1982 veteris
1169 1925 1245 1994 Sina,
1259 1931 1287 1982 et
1306 1943 1363 1982 non
1386 1927 1463 1982 Sion.
1479 1929 1519 1982 Ex
1539 1926 1642 1998 quibus
1655 1927 1767 1984 dnobus

91 2021 146 2074 lari
162 2035 225 2076 tata.
240 2019 339 2075 Omnis
361 2017 453 2090 passio
470 2017 623 2074 hominum
637 2016 668 2071 in
688 2019 795 2071 lemn]
812 2014 903 2080 cadet,
954 2020 1107 2086 montibus,
1130 2019 1259 2076 uidelicet
1283 2019 1394 2076 duobus
1413 2019 1598 2088 testamentis,
1618 2021 1768 2092 posteriori

90 2115 150 2169 laec
174 2113 234 2168 sola
255 2112 348 2183 passio
365 2112 456 2168 crucis
476 2113 598 2166 stantem
617 2110 813 2166 demonstrat:
830 2109 905 2164 {tude
955 2119 1087 2185 tempore
1101 2113 1311 2168 demonstratos
1327 2116 1356 2167 et
1368 2112 1526 2168 declaratos
1538 2113 1677 2170 babemus
1695 2115 1767 2171 duos

90 2223 191 2263 rerum
209 2206 331 2262 dicimus
352 2209 480 2262 mentem
498 2207 628 2260 sanctum
642 2203 753 2274 lignum
765 2217 826 2258 esse
839 2219 904 2274 pas·
956 2208 1076 2280 populos
1091 2211 1236 2262 :veteram
1251 2211 1280 2261 et
1293 2207 1416 2278 priorem
1431 2206 1605 2274 ludaeorum,
1620 2212 1649 2262 et
1661 2223 1768 2264 novum

90 2303 191 2357 sionis.
204 2301 271 2356 inde
284 2300 423 2356 innocens
435 2297 570 2354 manibus
584 2301 613 2352 et
628 2296 738 2352 mundo
753 2296 837 2352 corde
848 2313 904 2350 non
955 2306 984 2356 ct
1010 2301 1198 2372 posteriorem
1228 2300 1366 2372 populum
1392 2299 1634 2356 Christianorum:
1656 2301 1768 2356 ledeos

89 2395 152 2452 init.
176 2395 232 2450 Nec
250 2394 329 2450 enim
348 2393 471 2448 mundus
492 2391 588 2458 corde,
604 2407 638 2446 ao
653 2389 905 2462 quodAEgyptium
955 2397 1094 2462 terrenos,
1118 2393 1167 2464 qui
1189 2396 1295 2448 terram
1316 2392 1484 2465 promissam
1500 2394 1585 2448 alteo
1597 2401 1768 2466 acceperunt

90 2489 168 2544 calce
183 2487 353 2560 percusserit
370 2488 399 2541 in
416 2487 547 2558 AEgypto,
562 2488 591 2540 ct
602 2483 816 2539 mortificaverit
827 2498 904 2552 eum,
956 2487 1096 2552 carnalem
1119 2489 1148 2541 et
1166 2484 1337 2543 Christianos
1356 2486 1493 2555 coelestes,
1509 2487 1558 2558 qui
1579 2501 1670 2558 regna
1687 2489 1769 2543 coelo·

89 2589 116 2638 et
129 2581 267 2638 manibus
285 2579 419 2636 suiacum
442 2579 583 2634 inurens
609 2577 737 2633 obruerit
753 2594 762 2648 ;
779 2575 905 2634 Christus
955 2597 1049 2637 ruma
1069 2581 1124 2636 Deo
1147 2578 1283 2650 promisso
1302 2580 1444 2650 accepturi
1463 2583 1531 2634 sunt
1554 2579 1583 2635 in
1602 2580 1698 2636 lutino
1717 2597 1767 2635 sso-

88 2675 523 2732 autcminmontcmsanctum
545 2671 802 2743 ascenditlignum
823 2670 904 2743 regni
955 2675 1029 2730 culo.
1056 2676 1126 2730 Caro
1148 2671 1228 2727 enim
1256 2671 1483 2728 Christianorum
1508 2671 1643 2744 spiritalis
1663 2675 1693 2727 et
1711 2673 1766 2728 im·

89 2769 142 2839 sui,
158 2771 194 2824 ut
208 2775 392 2825 maceratura
402 2765 517 2834 ludaeis,
531 2781 695 2839 quanquam
709 2765 768 2837 ipse
780 2765 905 2838 aliquem
955 2767 1084 2824 mortalis
1096 2765 1158 2822 crit.

88 2863 243 2919 hominum
262 2878 321 2917 non
336 2859 559 2928 mortificaverit,
575 2859 628 2914 nisi
646 2859 738 2915 solnm
759 2857 905 2914 diabolum
990 2863 1047 2918 llll.
1061 2860 1121 2916 Alia
1135 2857 1302 2932 probatione
1315 2857 1440 2914 veritatis
1455 2858 1486 2913 in
1500 2857 1651 2929 scripturis
1663 2859 1767 2930 posita,

88 2956 240 3013 inimicum
266 2955 377 3027 generis
408 2953 539 3010 humani.
575 2953 682 3009 Exinde
714 2953 744 3008 in
775 2959 905 3009 montem
956 2973 989 3012 aa
1002 2971 1038 3010 aa
1050 2953 1170 3008 veritate
1186 2952 1289 3008 coelcsti
1306 2950 1463 3023 spiritalem
1478 2951 1596 3008 iacimus
1607 2951 1767 3025 figurarum

88 3050 219 3108 ascendit
239 3050 376 3105 innocens
397 3051 427 3103 et
444 3047 568 3102 mundus
590 3045 686 3116 corde,
711 3052 740 3102 ct
756 3045 821 3102 ideo
840 3064 904 3119 pru·
956 3047 1215 3120 comparationem,
1237 3046 1273 3101 de
1300 3045 1384 3117 hujus
1410 3045 1509 3102 mundi
1537 3047 1767 3104 conversatione.

86 3148 175 3218 pheta
196 3143 291 3200 dicit:
315 3143 379 3210 Quis
398 3141 521 3197 ascendit
542 3143 571 3196 ia
588 3147 704 3196 moniam
731 3143 855 3208 Domini,
880 3147 941 3238 ets
956 3143 1082 3200 Diximus
1103 3139 1191 3206 enim,
1209 3140 1310 3194 montis
1333 3139 1425 3194 sancti
1450 3139 1528 3208 Sion,
1556 3140 1631 3212 quod
1655 3140 1767 3211 lignum

86 3243 147 3310 quis
162 3239 249 3294 stabit
268 3239 298 3291 tn
320 3237 375 3291 laco
391 3241 485 3292 sancto
499 3235 580 3305 ejas?
594 3237 724 3290 inuocans
744 3235 903 3290 manducat
931 3211 1052 3308 'regale
1080 3241 1109 3290 et
1135 3249 1260 3296 sacrum,
1291 3233 1410 3288 haberet
1434 3231 1704 3304 interpretationem
1730 3235 1766 3290 dc

86 3333 191 3388 raanda
211 3331 299 3387 carde.
316 3332 350 3386 Et
367 3329 517 3386 declararit
539 3331 667 3383 monmm
686 3327 752 3383 Sion
775 3334 903 3384 sanctum
955 3329 1103 3398 Hebraico,
1127 3328 1156 3383 in
1178 3328 1306 3383 Graecum
1332 3327 1376 3382 vel
1401 3327 1532 3382 latinum
1556 3326 1624 3398 (31),
1654 3332 1768 3385 tentatio

86 3443 148 3482 esse
162 3428 294 3481 sanctam
309 3441 438 3492 crucem,
455 3422 567 3478 dicento
586 3437 669 3494 mque
682 3421 824 3494 propheta
845 3439 853 3478 ε
868 3427 904 3480 lla
953 3429 1166 3484 marcadatiaais
1179 3425 1222 3480 rel
1237 3425 1394 3495 speculatio,
1409 3439 1443 3479 eo
1457 3424 1534 3497 quod
1552 3423 1588 3479 de
1607 3424 1687 3497 liguo
1700 3443 1766 3498 spe·

83 3523 148 3579 Stoa
178 3523 250 3574 acici
288 3519 340 3582 lea,
366 3518 521 3574 eteniam
543 3519 651 3572 Domini
673 3517 708 3572 ab
723 3517 902 3574 ammaum.
953 3526 1101 3582 celabatur
1115 3529 1182 3580 acite
1197 3539 1226 3579 se
1240 3522 1447 3578 stantesbonos
1461 3525 1490 3578 et
1505 3523 1606 3578 malos.

85 3616 142 3670 lex
169 3612 397 3668 Christianorum
414 3627 483 3666 crux
513 3614 557 3665 est
576 3612 672 3666 sancta
698 3609 810 3666 Christo
834 3611 902 3667 Filio
989 3621 1060 3676 x111‚
1077 3620 1119 3674 lta
1141 3616 1410 3687 invenimusipsum
1432 3615 1610 3672 salvatorem
1623 3633 1677 3689 por
1689 3617 1768 3674 5⁸10.

83 3709 132 3764 ltei
147 3707 215 3775 riri,
234 3705 438 3778 dicentemque
459 3703 620 3778 propheta:
636 3704 754 3759 laetam
772 3704 904 3760 tamedto
954 3729 1071 3769 monem
1102 3711 1157 3784 (³2)
1182 3712 1319 3784 specuium
1353 3711 1557 3766 inmaculatum
1591 3711 1683 3766 Patris
1707 3729 1767 3767 essu

83 3803 189 3859 centris
210 3802 273 3856 mei.
296 3802 447 3855 Percussus
460 3797 490 3853 in
504 3797 602 3852 lateris
622 3802 723 3854 ventre
738 3797 773 3852 de
792 3798 902 3864 lancea,
954 3805 1073 3873 (lienum,
1086 3821 1119 3860 eo
1139 3804 1214 3876 quod
1235 3803 1357 3875 Spiritus
1381 3808 1493 3860 sanctus
1509 3802 1559 3857 ilai
1579 3803 1665 3858 Filias
1680 3805 1769 3875 gomi.

83 3895 205 3968 sanguis
217 3896 246 3950 θὶ
261 3909 334 3966 aqua
359 3892 459 3947 misius
478 3891 611 3964 111θῖ118118
631 3890 747 3961 fluebat,
761 3891 836 3947 undo
851 3891 904 3947 Sibi
953 3904 1052 3957 nalttm
1068 3915 1097 3954 se
1110 3899 1218 3968 vsdeat5
1234 3897 1317 3952 Pater
1335 3895 1363 3950 in
1384 3895 1497 3951 silicet
1519 3894 1604 3951 Filius
1627 3895 1657 3951 in
1674 3898 1767 3962 l'attre,

85 3989 244 4046 Ecclesiam
260 3991 387 4042 sanciam
414 3985 571 4053 fabricabit,
591 3983 621 4038 5¹²
640 4000 698 4056 <1¹¹³
719 3983 816 4057 legem
838 4002 902 4058 1)θὸ-
955 3994 1069 4066 utrique
1086 3991 1205 4048 seinse
1226 3989 1336 4057 vident,
1353 3989 1416 4044 ideo
1429 3987 1576 4059 speculum
1602 3988 1766 4044 immacula-

83 4085 177 4140 sionis
201 4098 261 4138 ⁵1¹ae
280 4079 475 4148 0⁰1¹⁵00mb³b
503 4078 616 4134 dicente
642 4078 704 4150 i12⁵⁰
724 4095 731 4134 t
758 4080 810 4147 0¹¹5
831 4081 902 4140 tilii·
953 4093 1027 4143 tum.
1048 4087 1120 4142 Nam
1145 4088 1175 4140 et
1193 4100 1245 4140 nos
1266 4083 1315 4156 qui
1339 4082 1379 4138 illi
1402 4081 1554 4149 credimus,
1576 4081 1716 4140 Christum
1737 4082 1767 4138 iu

81 4180 181 4234 timisti
199 4182 226 4231 0²
243 4175 326 4230 bibat.
348 4173 496 4243 Οϋῑθῒθᾶῑῖ
509 4175 538 4228 t'n
555 4188 607 4236 mc,
623 4174 690 4228 Μ
711 4175 903 4245 tffl'plttmetl,
953 4181 1036 4237 nobis
1058 4182 1197 4251 tanquam
1223 4177 1252 4232 in
1272 4176 1386 4249 speculo
1410 4175 1552 4244 videmus,
1574 4175 1604 4231 in
1630 4175 1693 4248 ipso
1715 4193 1768 4232 nos

80 4279 199 4347 {lumina
218 4275 252 4330 dc
272 4280 365 4330 centra
389 4273 445 4343 q'as
466 4274 547 4342 pseu
572 4287 652 4342 aquae
676 4273 754 4327 eiua.
779 4273 850 4327 ltem
874 4269 904 4325 in
953 4275 1114 4330 instruente
1127 4277 1155 4328 et
1168 4276 1300 4328 monente
1314 4270 1343 4326 in
1363 4269 1488 4344 Epistola
1501 4269 1618 4327 loannis
1637 4269 1769 4343 discipuli

82 4369 206 4426 Psalmis
221 4383 228 4423 :
243 4369 279 4424 lit
301 4371 352 4424 erit
364 4367 439 4423 uelut
463 4367 566 4436 lippam
583 4366 656 4437 qaod
682 4365 842 4436 plautatum
865 4368 904 4420 cst
954 4364 996 4420 sui
1013 4363 1067 4436 (33)
1078 4361 1116 4417 ed
1128 4361 1266 4434 populum
1284 4377 1291 4416 ε
1307 4361 1351 4418 lta
1370 4375 1411 4416 me
1429 4361 1458 4414 in
1479 4359 1557 4416 uobis
1578 4360 1676 4422 uidete,
1698 4375 1768 4430 quo-

79 4479 159 4520 accas
184 4463 313 4518 decursm
335 4477 478 4532 aquarum,
501 4461 573 4531 quod
586 4461 708 4528 fructum
730 4475 808 4514 mum
824 4459 902 4514 dabit
954 4457 1032 4514 moda
1049 4457 1239 4527 qubaestrnm
1263 4469 1290 4510 se
1303 4455 1378 4509 nida
1398 4455 1427 4508 in
1446 4469 1520 4524 aqna
1534 4459 1581 4508 out
1595 4453 1766 4524 insperata:

79 4561 110 4614 ia
126 4565 248 4629 ternpore
259 4571 318 4612 suo.
331 4557 400 4611 Ecce
412 4555 530 4610 verbum
547 4553 763 4626 propheticum,
779 4533 941 4608 irtrctumD
952 4556 980 4608 et
1002 4549 1155 4606 confirmat
1174 4546 1383 4604 salomonicum
1407 4547 1515 4602 dictum
1536 4545 1571 4602 de
1595 4563 1626 4602 se
1642 4546 1740 4602 dicens
1760 4585 1767 4615 ,

79 4649 303 4708 resurrectionis
320 4649 366 4705 die
386 4648 469 4705 tertia
495 4648 660 4720 spiritaliter
682 4645 900 4718 intelligendum
952 4647 1005 4715 Qui
1023 4639 1425 4714 cstspsculumimmacutatam
1438 4642 1539 4695 Putris.

78 4746 206 4802 dicentis
225 4761 233 4801 ι
249 4747 285 4801 lle
309 4745 376 4803 Sion
397 4745 467 4799 sciet
486 4743 539 4813 lea,
555 4743 608 4799 hoc
631 4743 675 4798 cst
701 4740 737 4798 de
758 4740 837 4813 ligno
856 4755 900 4796 re·
986 4740 1054 4796 ltlv.
1069 4739 1172 4793 Verum
1186 4733 1272 4790 otiam
1285 4733 1414 4790 etritern
1428 4738 1567 4790 eternam
1581 4738 1610 4791 ct
1623 4749 1721 4790 reram
1737 4753 1768 4795 se

774 4913 951 4984 Variacum
971 4918 1071 4982 note.

111 5095 165 5161 (28)
179 5093 224 5146 Sic
237 5105 300 5145 uero
316 5098 339 5144 st
354 5089 427 5143 olias
439 5085 574 5156 propbeta.
596 5081 747 5150 llenutins,
763 5099 850 5139 aarum
868 5087 891 5137 at
973 5083 1023 5146 (st)
1038 5081 1076 5132 Da
1090 5075 1218 5132 Hebraico
1241 5075 1270 5128 in
1284 5073 1412 5140 (irarum,
1431 5075 1473 5128 ael
1493 5079 1522 5128 ta
1536 5073 1666 5128 tatinum.
1683 5073 1760 5131 lstud

78 5169 167 5228 alias,
182 5165 233 5217 sed
248 5163 317 5215 illud
330 5163 434 5214 habent
445 5174 510 5211 mas.
522 5160 618 5211 nostri.
633 5159 734 5211 Mirum
748 5161 840 5210 autem
859 5159 902 5208 est
951 5167 987 5206 ex
1007 5153 1096 5204 tribus
1120 5150 1182 5203 altis
1203 5162 1268 5200 mss.
1293 5163 1343 5214 pro
1363 5161 1397 5199 oo
1418 5147 1573 5214 quoderat,
1591 5149 1621 5198 in
1642 5147 1770 5201 Graecast

78 5242 160 5310 quod
183 5239 272 5290 alium
291 5235 453 5302 prophetam
473 5232 558 5294 dieat,
580 5245 646 5282 cum
670 5230 744 5282 idem
767 5227 858 5281 David
873 5226 901 5279 id
952 5226 1055 5278 Latino.
1068 5223 1174 5275 Tamen
1189 5221 1268 5273 locus
1281 5220 1372 5271 adhuc
1392 5219 1538 5272 obscurus.
1553 5218 1623 5281 Qum
1639 5233 1705 5272 vero
1725 5234 1770 5273 ae-

78 5309 281 5381 pronuntlarit.
297 5309 408 5358 Panae.
952 5300 1077 5362 quantur
1091 5292 1268 5358 intelligenda
1278 5296 1343 5343 suut
1358 5293 1428 5342 sicut
1443 5304 1533 5354 snpra.
1553 5290 1664 5343 Pausa.

110 5385 163 5450 (aa)
186 5381 221 5434 Et
243 5377 416 5444 coniuravit
435 5374 551 5428 subdole.
571 5374 642 5427 Cum
669 5375 710 5426 sic
735 5375 810 5440 leget
835 5372 902 5424 alibi
984 5367 1033 5432 tsi>
1048 5367 1099 5418 Per
1113 5364 1286 5416 Salomonem.
1301 5363 1335 5414 nt
1352 5362 1398 5413 hic
1413 5365 1440 5411 et
1458 5366 1539 5412 antea
1563 5362 1678 5415 ascribit
1691 5365 1770 5416 Salo·

77 5457 256 5522 Cyprianus,
276 5451 331 5503 hoc
355 5450 429 5501 melo
453 5461 519 5501 cum
541 5447 630 5498 tribus
653 5459 719 5498 mss.
739 5451 766 5498 et
788 5445 902 5498 excusis
952 5440 1029 5490 moni
1043 5450 1154 5502 quoque
1167 5435 1315 5500 Sapientiae
1330 5434 1442 5484 librum.
1457 5432 1566 5484 Panna.

75 5526 216 5592 vulgatis,
229 5535 312 5590 quam
328 5525 356 5572 iu
367 5519 427 5574 dato
440 5533 505 5572 cum
518 5517 679 5582 cambron,
691 5516 739 5570 aut
754 5515 824 5580 dolo,
838 5527 902 5568 cnm
984 5510 1078 5576 (331111
1092 5507 1212 5574 Epistola
1223 5507 1336 5557 ioannis
1350 5505 1476 5569 discipuli
1489 5507 1540 5557 arri.
1557 5505 1702 5572 Nusquam
1717 5507 1771 5558 tale

76 5596 221 5654 uanuuo.
235 5595 345 5644 Pana,
953 5582 1022 5648 quid
1043 5581 1149 5632 habent
1176 5579 1293 5630 ioannis
1316 5577 1449 5643 Epistolae
1477 5577 1630 5631 catholicae.
1656 5577 1774 5629 Videtur

110 5669 165 5734 1301
180 5665 345 5718 Hismauiem
358 5664 431 5717 dicit.
450 5662 532 5728 Quod
550 5662 690 5729 adjecerat
708 5661 852 5722 Erasmus,
871 5663 904 5710 ut
953 5658 1048 5720 itaque
1062 5650 1251 5718 reponendum
1264 5649 1372 5712 iacobi,
1388 5653 1418 5701 ut
1433 5648 1541 5701 alludat
1561 5650 1595 5701 ad
1612 5648 1703 5700 illud:
1725 5649 1771 5698 iiic

75 5753 186 5796 sensus
198 5743 346 5800 constaret,
355 5736 389 5787 ds
404 5749 459 5802 que
472 5735 574 5787 dicitur
586 5737 613 5786 in
627 5733 793 5800 Apocalypsi
809 5748 814 5782 :
835 5729 902 5782 Vidi.
954 5724 1215 5790 comparabituruiro
1229 5721 1605 5774 considerautiouttumraam
1616 5721 1644 5770 ia
1653 5719 1772 5785 specula.

74 5815 160 5869 Nulli
176 5811 282 5863 liabent
296 5821 379 5870 mss.;
397 5805 445 5860 scd
459 5807 543 5874 prius,
558 5819 623 5860 cum
637 5805 693 5857 illis
709 5806 806 5872 legunt
822 5807 904 5856 rste·
954 5799 1016 5864 Quo
1033 5797 1121 5862 magis
1134 5795 1220 5849 miror
1235 5793 1311 5864 qnod
1322 5793 1395 5864 legat
1407 5791 1632 5857 Cambronensis,
1646 5789 1682 5841 ad
1695 5789 1768 5839 Pau·

76 5901 125 5944 res
142 5883 243 5940 excusi
254 5881 333 5936 codd.
349 5881 460 5934 Pausa.
955 5869 1017 5925 tum.
1032 5869 1141 5923 Panno.
