3978 6204
216 267 268 325 trs
370 298 372 310 ›
687 272 714 328 S.
735 272 891 330 Cl'Pilthl
909 273 1048 330 OPERUM
1068 275 1188 330 PARSl.
1210 305 1241 316 -
1257 276 1440 334 OPUSCULA.
1835 283 1880 339 tat
1966 323 1967 328 η

220 399 250 448 ta
266 393 302 465 (ἳ)
318 395 369 464 cst,
385 397 424 462 et,
441 394 517 465 quod
531 393 645 451 difficile
662 395 916 468 nuperincredulis
927 413 959 452 ac
973 415 1032 468 per·
1045 417 1072 488 Α
1085 415 1141 471 que
1161 399 1314 470 velamine,
1329 416 1386 472 quo
1407 401 1463 457 illic
1485 400 1655 456 relabantur
1675 403 1881 461 sacrificantium

220 487 285 542 lidie
297 486 471 558 impossibile
487 488 644 558 videbatur,
656 496 804 562 opeatque
816 491 926 546 irltionc
939 489 1034 546 divina
1086 493 1177 566 capita
1207 493 1325 565 captiva,
1359 499 1445 566 ceput
1473 501 1598 551 vestrum
1631 495 1748 552 liberum
1777 499 1880 554 mansit.
1966 537 1967 544 .

220 580 355 635 securitas
375 585 471 636 nostra
494 588 625 652 reparata
646 585 698 637 est.
721 586 751 638 ln
772 584 901 638 laetitiam
924 588 1035 640 mentes
1086 589 1174 644 Frons
1196 605 1261 643 cum
1284 589 1366 660 signo
1382 589 1432 644 llei
1448 605 1530 660 pura,
1545 589 1651 645 diaboli
1665 607 1797 646 coronam
1817 593 1884 650 lerre

222 674 352 738 redeunt,
382 679 419 742 et,
446 678 616 746 tempestate
644 693 785 748 pressura
811 693 842 731 ac
864 677 939 732 nube
964 679 970 711 ¹
997 677 1034 748 (3)
1087 699 1144 736 non
1177 683 1284 754 potuit,
1318 699 1428 738 corones
1460 699 1489 739 se
1520 683 1634 739 Domini
1666 687 1813 740 reservavit
1842 689 1883 758 (7),

221 766 362 836 discussa,
396 769 587 839 tranquillitas
617 787 649 824 ac
682 770 821 824 serenitas
852 770 1034 826 refulserunt.
1086 777 1315 840 Quamvoslaete
1331 777 1419 832 sinu⁰
1439 794 1490 833 sno
1509 778 1649 850 excipit¹⁰
1670 783 1760 834 mater
1776 779 1885 835 Ecclesia

221 861 328 915 Dandae
350 861 449 916 laudes
473 862 541 932 ileo,
566 868 593 918 et
617 862 754 919 beneticie
776 864 838 934 ejus
862 879 894 918 ac
916 879 1037 919 munere
1087 871 1122 926 de
1138 871 1235 942 praelio
1248 873 1422 928 revertentes
1436 871 1442 926 l
1458 888 1545 944 quam
1562 872 1654 940 beata,
1669 887 1751 944 quam
1771 873 1886 944 gaudens

221 969 285 1008 cum
301 955 459 1026 gratiarum
474 956 586 1011 actione
608 956 788 1028 celellranda,
804 957 933 1029 quamvis
952 973 1036 1029 agere
1087 968 1182 1038 portas
1197 981 1260 1020 suas
1281 965 1381 1038 aperit,
1396 971 1429 1021 ut
1446 965 1576 1020 adunatis
1596 965 1757 1036 agminibus
1775 967 1885 1035 intretis,

222 1050 320 1102 nostra
334 1049 412 1102 vux’
428 1065 481 1103 nee
497 1050 526 1103 in
548 1051 742 1120 persecutione
762 1051 919 1106 cessaverit.
941 1053 1037 1122 Neque
1088 1060 1123 1116 de
1143 1059 1225 1114 hoste
1239 1063 1380 1130 prostrato
1394 1059 1521 1131 trophaea
1534 1059 1707 1115 referentes!
1722 1059 1790 1115 eum
1800 1061 1888 1116 mum.

222 1139 299 1194 enim
316 1142 426 1196 lanium
441 1142 555 1196 inimico
578 1141 674 1216 466
699 1143 785 1198 licere
809 1146 904 1215 potest
918 1148 949 1198 ul
967 1160 1036 1209 11⁰⁰,
1088 1153 1242 1224 phantibes
1255 1152 1321 1208 viris
1337 1158 1365 1208 et
1377 1152 1630 1223 leminaevcniunt,
1646 1167 1786 1225 quaecum
1797 1156 1888 1212 saeculo

224 1233 274 1305 qui
287 1235 439 1290 Dominum
456 1231 513 1290 toto
528 1237 612 1291 corde
627 1243 654 1292 et
669 1237 766 1291 aalma
780 1242 808 1296 et
821 1237 925 1292 virtute
941 1236 1035 1308 diligi·
1089 1247 1257 1302 dimicantes
1271 1248 1305 1316 ¹¹,
1318 1263 1419 1302 sexum
1435 1263 1548 1319 quoque
1568 1247 1697 1303 vicerunt
1719 1248 1765 1319 (8).
1781 1248 1891 1305 veniunt

224 1343 287 1382 mus
301 1329 322 1395 ³,
337 1328 550 1384 benedictiones
564 1330 625 1400 ejus
637 1333 666 1384 et
686 1329 784 1384 laudes
798 1346 914 1404 semper
926 1337 954 1387 et
975 1330 1037 1386 ubi·
1089 1345 1117 1396 et
1141 1341 1289 1412 geminata
1310 1340 1420 1396 militia
1443 1357 1500 1396 sum
1516 1341 1605 1417 gloria
1628 1341 1761 1412 virgines,
1774 1346 1802 1396 et
1820 1343 1891 1413 pueri

224 1437 279 1491 quc
294 1437 357 1476 cum
375 1421 469 1492 gloria
492 1422 693 1494 praedicemus·
710 1424 862 1495 Εῑορῑᾶῑῡῦ
885 1424 957 1480 votis
975 1441 1037 1480 0¹1¹·
1089 1450 1180 1490 annas
1204 1451 1269 1490 suus
1291 1434 1442 1489 virtutibus
1465 1435 1500 1504 (6)
1525 1441 1714 1490 transeuntes.
1738 1435 1846 1491 Necnon
1867 1439 1892 1492 et

224 1515 305 1568 nium
321 1515 357 1585 (i)
369 1514 429 1569 dies
437 1516 524 1582 venit,
540 1522 579 1583 et,
594 1519 656 1586 post
666 1517 760 1588 longae
770 1517 859 1572 noctis
871 1517 1039 1574 horribilem
1089 1535 1199 1584 eaeterffi
1213 1527 1349 1584 stantium
1363 1529 1417 1599 (10)
1432 1528 1585 1584 mulinum,
1601 1526 1695 1601 467
1710 1532 1826 1584 vespam
1842 1531 1892 1600 310.

221 1610 383 1678 tetram‘1¹¹3
400 1609 685 1680 ffilisslssflmiffifflissi
700 1611 762 1665 luce
777 1611 902 1668 radiatus
913 1613 1039 1668 mundus
1090 1623 1163 1678 riam
1180 1623 1319 1694 sequitur,
1341 1623 1475 1694 proximis
1490 1626 1519 1677 et
1537 1639 1611 1694 pene
1634 1623 1793 1694 conjunctis
1811 1623 1891 1678 laudis

223 1701 313 1755 eluxit
326 1703 348 1755 ⁴·
1091 1717 1252 1788 insignibus
1272 1717 1394 1788 vestigia
1407 1721 1500 1772 vestra
1521 1716 1682 1772 comitatur.
1700 1718 1802 1774 Eadem
1822 1721 1848 1772 et
1865 1719 1890 1773 iu

261 1796 293 1848 Η·
313 1795 507 1863 0⁰¹¹fe⁵⁵⁰¹t³⁸2
524 1799 670 1868 llffflfflflit’
692 1798 762 1854 b⁰¹li
783 1799 931 1854 ¹¹⁰¹¹¹i¹¹i⁵³
950 1801 1145 1888 claresssjpi,
1164 1810 1311 1865 sinceritas
1331 1811 1433 1877 cordis,
1449 1812 1548 1866 eadem
1569 1809 1635 1866 fidei
1659 1812 1766 1866 tenacis
1785 1812 1889 1882 integri-

225 1893 253 1941 et
273 1888 385 1943 virtutis
399 1906 430 1943 ac
446 1890 511 1944 fidel
525 1891 656 1946 laudibus
669 1892 1040 1966 gloriosos,leetisconspec-
1090 1911 1141 1959 aas,
1161 1905 1335 1959 Inconcussis
1357 1909 1565 1976 praeceptorum
1587 1903 1743 1960 coelestium
1765 1905 1891 1959 radicibus

224 1981 300 2036 libus
322 1981 477 2051 inibimus,
504 1985 608 2039 sanctii
630 1985 732 2040 ⁰³⁰¹¹ll⁵
752 1985 940 2052 adhaetessleb
965 1987 1038 2042 dvii·
1090 2000 1171 2054 nixos
1196 2001 1225 2052 et
1249 1997 1423 2070 evangelicis
1444 1997 1644 2054 traditionibus
1666 1998 1819 2065 roboratos,
1842 2015 1890 2052 nau

225 2074 338 2130 demtos
365 2077 412 2131 diu
442 2077 605 2148 inexplebili
635 2079 789 2150 cupiditate
814 2081 1038 2153 complectimur.
1090 2081 1254 2164 praescripta
1270 2091 1378 2158 exsilia,
1393 2108 1451 2146 non
1465 2091 1603 2146 destinata
1619 2095 1773 2158 tormenta,
1790 2109 1843 2146 non
1857 2092 1892 2146 rei

225 2168 312 2224 Adest
344 2169 470 2226 militum
504 2172 605 2227 Christi
639 2174 741 2228 cohors
772 2173 891 2228 candida
918 2174 964 2244 (5),
992 2174 1040 2246 qui
1090 2185 1240 2241 familiaris
1273 2185 1376 2240 damna
1407 2185 1482 2256 (Η),
1519 2201 1576 2241 non
1610 2186 1738 2258 corporis
1768 2185 1892 2256 supplicia

226 2263 432 2332 persecutionis
447 2265 575 2336 urgentis
588 2265 723 2322 ferociam
739 2265 936 2323 turbulentam
947 2267 1040 2323 stabili
1091 2285 1265 2335 terruerunt,
1288 2279 1478 2350 Explorandae
1504 2257 1560 2352 (η)
1580 2277 1647 2334 fidei
1671 2279 1893 2351 praefiniebantur

223 2358 425 2428 ⁰⁰⁰8s⁶⁵³i⁰¹¹⁰
439 2359 597 2430 fiflssssfffllb
612 2360 704 2431 parali
721 2361 755 2416 fid
770 2360 936 2431 patientiam
948 2378 1041 2416 curce·
1092 2374 1160 2428 dies.
1175 2373 1229 2429 Sed
1241 2374 1288 2445 qui
1301 2373 1403 2428 saecula
1413 2374 1592 2428 renuntiasse
1600 2390 1628 2428 se
1639 2373 1781 2441 meminit,
1793 2372 1892 2427 nullum

224 2450 274 2518 fib
301 2452 402 2505 firmali
425 2451 460 2506 ἃᾶ
480 2453 661 2507 ῒῦῐθΐθῦῑῑθῐΰ
687 2454 797 2510 ¹¹¹01'ffiS·
821 2454 1040 2526 R⁰P¹¹8¹1³⁵¹is⁶
1091 2467 1186 2523 saculi
1202 2468 1279 2522 diem
1293 2467 1388 2534 novit3
1401 2483 1452 2522 nec
1475 2473 1606 2538 tempora
1626 2470 1740 2522 terrena
1750 2467 1808 2539 jam
1822 2481 1891 2521 com·

224 2543 338 2598 fortiter
358 2545 471 2612 seculo,
487 2546 682 2617 spectaculum
703 2547 858 2620 gloriosum
879 2548 1041 2619 prebuistis
1091 2565 1174 2634 putat
1187 2561 1238 2632 qui
1252 2561 1440 2616 aeternitatem
1455 2561 1490 2615 de
1506 2561 1562 2617 [teo
1577 2565 1680 2632 sperat.

226 2636 283 2691 lieo
297 2639 319 2706 ⁷,
334 2639 472 2694 secuturis
486 2640 619 2694 fratribus
639 2641 732 2695 fuistis
745 2641 885 2713 exemplo.
902 2641 1041 2714 Religiosa

225 2731 775 2805 vorChristum⁸locutaest,inquemse
786 2733 875 2790 semel
886 2734 1040 2790 credidisse
1128 2731 1172 2786 lll.
1202 2729 1290 2783 Nemo
1319 2728 1352 2794 ¹²,
1382 2727 1486 2783 sibiles
1510 2728 1697 2795 dilsscbissslfflb
1722 2745 1805 2783 nemi)
1828 2729 1893 2781 ¹1³⁰ss

225 2824 354 2879 consessa
367 2830 419 2881 est.
434 2827 558 2882 illustres
571 2844 684 2895 manus,
704 2843 767 2900 qnae
787 2845 843 2884 non
865 2829 917 2884 nisi
940 2828 1041 2884 divinis
1092 2824 1210 2896 gloriam
1226 2821 1347 2882 mutilet,
1363 2837 1448 2876 nemo
1465 2822 1657 2892 incorruptam
1673 2819 1893 2878 stantiumtirmi·

225 2918 358 2988 operibus
391 2926 598 2989 castraverant,
637 2921 781 2976 suctilleiis
818 2923 965 2994 sacrilegis
1006 2923 1040 2993 (6)
1092 2921 1177 2972 tatem
1197 2911 1335 2987 'nraligna
1360 2915 1563 2970 obtrectatione
1589 2914 1730 2970 debilitet.
1752 2915 1820 2969 Cum
1842 2914 1893 2967 dics

224 3011 399 3066 restiterunt.
422 3014 599 3069 Serretilieata
621 3031 672 3070 ora
697 3015 859 3071 coeluslibus
883 3016 961 3084 cibis,
980 3021 1042 3087 post
1093 3007 1893 3082 tregarrtibus¹³prmstittrtusexeessit,quisquisprolessus

225 3120 326 3174 corpus
339 3108 366 3159 et
387 3108 557 3178 sanguinem
578 3108 700 3176 Domini,
722 3110 843 3180 prolana
862 3110 995 3180 contagia
1014 3113 1041 3163 ot
1092 3106 1165 3159 intra
1180 3103 1255 3157 diem
1271 3119 1329 3158 non
1351 3106 1403 3169 est,
1417 3102 1608 3160 Christianum
1627 3119 1657 3156 se
1679 3117 1741 3156 esse
1762 3102 1893 3156 conlassus

223 3196 366 3253 idolorum
381 3201 514 3272 reliquias
529 3207 708 3271 respuerunt,
726 3202 767 3257 Ab
782 3203 869 3274 impio
890 3204 1037 3257 scelerato·
1052 3189 1135 3260 Cast
1152 3200 1184 3253 ¹⁵.
1199 3197 1311 3252 Primus
1326 3199 1368 3250 est
1380 3195 1504 3250 victoriae
1519 3195 1626 3262 titulus,
1642 3195 1793 3266 gentilium
1813 3195 1892 3248 inani-

912 3384 1016 3448 Variae
1046 3383 1215 3446 lectiones.
1306 3395 1310 3406 ·

256 3542 350 3593 'Nube
365 3541 490 3594 discussa
511 3550 538 3595 et
557 3547 676 3608 ealigine
695 3547 812 3598 discissa
829 3548 875 3598 nr.
898 3547 950 3598 NG.
976 3551 997 3598 l.
1019 3546 1080 3596 llod.
1098 3549 1121 3593 i.
1146 3551 1214 3599 lam.
1236 3544 1308 3594 litor.
1330 3545 1505 3607 Tempestate
1521 3557 1614 3608 pressa
1642 3545 1710 3593 Voce.
1729 3550 1752 3593 ³.
1774 3542 1848 3594 Nube
1871 3549 1894 3592 et

222 3612 341 3677 caligine
353 3612 430 3662 Oeen.
448 3615 541 3678 ltr'pott.
575 3619 584 3648 ¹
597 3616 693 3668 Nostra
708 3617 908 3668 conconvenit
922 3618 983 3666 liod.
997 3618 1021 3666 t.
1057 3619 1065 3649 ³
1079 3615 1134 3667 Nos
1147 3619 1195 3682 qui
1207 3620 1298 3670 Deum
1312 3619 1369 3666 tota
1393 3613 1477 3665 corde
1490 3616 1517 3665 et
1536 3615 1629 3664 animo
1644 3614 1796 3676 diligimus,
1814 3613 1893 3662 bene·

222 3681 358 3733 dictiones
374 3685 434 3746 ejus
454 3689 481 3735 et
504 3685 601 3738 laudes
620 3701 676 3738 non
695 3688 762 3736 Voss.
776 3689 798 3738 3.
841 3687 955 3737 titiant
971 3691 998 3737 et
1011 3687 1184 3738 confessores
1202 3687 1265 3739 aaa.
1282 3691 1305 3736 t.
1345 3684 1495 3734 'Numinis
1510 3684 1568 3734 Ben.
1588 3684 1715 3734 Luminis
1732 3685 1778 3764 Ar.
1795 3684 1856 3762 Voss.
1873 3681 1891 3726 i·

222 3751 292 3801 lam
312 3754 372 3802 flod.
390 3755 414 3805 3.
447 3754 667 3822 ⁶Repugnantes
681 3759 743 3809 liud.
769 3761 789 3821 l,
804 3760 827 3811 3.
866 3759 977 3810 ⁷Deum
997 3761 1136 3811 secuturis
1160 3761 1225 3810 Voce.
1245 3760 1266 3809 l.
1304 3753 1507 3806 *christiliam
1528 3753 1593 3816 nt.
1632 3752 1892 3804 turnacensium

227 3823 659 3887 Vosr.l,t,3.1.ntosinuocon.
675 3831 753 3895 lmpr.
790 3830 1097 3896 attemperabat,
1120 3832 1188 3881 lom.
1225 3825 1445 3880 ¹¹Cumsaseato
1465 3836 1565 3874 sexum
1581 3835 1695 3888 quoque
1714 3821 1776 3904 Bod-
1804 3819 1891 3880 bb&

224 3895 292 3944 tatii.
310 3895 383 3946 libor.
404 3898 470 3947 Voce.
486 3899 509 3960 l,
525 3899 550 3949 3.
564 3899 625 3949 Thu.
639 3899 712 3950 Corb.
734 3903 791 3952 Vel.
805 3902 828 3952 2.
844 3903 898 3952 tait.
934 3905 952 3935 ¹¹
963 3903 1061 3966 Nema,
1080 3902 1188 3964 iratres,
1204 3914 1287 3952 nemo
1311 3900 1377 3948 Voss.
1395 3899 1418 3948 l.
1440 3897 1510 3946 Lam.
1526 3895 1581 3945 litt.
1617 3897 1636 3927 ¹¹
1648 3894 1813 3959 negantium
1836 3890 1892 3938 Voti·

227 3967 249 4028 l,
262 3967 285 4017 3.
323 3970 341 4000 ¹⁴
351 3967 386 4020 Se
398 3981 454 4018 non
469 3971 511 4021 est
525 3970 689 4022 conlassus‘t
701 3973 771 4022 Leni.

874 4109 986 4192 Steph.
1015 4110 1139 4175 Baluzii
1160 4115 1257 4174 note.

259 4269 293 4332 (2)
313 4271 370 4319 l’ac
389 4269 509 4322 Ecclesiae
532 4269 647 4320 reddita.
670 4271 734 4322 Post
762 4272 871 4324 obitum
895 4274 990 4336 Decii,
1014 4278 1045 4325 ut
1094 4275 1168 4337 regio
1182 4275 1210 4324 et
1225 4270 1464 4335 inldoyssiacensi
1480 4268 1591 4332 legitur,
1607 4284 1622 4316 c
1636 4267 1893 4348 annossuosflcontr-

226 4340 347 4390 ostendit
358 4341 522 4392 Pearsonius
534 4342 562 4390 in
574 4342 729 4393 Annalibus
746 4341 927 4407 Cyprianicis.
1093 4345 1195 4395 irentiae
1218 4342 1376 4393 virtutibus.
1398 4357 1413 4389 a
1439 4339 1511 4391 Cum
1538 4343 1630 4390 antem
1654 4353 1708 4388 vox
1739 4339 1893 4390 Continentia

258 4411 294 4472 (3)
316 4410 397 4461 Nube.
423 4411 559 4476 Rigaltius
579 4411 685 4463 addidit
708 4419 731 4464 et
753 4415 872 4479 culiqine.
893 4413 947 4466 Sed
971 4415 1044 4467 hanc
1093 4417 1165 4467 desit
1187 4417 1215 4464 in
1238 4418 1293 4465 tam
1318 4413 1414 4464 multis
1439 4412 1562 4476 antiquie
1585 4410 1738 4472 codicibus,
1760 4425 1820 4492 cum
1845 4421 1891 4458 tion

226 4480 408 4545 additionem,
423 4496 486 4547 quae
498 4483 573 4534 haud
590 4485 676 4534 dubie
691 4489 733 4536 est
750 4499 783 4536 ex
798 4487 973 4551 glossemate,
986 4502 1041 4538 non
1093 4487 1239 4538 conveniat
1254 4485 1319 4536 huic
1330 4485 1400 4546 lacu,
1419 4487 1450 4534 ut
1462 4483 1500 4534 ait
1514 4483 1646 4543 Latinius,
1662 4482 1743 4532 nobis
1756 4495 1840 4561 visum
1859 4481 1892 4528 est

225 4557 380 4616 agnoscunt
400 4556 461 4605 allae
484 4556 620 4607 editiones
637 4569 689 4608 neo
708 4557 771 4608 libri
787 4561 902 4609 veteres.
925 4559 1041 4624 Reperio
1051 4547 1081 4619 D
1093 4559 1167 4608 illam
1183 4571 1244 4609 esse
1260 4557 1416 4608 delendam.
1433 4554 1506 4607 Sane
1518 4554 1655 4604 l‘arrrelius
1669 4553 1744 4603 illam
1760 4553 1852 4617 adjecit
1864 4561 1892 4628 er

225 4631 268 4676 est
291 4626 319 4675 in
339 4625 450 4676 duobus
472 4631 589 4688 tanturn,
608 4629 635 4677 in
661 4642 718 4678 uno
742 4629 871 4680 nimirum
897 4632 981 4695 regio,
1007 4645 1040 4681 ex
1091 4629 1211 4680 editione
1239 4641 1303 4694 quae
1322 4627 1425 4678 dicitur
1444 4626 1537 4679 Gravii
1560 4631 1588 4676 et
1613 4638 1647 4676 ex
1675 4624 1793 4690 quodam
1820 4626 1892 4704 vetari

225 4710 281 4762 quo
294 4703 361 4762 puto
376 4698 524 4762 Rigaltium
540 4700 689 4764 accepisse,
705 4704 732 4752 et
744 4701 773 4750 ln
787 4701 993 4766 moyssiacensi.
1090 4701 1170 4750 libro.
1189 4700 1293 4751 Verum
1308 4699 1380 4750 idem
1396 4699 1521 4749 Latinius
1531 4697 1696 4761 jampridem
1716 4695 1892 4762 pronuntiant

258 4771 292 4832 (t)
312 4771 381 4822 Votis
395 4771 521 4821 omniunt.
537 4769 634 4822 Codex
647 4771 795 4835 Fuxeusis,
809 4773 913 4824 nocitus
932 4779 957 4822 et
978 4773 1042 4825 cotis
1091 4785 1153 4823 eam
1168 4771 1360 4822 auctoritatem
1373 4769 1442 4820 tanti
1456 4783 1512 4818 non
1531 4781 1591 4820 esse
1608 4773 1640 4819 ut
1658 4768 1821 4834 persuadere
1838 4777 1892 4830 pos-

224 4840 353 4892 omnibus.
1091 4845 1127 4894 sit
1143 4855 1241 4894 vocem
1255 4842 1327 4898 hanc
1341 4854 1400 4893 esse
1413 4839 1594 4892 retinendam.
1862 4907 1867 4918 .

258 4913 290 4975 (5)
305 4912 402 4965 Cohors
413 4913 539 4963 candido.
555 4914 745 4965 Tertullianus
759 4916 787 4965 in
808 4915 879 4967 libro
896 4929 905 4966 1
924 4917 958 4967 ad
972 4931 1040 4968 nno·
1123 4914 1174 4978 (ta)
1196 4913 1336 4964 stantium.
1363 4913 1478 4963 Veteres
1505 4911 1651 4973 editiones,
1683 4909 1892 4993 codexnsegute·

225 4997 280 5034 rem
294 5000 303 5032 .·
318 4985 413 5035 «Tota
427 4985 473 5035 illa
489 4985 614 5035 Ecclesia
628 4984 747 5036 candida
762 4985 796 5036 de
808 4987 955 5038 sanctitate
974 5002 1041 5039 con·
1092 4985 1195 5046 nanus,
1220 4982 1503 5046 Gratianopolitanus,
1526 4983 1664 5034 recentior
1680 4983 1848 5062 *Victorinus
1869 4981 1891 5028 et

226 5053 395 5104 scribitur.»
415 5055 467 5107 Ubi
487 5055 551 5106 vide
569 5055 730 5119 Rigaltlum.
752 5057 829 5109 Idem
850 5059 1042 5110 Tertullianus
1094 5069 1166 5105 uuus
1194 5054 1345 5105 Vaticanus
1374 5053 1478 5104 habent
1505 5053 1739 5104 circumstantium.
1765 5051 1816 5103 Sed
1840 5049 1892 5099 haec

227 5125 255 5174 in
273 5123 343 5176 libro
358 5124 390 5175 de
411 5125 539 5178 Gerena:
555 5127 665 5177 «Etde
685 5131 808 5192 martyrii
826 5143 928 5180 corona
947 5131 1042 5182 laurea
1092 5127 1175 5176 lectio
1202 5125 1276 5176 bona
1300 5139 1356 5175 non
1385 5128 1436 5186 est,
1467 5123 1654 5175 Lamonianus
1686 5123 1769 5176 habet
1796 5121 1891 5172 odetun-

226 5194 327 5244 melius
347 5197 529 5248 coronandus.
549 5213 564 5245 a
583 5195 653 5247 Vide
677 5203 758 5250 notas
774 5201 889 5251 Joannts
909 5202 1041 5252 Ludovicl
1093 5198 1167 5247 tium.

225 5265 260 5316 de
274 5266 299 5314 la
313 5265 401 5316 Cerda
419 5281 478 5332 pag.
499 5269 554 5318 ata.
570 5269 612 5319 De
629 5281 719 5318 massa
739 5270 857 5320 eandida
877 5271 941 5322 vide
957 5273 1042 5322 Baro·
1124 5271 1176 5332 (Η)
1194 5267 1307 5317 Damna.
1321 5267 1389 5317 llaec
1403 5281 1457 5318 vax
1472 5266 1550 5318 deest
1563 5267 1591 5316 in
1606 5267 1727 5332 antiquis
1739 5265 1892 5318 editionibus

226 5339 305 5387 nium
321 5351 363 5386 an.
378 5337 422 5388 aar
434 5343 460 5388 et
471 5339 527 5390 363.
1093 5344 1120 5391 et
1133 5343 1159 5388 in
1171 5339 1301 5390 tredecim
1314 5339 1392 5389 libris
1414 5339 1553 5389 veteribus
1571 5339 1703 5390 Erasmus
1723 5338 1826 5402 adjacit.
1840 5337 1890 5414 Non

258 5409 289 5468 (6)
305 5408 450 5471 Sacrificiie
462 5409 607 5474 eucritepr's.
620 5409 732 5474 Septem
745 5411 808 5461 libri
823 5416 929 5464 veteres
939 5413 1043 5463 habent
1093 5413 1284 5474 reperientem
1297 5411 1373 5460 illam
1386 5411 1440 5461 nisi
1453 5412 1480 5461 in
1493 5412 1617 5476 quinque
1629 5411 1780 5462 codicibus.
1791 5409 1891 5459 lleliunr

225 5477 362 5543 sacrificiis
379 5493 411 5528 oc
425 5479 568 5546 sacrilepis.
1093 5485 1195 5542 tamen,
1208 5482 1273 5545 qnia
1286 5480 1397 5533 videtur
1409 5483 1576 5533 necessaria.

258 5549 292 5610 (7)
305 5550 463 5600 asservavit.
478 5551 541 5601 Duo
558 5551 621 5602 libri
634 5555 741 5602 veteres
755 5554 926 5617 mancipavit.
1122 5553 1172 5616 (lt)
1187 5551 1374 5617 reparanda.
1391 5553 1471 5604 Hanc
1487 5553 1636 5605 lectionem
1653 5553 1783 5605 exhibent
1799 5547 1890 5628 sexde-

258 5621 292 5682 ttl)
303 5621 400 5671 Senum
413 5622 542 5672 uicerunt.
557 5622 655 5686 Supra,
672 5621 750 5686 epist.
766 5625 805 5686 st,
820 5635 913 5675 «sexu
926 5637 976 5674 suo
991 5623 1044 5674 lor·
1094 5625 1148 5676 cim
1160 5628 1254 5674 vetera
1270 5623 1447 5688 exemplaria.
1463 5623 1558 5676 Codex
1576 5623 1719 5676 tiernensis
1734 5622 1817 5674 sancti
1835 5620 1890 5698 D.¹⁰'

227 5691 320 5741 tiores.
332 5709 346 5738 a
364 5691 415 5744 Ubi
427 5692 491 5744 vide
507 5699 594 5744 notas.
1092 5695 1167 5758 ¹nysii
1190 5693 1273 5745 habet
1296 5709 1301 5742 :
1322 5695 1513 5759 Eapupnonda
1535 5695 1597 5758 idei
1617 5693 1812 5760 praefipebontur
1832 5689 1888 5740 dret-

258 5765 293 5824 (6)
310 5765 469 5814 laureacum
486 5763 633 5814 uirtutibus.
650 5763 690 5814 lta
710 5769 818 5817 veteres
838 5766 983 5826 editiones,
1002 5767 1042 5814 vi·
1094 5765 1303 5830 burgundione,
1331 5765 1590 5832 praenuntiabantur.
1619 5767 1730 5819 Veteres
1758 5761 1890 5818 editiones,

228 5836 296 5898 giuti
310 5840 335 5886 et
350 5839 405 5888 tres
420 5835 483 5887 libri
495 5836 589 5899 nostri,
605 5839 630 5887 et
644 5841 765 5903 quatuor
778 5837 975 5902 anglicanam
988 5851 1043 5890 uno
1093 5835 1313 5904 perimebantur.
