4076 6190
119 285 142 340 u
767 277 843 334 viru
862 277 890 333 s,
910 277 1076 334 crunnus.
1739 283 1772 339 82

113 411 226 462 conatum
241 417 307 458 esse.
324 399 486 473 Prophetiae
502 398 578 454 douo
598 402 731 455 ornatum
746 400 831 456 fuisse
846 400 899 472 Cy·
912 413 940 486 Α
952 401 1055 456 sanitas
1070 401 1105 456 ab
1121 399 1183 472 ipsa
1204 400 1391 458 redundantia
1409 402 1592 468 revocaverit,
1608 406 1636 458 et
1656 401 1692 458 ad
1709 405 1770 460 elo·

113 498 223 573 priunum
244 495 330 552 multa
349 496 384 549 ab
399 510 434 549 eo
450 493 486 548 ad
507 493 636 548 Ecclesiae
656 493 809 550 utilitatem
828 511 899 566 pre·
952 495 1097 566 quantiam
1116 494 1276 565 graviorem
1296 495 1558 568 modestioremque
1577 497 1769 568 restrinxerit,

111 593 207 664 cognita
220 593 247 644 et
256 588 390 661 praedicta
399 591 549 642 testantur.
561 587 616 644 Sed
628 605 683 643 unu
694 587 796 644 desunt
808 589 900 659 quiex
951 588 1042 661 qualis
1052 587 1082 642 in
1095 588 1155 658 ejus
1165 588 1401 660 consequentibus
1415 589 1516 644 litteris
1527 605 1626 644 secure
1638 595 1765 658 amatur,

111 685 213 758 Epislolu
225 685 261 738 od
270 686 415 749 Donatum,
429 697 516 754 quam
527 697 650 736 recensa
664 681 804 752 baptismo
817 683 902 752 scrip·
951 684 1081 754 religiose
1104 685 1257 756 appetitur,
1281 683 1453 740 difficillime
1478 685 1623 756 impletur.
1648 707 1662 736 »
1688 687 1768 742 Hunc

110 781 144 846 sit,
156 781 209 850 jam
229 785 289 831 tum
302 776 382 832 sslum
400 775 485 846 hujus
503 774 571 830 doni
593 777 622 829 et
640 774 763 846 plurium
778 775 899 830 aliorum
950 777 1055 834 librum
1067 778 1183 832 Pontius
1198 777 1273 832 inter
1285 793 1374 851 opera
1384 777 1516 850 Cypriani
1531 779 1655 850 primum
1670 795 1770 836 receu-

109 871 255 946 participem
267 870 353 925 luisse
367 868 509 940 colligant.
526 868 569 922 Sic
586 867 662 922 euim
676 868 752 923 dona
766 868 815 924 illa
828 885 901 924 com·
950 877 1002 938 set,
1014 871 1083 925 dum
1096 871 1137 924 ait
1150 871 1325 942 Cyprianum
1337 891 1350 920 a
1363 870 1590 927 emolumentum
1604 873 1704 942 gratie
1718 890 1770 945 per

110 969 238 1032 memorat,
252 963 293 1017 sic
309 963 379 1018 alios
399 963 528 1018 hortatur
546 961 581 1016 ad
596 977 629 1016 ea
643 961 852 1034 consequenda,
868 968 900 1016 ut
949 964 1033 1020 iidem
1046 963 1216 1035 proficientis
1227 985 1240 1016 a
1252 964 1417 1020 ostendisse.
1431 964 1564 1028 Quamvis
1577 970 1674 1020 aulem
1687 966 1762 1022 solus

108 1061 153 1130 ipsc
166 1059 215 1112 illis
228 1056 348 1112 caruisse
365 1071 423 1110 non
439 1055 591 1110 videatur:
611 1075 626 1106 a
639 1055 774 1110 Nostrum
788 1059 900 1112 tautum
948 1059 1081 1130 loquatur
1107 1058 1277 1130 Cyprianus,
1304 1057 1476 1129 perspicitur
1507 1062 1604 1114 tamen
1631 1059 1765 1130 quedam

108 1152 168 1206 sitiat
182 1155 286 1222 pectus,
301 1149 406 1221 iuquit,
420 1153 449 1205 et
463 1151 560 1220 pateat
575 1165 581 1204 :
597 1155 738 1220 quantum
753 1147 818 1205 illuc
833 1149 899 1206 tidei
950 1153 1042 1208 torma
1063 1150 1181 1222 dialogi.
1205 1151 1380 1208 Promissum
1405 1165 1579 1220 sermonem,
1603 1158 1767 1224 reposcente

107 1245 196 1316 capacis
212 1243 364 1312 afferimus,
380 1245 490 1297 tautum
505 1242 605 1313 gratias
624 1243 787 1299 inundantis
800 1243 897 1298 hauri·
949 1247 1071 1314 Donato,
1082 1245 1248 1316 exsequitur
1259 1245 1417 1316 Cyprianus
1431 1245 1598 1316 indulgente
1612 1245 1765 1312 vindemia,

108 1353 165 1392 nus.
176 1337 307 1407 indejem
320 1337 436 1393 facultas
446 1337 539 1403 datur,
551 1336 681 1392 castitate
692 1336 794 1405 sobria,
805 1343 899 1394 mente
948 1340 976 1395 in
990 1341 1074 1394 horto
1090 1339 1299 1405 amoenissim03
1315 1339 1433 1410 egregie
1449 1339 1583 1395 describit
1596 1339 1687 1410 qualis
1700 1342 1767 1396 ante

107 1431 207 1501 integra,
220 1446 285 1485 voce
300 1445 382 1500 pura,
399 1429 501 1484 virtute
513 1429 631 1496 sincera,
648 1430 679 1484 in
693 1429 831 1486 medelam
846 1430 897 1485 do·
947 1433 1122 1504 baptismum
1142 1431 1243 1488 fuisset
1263 1437 1293 1486 ot
1314 1431 1383 1503 quid
1404 1433 1434 1486 in
1456 1431 1517 1503 ipso
1541 1438 1673 1504 operatus
1695 1438 1768 1488 esset

107 1525 205 1578 lentium
221 1540 301 1595 posse
316 1538 494 1579 venenorum
513 1523 602 1578 virtus
623 1523 815 1594 exstinguere,
835 1523 896 1578 ani·
947 1525 1121 1596 baptismus3
1147 1529 1244 1597 atque,
1268 1529 1300 1580 ut
1321 1525 1454 1582 beneficii
1478 1541 1494 1578 a
1519 1525 1630 1582 Christo
1656 1525 1766 1596 accepti

106 1633 198 1672 norum
211 1617 412 1688 desipientium
422 1617 498 1672 lebes
508 1616 622 1672 reddita
632 1616 752 1672 sanitate
763 1632 896 1688 purgare,
947 1619 1179 1689 magnitudinem
1194 1617 1387 1687 commendet,
1402 1617 1498 1672 seculi
1511 1619 1580 1672 vitia
1594 1621 1623 1673 et
1637 1618 1765 1690 pericula

106 1711 196 1766 infestis
206 1711 306 1782 jubere
319 1727 430 1783 pacem,
444 1711 576 1766 violentis
588 1709 725 1781 quietam,
742 1709 899 1765 ferocienti·
947 1713 1091 1782 eleganter
1102 1711 1242 1783 depingit.
1254 1711 1352 1766 Finem
1362 1711 1474 1766 dicandi
1483 1711 1550 1766 iacit
1561 1711 1764 1783 iuchuatojam

105 1805 145 1858 bns
159 1805 306 1872 leuitatem,
323 1803 488 1859 immundos
508 1806 538 1858 et
552 1803 686 1858 erraticos
704 1803 831 1875 spiritus,
847 1780 1006 1876 quiBsole
1024 1821 1031 1859 :
1049 1810 1121 1872 turn,
1141 1809 1174 1858 ut
1193 1804 1334 1874 reliquum
1359 1803 1415 1858 diei
1435 1803 1466 1858 in
1487 1803 1585 1859 letitia
1599 1803 1764 1874 duceretur,

105 1915 126 1953 se
137 1898 321 1970 expugnandis
335 1897 498 1952 bominibus
512 1896 714 1963 immerserint,
730 1895 767 1952 ad
783 1896 895 1952 confes·
946 1900 1096 1966 Donatum,
1112 1897 1157 1952 cui
1178 1897 1317 1952 memoria
1337 1902 1423 1952 tenax
1444 1903 1507 1952 erat
1525 1903 1554 1952 et
1572 1913 1627 1953 vox
1647 1914 1763 1968 canora,

105 1993 191 2046 sionem
204 1992 288 2046 uirnis
301 1990 516 2062 increpantibus
529 2006 641 2062 cogere,
658 1995 713 2045 etc.
728 2010 742 2040 u
946 1992 1076 2046 hortatur
1086 1993 1118 2046 ut
1128 1991 1253 2046 Psalmos
1265 2006 1300 2045 ex
1311 2007 1389 2046 more
1401 1990 1589 2063 aggrediatur
1597 1991 1626 2046 in
1637 1991 1764 2046 convivio

105 2096 138 2150 ill.
154 2125 181 2134 -
194 2097 227 2149 lle
244 2095 346 2149 studiis
365 2099 390 2149 ct
409 2095 517 2164 scriptis
535 2095 563 2151 S.
583 2093 715 2163 Cypriani
729 2108 745 2146 a
760 2095 896 2164 baptismo
946 2084 1051 2141 sobrio.
1069 2085 1188 2140 Videtur
1206 2101 1275 2156 ergo
1298 2085 1423 2140 Donatus
1447 2101 1506 2140 uon
1525 2085 1636 2140 amicus
1658 2086 1763 2153 solum,

308 2191 393 2246 usqne
407 2175 445 2230 od
457 2175 669 2232 ordinationem.
945 2177 995 2232 sed
1015 2177 1103 2232 etiam
1126 2178 1270 2233 convictor
1290 2178 1429 2250 Cypriane
1450 2177 1547 2234 inisse.
1562 2178 1676 2234 Sciebat
1695 2178 1764 2250 quid

130 2275 179 2330 lton
199 2274 318 2329 dubium
345 2275 389 2328 est
409 2272 478 2344 quin
502 2272 578 2343 quod
597 2271 708 2326 eiiluxit
726 2272 897 2344 temporisa
945 2271 1086 2343 Cypriane
1113 2271 1282 2328 detraxisset
1302 2271 1428 2343 quidque
1452 2271 1478 2326 ei
1499 2271 1665 2328 contulisset
1688 2287 1764 2328 mors

104 2369 223 2438 baptismo
248 2368 284 2422 ad
312 2366 540 2433 Ordinationem,
569 2366 598 2421 id
627 2381 712 2420 omne
737 2365 896 2437 Cyprianus
945 2365 1109 2434 ariminum,
1137 2365 1194 2420 vita
1219 2366 1377 2436 virtutum3
1402 2381 1507 2420 nomen
1533 2381 1616 2420 suum
1643 2365 1764 2422 dederat

103 2461 266 2533 insumpserit
284 2461 316 2516 iu
332 2461 486 2531 scripturis
504 2459 644 2530 legendis,
664 2459 693 2514 in
713 2459 896 2530 scriptoribus
945 2459 1064 2513 celestis
1083 2457 1192 2514 militie
1210 2458 1319 2526 castris,
1339 2462 1378 2527 et,
1397 2473 1463 2514 curn
1480 2458 1552 2515 nihil
1568 2459 1630 2530 ejus
1643 2459 1760 2515 auribus

102 2555 276 2610 ecclesiasticis
289 2554 463 2623 evolvendis,
474 2554 565 2625 iisque
577 2553 710 2608 omuibus
724 2551 896 2608 meditandis
945 2555 1003 2606 tam
1014 2557 1127 2623 gratum
1139 2557 1212 2607 esset
1221 2567 1309 2624 quam
1319 2551 1396 2622 qnod
1408 2552 1462 2607 ileo
1473 2557 1587 2623 gratum
1597 2559 1650 2621 est,
1659 2569 1763 2610 sermo·

102 2649 287 2720 etcolligendis
303 2664 368 2719 quae
386 2653 483 2720 postea
498 2647 526 2701 iu
542 2647 604 2702 luce
619 2653 646 2701 et
660 2647 691 2701 in
706 2646 794 2702 oculis
809 2645 895 2700 totius
945 2645 1030 2701 nibus
1042 2645 1175 2718 Cypriani
1192 2645 1297 2700 mirum
1311 2645 1342 2700 iu
1360 2645 1479 2700 modum
1499 2646 1666 2702 ducebatur.
1682 2647 1763 2702 Circa

102 2742 210 2796 helesiae
223 2737 412 2812 deprompsit.
429 2739 633 2795 Tertullianum
655 2740 731 2795 iuter
745 2739 895 2811 scriptores
945 2739 1021 2794 idem
1035 2745 1146 2810 tempus
1159 2739 1279 2810 scriptus
1294 2739 1407 2795 videtur
1419 2738 1493 2794 liber
1505 2739 1539 2795 de
1553 2741 1683 2797 Vanitate
1696 2741 1760 2796 ido·

101 2835 276 2890 nanneticae
289 2835 437 2908 praecipue
447 2833 559 2889 videtur
569 2833 723 2888 adamasse.
736 2835 838 2888 Notum
853 2839 895 2889 ast
945 2833 1042 2902 hrum,
1055 2833 1085 2888 in
1102 2849 1168 2904 quo,
1184 2833 1273 2888 multa
1288 2833 1451 2888 imitatione
1464 2847 1606 2904 expressa,
1627 2835 1763 2890 nonnulla

102 2929 212 2984 omnibus
224 2929 301 3001 quod
315 2928 404 2984 refert
419 2928 607 2999 Hieronymus
621 2927 650 2982 in
665 2926 739 2984 libro
754 2927 787 2982 de
801 2927 893 2997 Scrip-
945 2927 1032 2983 etiem
1052 2926 1169 2981 tolidem
1190 2924 1282 2980 verbis
1304 2925 1440 2981 translata
1459 2931 1612 2982 occurrunt
1630 2941 1663 2980 ex
1683 2926 1761 2982 libris

101 3023 182 3078 nnius
199 3023 383 3079 ecclesiasticis
397 3021 499 3076 uidisse
520 3037 550 3076 se
571 3041 584 3071 a
601 3021 755 3094 quemdam
775 3020 893 3076 Paulum
943 3020 1109 3076 Tertulliani
1122 3019 1255 3074 adversus
1270 3017 1407 3086 ethnicos,
1422 3022 1452 3074 et
1468 3034 1504 3074 ex
1518 3017 1632 3090 dialogo
1649 3019 1761 3076 liinucii

101 3115 250 3181 Concordia,
264 3115 345 3188 quod
359 3115 445 3170 ltaliae
458 3115 596 3186 oppidum
613 3116 664 3183 est,
681 3131 790 3182 senem,
801 3114 850 3186 qui
864 3131 893 3170 se
904 3157 932 3232 C
945 3114 1055 3170 Felicis.
1069 3113 1212 3169 Redolent
1231 3111 1391 3184 primordia
1409 3112 1604 3168 conversionis
1624 3115 1762 3169 nonnulla

100 3207 157 3263 beati
165 3209 359 3281 Cyprianijam
371 3208 486 3280 grandis
496 3208 586 3263 aetatis
597 3207 823 3274 notarium,cnm
834 3208 894 3280 ipse
944 3223 1047 3280 parum
1065 3211 1194 3262 accurate
1215 3206 1244 3262 iu
1265 3207 1321 3261 hoc
1341 3205 1414 3262 libro
1434 3206 1518 3274 dicta,
1539 3205 1617 3263 velut
1635 3223 1700 3262 cum
1720 3209 1761 3264 ait

100 3303 233 3358 admodum
248 3307 326 3358 esset
345 3301 519 3370 adolescens,
539 3302 637 3357 Romae
656 3301 758 3356 vidisse
776 3301 892 3370 diceret,
928 3301 1101 3374 'Cyprianus
1116 3315 1207 3372 regna
1222 3306 1298 3355 sorte
1314 3299 1427 3368 vanari,
1440 3299 1600 3372 oportuisse
1615 3300 1759 3358 Christum

100 3395 240 3468 referreque
252 3395 309 3452 sibi
320 3396 433 3452 solitum
443 3410 592 3467 nunquam
604 3395 776 3466 Cyprieuum
788 3394 893 3466 absque
942 3395 1012 3466 pati,
1024 3399 1052 3450 et
1062 3409 1127 3449 cum
1139 3409 1238 3465 passus
1249 3397 1331 3462 esset,
1343 3391 1379 3448 ad
1392 3409 1512 3464 superos
1525 3393 1620 3449 denuo
1634 3396 1757 3466 regredi.

99 3489 239 3545 Tertulliani
253 3489 378 3545 lectione
392 3493 478 3544 ouem
497 3489 574 3544 diem
596 3487 776 3558 preteriisse,
794 3503 826 3542 ac
841 3487 893 3542 sibi
943 3507 987 3561 pp,
1001 3535 1036 3546 -
1051 3505 1205 3576 gympus
1218 3505 1415 3575 prespyympm
1431 3509 1456 3560 ey
1472 3505 1652 3562 mmmm
1665 3511 1759 3563 smum

99 3581 179 3637 erebro
194 3583 287 3638 dicere
306 3600 313 3637 ι
331 3585 371 3637 Do
386 3585 555 3650 magistrum,
571 3581 777 3638 Tertullianum
792 3579 891 3636 videli-
978 3587 1087 3655 accipit.
1102 3613 1137 3624 -
1157 3585 1213 3651 Quo
1231 3599 1305 3638 anno
1327 3584 1470 3638 ordinatas
1490 3585 1638 3655 episcopan.
1658 3615 1693 3626 -
1710 3588 1759 3642 iles

99 3679 133 3728 cet
143 3677 306 3748 significans.
318 3695 333 3730 r
345 3675 409 3744 Sed,
419 3675 443 3729 si
454 3675 568 3746 legendi
580 3673 745 3730 Tertulliani
755 3675 825 3730 adeo
835 3678 895 3729 stu·
978 3671 1058 3735 9⁶⁸⁸ae
1072 3671 1097 3719 82
1110 3666 1218 3734 script&
1231 3666 1262 3718 in
1273 3663 1430 3734 Pl'l'm‘lrdl'ss
1444 3665 1623 3735 ‘Psswl’fl‘llb

99 3767 412 3844 diosusiuitCyprianus,
424 3785 481 3824 non
493 3769 589 3824 minus
599 3767 753 3840 diligentie
763 3767 895 3825 adhibuit
976 3767 1112 3823 observet
1125 3764 1241 3821 Pontius
1255 3765 1285 3820 in
1303 3765 1443 3837 Cypriane
1463 3765 1500 3821 ob
1520 3765 1638 3822 eximios
1657 3765 1687 3821 in
1700 3765 1757 3822 vir·

99 3861 121 3914 in
139 3865 192 3933 ejas
211 3864 356 3918 erroribus
379 3862 510 3918 cavendis
534 3863 577 3918 uel
600 3862 695 3933 potius
718 3861 891 3917 refellendis.
943 3863 1002 3916 tute
1015 3875 1183 3932 progressus
1197 3858 1319 3914 minime
1334 3859 1517 3915 observatum
1529 3858 1614 3916 tuisse
1627 3861 1703 3932 quod
1714 3859 1759 3916 lit·

100 3953 162 4022 iam,
178 3960 206 4011 ut
220 3957 354 4012 omittam
374 3955 514 4011 unitatem
535 3955 677 4022 Ecclesiae,
693 3971 779 4027 quam
795 3958 891 4013 aTer-
942 3955 1010 4009 teras
1022 3952 1146 4025 Apostoli
1161 3953 1403 4024 prescripserant,
1417 3956 1449 4008 ut
1466 3952 1605 4024 neophyti
1619 3953 1655 4010 ad
1670 3971 1759 4010 sacer·

99 4049 193 4104 tulliano
210 4051 355 4118 violatam,
371 4055 487 4104 strenua
501 4049 630 4104 deieudit
644 4049 810 4121 Cyprianus,
825 4053 893 4122 quot
942 4047 1052 4103 dotium
1068 4061 1125 4101 non
1144 4045 1354 4102 eveherentur:
1371 4067 1386 4096 a
1399 4045 1609 4118 Presbyterium
1622 4049 1650 4102 et
1663 4065 1756 4104 sacer·

98 4145 189 4198 essent
201 4145 289 4200 sancti
303 4143 432 4215 Martyris
447 4143 596 4198 sententie
609 4143 644 4197 de
659 4143 737 4213 justa
753 4143 783 4198 in
800 4143 892 4214 lapsos
942 4140 1052 4196 dotium
1062 4139 1159 4196 stetim
1170 4139 1289 4210 accepit,
1301 4139 1393 4211 iuquit
1406 4155 1412 4194 :
1425 4139 1489 4211 quis
1500 4139 1578 4196 enim
1591 4156 1648 4195 nou
1658 4157 1758 4198 omnes

98 4233 263 4308 indulgentia,
277 4237 399 4293 totidem
416 4236 547 4292 videntur
562 4253 622 4292 esse
641 4237 671 4292 iu
687 4236 891 4293 Tertullianum
941 4233 1084 4290 honorum
1105 4232 1210 4305 gradus
1230 4233 1360 4288 crederet
1384 4233 1435 4288 tali
1456 4237 1553 4288 mente
1574 4234 1723 4290 credenti?
1743 4257 1755 4288 n

99 4329 180 4385 aculei.
941 4326 1028 4382 Addit
1042 4327 1131 4382 multa
1143 4325 1224 4382 illum
1236 4326 1433 4398 presbyterum
1443 4326 1578 4398 preclare
1587 4326 1695 4396 fecisse,
1708 4328 1757 4384 sed

124 4425 174 4479 tien
186 4425 276 4481 multo
294 4427 360 4497 post
372 4425 548 4496 baptismum
560 4425 596 4480 ad
609 4425 805 4482 defensionem
824 4427 890 4483 reli-
941 4437 974 4477 ea
989 4419 1139 4476 memoriae
1154 4424 1260 4476 nostrae
1281 4437 1339 4476 uon
1359 4419 1495 4492 prodidit.
1515 4419 1647 4478 Libenter
1661 4437 1756 4478 assen-

98 4516 249 4584 giouisetad
258 4533 373 4575 morum
383 4517 611 4574 informationem
621 4519 769 4592 ingenium
781 4513 997 4597 exacuitptior
1014 4512 1168 4568 Ρθθΐὸθῡὶῠ
1188 4517 1217 4569 el
1234 4513 1309 4569 Fello
1329 4519 1387 4568 ires
1404 4513 1490 4568 libros
1508 4515 1757 4572 Testimoniorum

97 4609 240 4679 Cyprianus.
255 4614 298 4669 nd
314 4613 370 4668 hoc
389 4610 467 4668 enim
481 4615 595 4683 tempus
611 4613 758 4685 pertinent
768 4615 891 4685 Epistola
941 4605 1080 4679 Cypriane
1105 4607 1273 4679 presbytero
1299 4607 1417 4679 scriptus
1441 4622 1510 4676 ³⁵⁸0,
1535 4609 1580 4662 tel
1605 4609 1705 4664 sellem
1726 4611 1756 4666 iu

98 4701 126 4754 nd
139 4705 271 4774 Donatum,
286 4723 319 4762 ac
333 4705 405 4761 liber
420 4711 453 4761 de
466 4707 603 4762 idolorum
619 4710 758 4764 vestustate.
775 4709 891 4764 Summa
940 4701 1119 4772 episcopatus
1141 4699 1308 4772 primordiis
1326 4699 1445 4772 scriptos
1465 4700 1643 4756 crediderim.
1663 4705 1693 4756 ln
1712 4703 1756 4758 his

97 4797 509 4872 qudemctuceteloquentiain
522 4801 584 4855 auis
597 4801 889 4874 operithppr1ani,
941 4795 1019 4849 enim
1037 4794 1148 4850 nullum
1167 4799 1257 4849 exsut
1276 4809 1377 4848 eorum
1399 4793 1550 4864 vestigium
1573 4809 1637 4864 que
1657 4797 1757 4864 postea

98 4887 157 4944 inest
168 4893 289 4964 gravitas
302 4895 511 4950 sententiarum
528 4910 560 4948 ac
573 4895 725 4951 verborum
740 4895 889 4966 splendor;
940 4887 1098 4960 Cyprianus
1119 4889 1198 4942 ῐᾶὓῑθ
1217 4886 1305 4941 animi
1327 4887 1429 4942 &idom
1451 4885 1590 4953 defendit,
1613 4886 1672 4942 Sile
1692 4903 1757 4944 0⁰⁰1

97 4984 136 5038 sed
151 4988 268 5056 Epntatn
288 4988 325 5042 aa
342 4991 476 5043 nonatum
496 4990 575 5042 tanto
594 4988 713 5044 artificio
735 4989 891 5060 composita
940 4982 1034 5052 lapsos
1060 4996 1113 5035 nee
1139 4981 1201 5035 siue
1226 4979 1393 5052 poenitentia
1417 4979 1597 5051 recipiendos
1623 4983 1757 5038 adversus

98 5083 130 5129 tal
140 5093 168 5132 ac
178 5082 218 5134 iol
226 5080 405 5152 elegantibus
415 5085 517 5135 ornata
529 5081 657 5151 picturis,
669 5085 702 5137 ut
714 5098 749 5138 ea
758 5088 891 5154 tempora
942 5073 1156 5143 Felieissimum,
1174 5089 1228 5130 nec
1246 5089 1263 5128 a
1281 5089 1330 5146 spe
1344 5072 1434 5128 venite
1450 5073 1642 5130 excludendos
1656 5075 1757 5133 adver·

98 5169 197 5226 minima
209 5173 343 5242 redoleat,
357 5189 424 5228 enm
439 5173 595 5245 Cyprianus
610 5173 640 5230 iu
656 5175 790 5231 maximis
805 5176 891 5232 rebus
941 5167 1425 5236 susNovatianumconteuderet;
1448 5168 1595 5224 sinaeum
1621 5169 1757 5226 unitatem
1796 5215 1802 5228 .

99 5265 208 5330 gandia
217 5270 246 5322 et
255 5267 428 5322 disserendis
437 5270 589 5340 occupatus
598 5269 727 5340 nonjam
738 5270 891 5340 exquisitas
940 5259 1071 5316 Ecclesioe
1098 5261 1235 5316 &diem
1263 5264 1418 5332 uirumque
1441 5265 1586 5329 meletula·
1609 5259 1673 5336 83
1701 5263 1758 5319 θίἳθ

98 5362 240 5414 venustates
251 5357 315 5433 82
324 5358 492 5429 elaboraret,
507 5361 557 5416 sed
567 5362 702 5418 orationis
711 5362 821 5418 divitias
830 5363 890 5420 sine
940 5370 1006 5410 0⁰11]
1026 5354 1167 5426 baptism&
1186 5361 1269 5412 <ulra
1289 5353 1442 5410 Ecclesiam
1464 5355 1574 5412 nullum
1595 5361 1624 5412 θῑ
1645 5355 1759 5412 irritum

99 5447 159 5518 inco,
168 5451 225 5507 sine
235 5453 392 5525 pigmentis
401 5455 543 5510 funderet.
555 5455 624 5510 ilinc
638 5457 772 5528 preclare
785 5459 892 5528 hugus-
942 5463 1002 5503 esse
1025 5451 1176 5522 pugnaret.
1201 5451 1233 5505 ln
1257 5448 1340 5504 tertio
1363 5447 1435 5504 libro
1456 5449 1594 5504 nonnulla
1614 5448 1758 5520 depromit

100 5539 160 5598 linus
178 5545 224 5601 lib.
241 5563 268 5600 rs
290 5547 322 5602 de
340 5551 428 5604 Doetr.
447 5549 608 5612 chrestianus,
624 5567 648 5605 o.
664 5553 696 5604 tt
714 5567 720 5606 :
737 5571 752 5600 a
769 5551 815 5606 Est
835 5551 890 5606 tate
941 5541 1093 5614 scripture
1113 5542 1278 5598 testimonia
1297 5541 1432 5597 adversus
1452 5541 1601 5597 haereticos
1620 5547 1650 5597 et
1668 5541 1757 5597 schis-

101 5633 196 5706 aliquid,
205 5639 306 5712 inquit,
319 5641 349 5696 in
360 5641 479 5713 epistola
490 5643 645 5699 beatissimi
654 5642 796 5716 Cypriani.
810 5643 891 5708 Quod
942 5635 1068 5705 metiens,
1089 5637 1138 5693 sed
1158 5637 1247 5694 multo
1266 5635 1368 5691 inisset
1388 5634 1503 5690 uberior
1519 5639 1548 5690 et
1563 5635 1759 5691 vehementior

102 5723 224 5802 ideoputo
237 5733 281 5788 ael
294 5733 438 5804 accidisse,
451 5737 494 5792 rel
508 5738 638 5794 consulto
653 5739 759 5794 iactum
775 5754 846 5808 esse,
862 5741 892 5794 ut
941 5733 966 5788 si
989 5731 1018 5786 in
1039 5730 1101 5803 ipso
1124 5729 1258 5788 incendio
1283 5733 1369 5802 atqua
1394 5729 1468 5784 inter
1491 5732 1583 5784 motus
1606 5727 1641 5783 ab
1662 5728 1757 5783 here·

103 5819 892 5903 aucturaposteruquamunguendoctnneuhristtana
943 5826 1007 5886 ticis
1037 5825 1170 5882 excitatos
1197 5825 1364 5898 scripsisset.
1392 5822 1466 5888 Quin
1497 5823 1584 5908 etiam
1616 5821 1691 5892 qnod
1720 5820 1760 5877 ait
