4012 6192
101 265 139 330 888
377 221 381 228 ¹
616 263 816 324 soenntoets
828 263 992 324 orusontl
1006 265 1246 327 ARGUMENTUM.
1717 259 1769 321 888

101 397 207 456 minime
220 393 390 468 designavit,
404 411 458 452 nec
471 393 594 468 sejunxit
608 395 838 469 asaperioribus,
852 395 904 452 mi·
915 398 1076 486 Amicum,
1099 398 1194 454 dicens
1214 415 1221 456 :
1245 419 1259 448 u
1279 397 1406 456 Eruenda
1428 413 1491 466 nos,
1515 392 1644 468 Domine,
1665 393 1713 452 sed
1738 395 1769 452 88

100 494 167 550 nime
179 491 325 548 obsistam.
955 493 1059 562 judicio
1076 497 1105 548 88
1117 508 1176 548 888
1189 493 1219 547 88
1237 491 1288 560 ira,
1303 509 1339 547 ne
1354 509 1459 564 paucos
1471 492 1556 548 iacias
1570 507 1641 564 nos;
1657 511 1671 542 8
1685 490 1767 562 adje-

129 588 165 643 n.
178 588 249 641 ltem
262 585 320 642 illic
335 587 413 655 lisa,
431 601 507 654 xum,
523 587 551 656 8)
570 603 577 641 8
595 588 628 641 18
647 591 735 641 mente
747 585 905 642 8888881888
954 586 1001 654 888,
1026 591 1055 641 88
1076 585 1147 641 dixit
1166 584 1253 641 isaias
1275 602 1282 640 :
1310 605 1323 634 u
1343 588 1462 656 Propter
1484 591 1633 657 peccatum
1656 584 1767 640 modice

104 689 124 736 et
135 683 224 750 comite
238 699 246 735 :
260 681 430 752 penitemini
447 681 495 750 qni
515 680 621 734 seducti
641 682 716 746 estis,
730 683 755 734 et
769 681 901 734 concerti·
954 678 1119 736 contristavi
1139 694 1217 746 eum,
1232 681 1260 732 88
1280 679 1405 750 percussi
1425 695 1503 747 eum,
1518 685 1546 734 et
1559 679 1647 734 888888
1665 677 1768 733 facicm

101 774 243 830 ninicorde
257 774 295 828 ad
307 789 358 842 me,
373 778 398 829 et
419 775 447 828 in
461 778 548 830 mente
570 773 663 830 888818
678 775 773 844 priora
794 773 902 840 secula,
955 790 1048 830 meam
1068 774 1104 828 ab
1124 790 1168 842 eo,
1185 778 1214 830 et
1232 771 1527 839 cont1·istatusest,al
1549 772 1618 828 abiit
1638 772 1723 826 tristis
1737 772 1766 826 88

98 872 154 940 quia
166 884 211 937 epo
226 872 304 924 Dens.
955 868 1006 922 viis
1019 867 1091 936 suis;
1107 889 1121 918 »
1136 871 1166 924 88
1178 868 1247 941 quia
1257 871 1401 937 operatur,
1415 864 1519 935 adjecit
1531 869 1560 918 et
1575 864 1664 919 dixit:
1677 886 1691 913 u
1704 865 1768 920 Vias

127 965 155 1017 18
169 961 287 1033 Vulgata
302 961 342 1016 sie
362 960 522 1017 redduntur
540 963 626 1018 verba
645 961 728 1017 haec:
748 983 762 1012 u
777 961 903 1016 blemen-
955 963 1017 1032 ejus
1030 962 1099 1029 vidi,
1116 968 1145 1018 et
1159 962 1256 1017 curavi
1274 976 1352 1028 erim,
1370 965 1398 1014 88
1416 958 1482 1013 8888
1501 958 1526 1012 88
1545 957 1767 1014 exhortationem

99 1059 148 1111 tote
166 1055 253 1122 istud,
270 1061 300 1110 ct
318 1055 550 1125 conluudarnini3
566 1055 657 1112 redite
671 1054 904 1128 praevaricatores
955 1073 1061 1125 verum,
1077 1071 1175 1126 pacem
1190 1072 1276 1127 snper
1287 1069 1420 1128 pacem»
1439 1050 1651 1124 penitentibus,
1666 1051 1767 1122 depre-

98 1149 128 1204 ad
146 1165 198 1204 cor.
223 1148 423 1205 Recordamiui
448 1149 551 1221 prioris
573 1147 677 1218 8888818,
699 1148 833 1220 quoniam
850 1163 904 1218 ego
954 1150 1086 1206 cautibus
1102 1157 1130 1206 et
1151 1149 1346 1221 operantibus,
1361 1147 1472 1203 restitui
1493 1162 1576 1218 posse
1596 1144 1671 1216 qnod
1691 1145 1766 1199 88818

97 1261 150 1298 sum
162 1245 242 1300 Deus.
259 1264 275 1294 s
297 1243 354 1299 Sed
376 1245 473 1298 noster
493 1242 614 1314 scriptor
636 1241 761 1298 versioni
784 1242 902 1312 888888-
955 1244 1105 1314 888888888,
1122 1244 1233 1314 quodrc
1247 1243 1387 1298 aCbristo
1401 1239 1617 1296 declinaverint.
1631 1260 1645 1287 u

97 1337 164 1408 ginta
174 1336 322 1392 8818888888
336 1337 423 1407 88818
438 1335 521 1390 818888
538 1336 634 1391 vertit.
648 1335 690 1391 88
702 1351 799 1390 veram
814 1333 903 1404 88888-
990 1338 1109 1408 Vulgata
1136 1353 1220 1408 porro
1242 1337 1282 1392 sic
1303 1338 1397 1392 locum
1420 1336 1495 1390 hunc
1518 1331 1638 1388 reddit:
1664 1353 1679 1382 a
1704 1332 1769 1387 llaec

98 1431 203 1486 lentiam
220 1430 306 1485 verba
327 1430 386 1486 18888
403 1429 525 1486 invitant
541 1447 590 1486 eos
610 1429 660 1501 qni
681 1428 709 1484 in
733 1428 830 1500 gravia
847 1427 903 1482 ari·
954 1431 1026 1486 dixit
1048 1431 1190 1498 Excelsus,
1211 1435 1238 1484 et
1259 1430 1387 1486 sublimis
1410 1429 1544 1484 habitans
1563 1412 1766 1495 aeternitatem,

97 1523 329 1580 minainciderant
342 1522 552 1595 (convertimini
568 1524 645 1579 corde
662 1523 699 1578 aa
714 1522 777 1592 me),
792 1521 904 1592 illisque
954 1531 983 1580 et
1003 1527 1132 1580 sanctum
1154 1539 1260 1580 nomen
1281 1524 1341 1594 ejus
1348 1540 1356 1592 ;
1380 1525 1410 1578 in
1435 1522 1545 1576 excelso
1568 1522 1596 1574 el
1616 1519 1645 1573 in
1669 1527 1767 1574 sanato

95 1625 245 1672 memorant
285 1616 415 1688 priorum
453 1617 682 1673 Christianorum
723 1614 904 1684 disciplinam
954 1616 1217 1686 188881888,888888
1233 1612 1637 1686 8881888888188888188888888,
1654 1611 1765 1666 888888-

94 1717 117 1765 88
129 1709 235 1780 judicia
257 1711 319 1778 ilai,
341 1711 392 1782 qui
415 1710 508 1766 inulta
527 1725 586 1766 non
606 1709 674 1764 sinit
688 1707 826 1764 crimina:
844 1728 858 1756 u
872 1707 903 1762 ln
954 1709 1018 1766 18888
1033 1710 1167 1782 spiritum
1188 1709 1353 1777 humilium,
1375 1711 1403 1764 et
1422 1707 1541 1763 viviticat
1559 1722 1610 1761 cor
1632 1705 1765 1760 contrito·

95 1808 179 1858 mente
194 1803 301 1859 habete
315 1803 411 1876 priora
424 1804 538 1871 saecula,
551 1803 617 1876 quia
632 1803 809 1874 aguliano.»
826 1789 935 1860 iuvi-B
947 1819 1032 1860 nrm:
1050 1805 1111 1858 Non
1132 1805 1210 1858 enim
1234 1803 1265 1858 in
1285 1802 1495 1874 sempiternum
1520 1799 1648 1872 litigabo,
1671 1813 1765 1868 nequa

93 1903 147 1952 tant
166 1897 266 1965 888888,
286 1899 310 1952 88
325 1898 377 1966 888,
396 1897 564 1954 Navatiunos
577 1897 613 1952 88
627 1896 791 1966 Ecclesiam,
807 1912 896 1967 quum
947 1913 1042 1969 usque
1063 1897 1204 1954 adfinem
1224 1898 1340 1962 irascar,
1355 1896 1423 1967 quia
1442 1894 1558 1967 spiritus
1575 1910 1592 1948 a
1611 1891 1682 1946 lncie
1701 1907 1767 1945 mea

96 1991 311 2063 dereliquerant,
330 2008 436 2065 eosque
450 1997 571 2048 monent
588 2007 626 2046 nc
640 1992 729 2048 [teum
743 1990 824 2046 noeis
836 2006 895 2046 sae·
947 1991 1125 2064 egredietur,
1140 1995 1170 2046 st
1186 1991 1269 2046 llatus
1291 2006 1345 2062 ego
1365 1989 1480 2044 faciam.
1497 1989 1615 2058 Propter
1627 1983 1764 2056 iniquita·

91 2085 187 2140 teribus
200 2089 231 2140 et
244 2086 402 2158 pertinacia
415 2085 444 2140 in
462 2091 594 2157 suscepto
609 2085 770 2152 schismate,
784 2084 897 2140 irritare
946 2095 1006 2142 tem
1029 2085 1160 2140 avarities
1182 2086 1242 2156 ejus
1266 2085 1355 2139 iratus
1377 2099 1452 2152 sum,
1475 2087 1503 2138 ct
1528 2079 1652 2152 percussi
1678 2094 1744 2134 eum
1755 2094 1765 2146 3

92 2178 172 2234 adbuc
184 2181 319 2250 pergant.
947 2179 1112 2236 8188888888
1127 2183 1155 2235 88
1171 2179 1272 2234 laniem
1287 2193 1384 2233 meam
1409 2181 1437 2232 et
1456 2175 1624 2247 indignatus
1639 2189 1723 2242 sum;
1738 2177 1768 2228 et

122 2273 528 2345 11.1888881188)188.,8.88,8)8
547 2273 789 2344 tenporepnsillc
802 2273 899 2328 dereli-
948 2273 1018 2328 abiit
1037 2289 1124 2344 vagus
1144 2272 1174 2327 in
1202 2272 1246 2326 via
1271 2271 1365 2326 cordis
1392 2270 1447 2324 sui.
1470 2268 1533 2324 Vias
1556 2267 1618 2338 ejus
1643 2266 1714 2334 vidi,
1738 2270 1767 2321 et

93 2369 141 2434 qui,
164 2372 190 2422 et
214 2383 278 2422 cam
301 2367 487 2424 misericordia
510 2381 612 2435 maana
633 2367 776 2422 miserebor
796 2369 846 2421 tui.
865 2367 899 2420 ln
948 2366 1047 2422 sanavi
1061 2382 1136 2432 eum,
1149 2371 1177 2420 et
1190 2365 1288 2421 reduxi
1303 2380 1379 2432 eum,
1389 2366 1418 2418 et
1432 2361 1544 2418 reddidi
1557 2359 1768 2416 consolationes

90 2461 175 2526 888888
187 2461 291 2530 pusillo
305 2465 394 2516 auerti
411 2462 510 2528 [888888
522 2475 609 2516 mom
629 2461 677 2515 abs
690 2465 735 2516 te:
751 2463 782 2514 in
794 2461 898 2516 miseri·
949 2459 1001 2531 ipsi
1026 2467 1054 2515 et
1076 2459 1241 2530 lugentibus
1260 2459 1332 2528 ejus.
1356 2456 1454 2514 Creavi
1476 2456 1602 2512 fructum
1626 2453 1768 2508 labiorum

92 2553 174 2608 cordia
187 2559 291 2610 eterna
306 2554 448 2610 8888888888
462 2557 513 2609 tui.
950 2570 1061 2625 pacem,
1075 2569 1174 2625 pacem
1191 2552 1217 2606 ei
1232 2551 1281 2624 qui
1302 2551 1387 2623 longe
1404 2554 1455 2620 ast,
1472 2552 1501 2604 88
1516 2549 1566 2620 qui
1579 2563 1680 2620 prope,
1695 2547 1768 2602 dixit

124 2646 240 2714 indicat,
264 2647 319 2702 nisi
344 2646 482 2715 fallimur,
507 2647 586 2702 locus
613 2647 678 2716 8888,
703 2663 757 2719 888
781 2647 897 2720 brevem
951 2648 1096 2715 Dominus,
1111 2645 1251 2702 etsanavi
1270 2661 1347 2700 eum.
1363 2643 1446 2714 impii
1464 2645 1572 2710 eutem,
1590 2640 1671 2712 quasi
1688 2655 1765 2695 mare

92 2740 297 2811 penitentiam,
315 2741 345 2796 in
366 2757 422 2812 qua
436 2739 560 2798 Ecclesia
575 2741 775 2812 derelinquere
788 2739 902 2796 videtur
950 2741 1074 2807 fervens,
1090 2739 1167 2812 quod
1190 2739 1335 2811 quiescere
1359 2752 1416 2792 non
1436 2740 1537 2807 potest,
1555 2741 1583 2789 88
1604 2732 1769 2789 888888888

91 2849 156 2902 888,
182 2849 249 2888 eum
280 2834 525 2890 acommnnions
549 2838 578 2889 88
601 2833 729 2890 fidelium
755 2839 828 2890 caetu
850 2851 900 2890 eos
951 2833 1054 2889 1188888
1077 2834 1138 2904 ejus
1161 2833 1190 2887 in
1214 2832 1459 2888 conculcationem
1480 2831 1509 2884 ct
1528 2827 1708 2882 1888881888
1725 2830 1769 2881 888

92 2926 199 2994 avertit,
225 2926 400 2982 uberrimam
428 2927 650 2998 diuturnamque
675 2926 902 2983 misericordiam
952 2943 1007 2999 pax
1022 2927 1128 2999 impiis,
1145 2926 1214 2982 88888
1227 2925 1364 2980 Dominus
1386 2925 1469 2980 Deus.
1487 2945 1502 2974 »
1518 2922 1585 2977 81888
1599 2921 1768 2994 interpretes

91 3017 144 3072 illas
160 3019 222 3074 sore
245 3024 458 3076 consecuturos.
483 3020 592 3076 lndicat
615 3019 713 3088 etiam,
730 3020 752 3074 si
772 3019 822 3088 vis,
843 3035 902 3075 uon
952 3021 983 3075 in
996 3021 1090 3075 locum
1105 3019 1189 3074 bunc.

92 3109 248 3184 derelinqui
263 3113 382 3169 ommno
397 3116 481 3170 alteo
495 3113 741 3185 peccatores,qui,
757 3113 901 3168 sivocanti
988 3115 1044 3170 llll.
1069 3115 1139 3169 Item
1166 3111 1241 3184 8888
1268 3110 1418 3166 ieremiam
1445 3111 1519 3182 (cap.
1544 3124 1573 3178 u,
1596 3123 1667 3164 vers.
1690 3107 1734 3176 32)
1759 3123 1770 3162 v

90 3207 242 3274 paruerint,
267 3206 491 3263 misericordiam
513 3207 688 3262 uberrimam
720 3206 900 3263 obtinebunt.
953 3208 1092 3278 Numquid
1105 3207 1276 3262 obliuiscetur
1288 3221 1385 3274 spuma
1402 3206 1554 3259 ornamenti
1565 3205 1618 3265 sui,
1633 3207 1680 3256 aut
1693 3202 1769 3269 cirac

91 3296 200 3368 irrigata
214 3300 278 3354 haec
292 3300 332 3354 sic
346 3300 448 3357 babet:
463 3323 477 3351 a
490 3303 521 3356 18
532 3307 681 3356 momento
693 3300 903 3372 indignationis
952 3302 1047 3370 [88888
1062 3301 1211 3370 pectoralis
1231 3315 1287 3358 saae
1297 3301 1311 3352 l
1320 3298 1442 3368 Papulas
1456 3312 1518 3352 cero
1531 3310 1606 3351 meas
1619 3295 1719 3350 oblinis
1732 3297 1770 3350 cst

88 3390 218 3448 alescendi
231 3393 335 3448 faciem
351 3411 444 3450 meam
456 3411 611 3466 parumper
623 3411 640 3450 a
652 3399 691 3463 88,
705 3399 733 3450 88
747 3395 777 3448 88
790 3394 902 3450 miseri·
953 3397 1005 3449 mei
1018 3394 1121 3450 dierum
1138 3391 1194 3464 (¹22)
1206 3407 1322 3462 qaorum
1336 3407 1389 3446 non
1403 3395 1442 3446 cst
1456 3405 1592 3445 nummus.

89 3485 695 3557 cordiasempiternamiseriussumtui.a
990 3487 1017 3542 Si
1048 3487 1182 3542 adversus
1214 3485 1394 3550 Novabenos,
1419 3483 1468 3556 qui
1487 3483 1548 3554 jam
1577 3481 1613 3537 ab
1645 3481 1769 3538 Ecclesia

118 3579 160 3636 81.
178 3583 252 3636 ltcrn
267 3581 325 3636 illic
344 3581 422 3653 (188,,
443 3599 506 3651 888,
525 3582 568 3653 88)
584 3599 591 3636 8
614 3583 676 3638 llaec
691 3581 763 3637 88888
777 3583 905 3638 &celsus
955 3581 1128 3646 deiecerunt,
1143 3579 1331 3650 plurimisque
1347 3595 1377 3633 se
1389 3577 1574 3633 devinxerant
1587 3574 1767 3642 criminibus,

88 3675 114 3726 in
127 3676 239 3730 eccelsis
253 3675 382 3730 1888888888
396 3678 427 3730 in
448 3681 589 3743 eteniam,
605 3675 722 3732 Sanctus
736 3678 766 3730 in
783 3678 903 3743 sanctim
954 3674 1059 3730 librum
1073 3673 1149 3729 bunc
1162 3673 1298 3744 scriptum
1310 3678 1404 3743 putas,
1417 3669 1498 3726 188818
1513 3669 1594 3726 88888
1608 3685 1664 3742 quo
1676 3669 1766 3740 respi-

90 3781 177 3822 ramen
198 3775 240 3824 est
263 3770 448 3834 cinomiam,
471 3770 600 3825 1888818888
628 3772 658 3824 in
675 3771 775 3824 sanctis
797 3771 903 3840 requie-
954 3768 1031 3822 88888
1055 3768 1163 3822 monita
1184 3767 1263 3833 baec;
1287 3765 1392 3821 scilicet
1417 3772 1449 3820 ut
1470 3779 1570 3820 eorum
1595 3762 1717 3818 crimina
1740 3766 1770 3817 et

88 3874 168 3928 scens,
182 3867 208 3917 et
226 3863 416 3932 pusillaminis
429 3864 497 3918 duas
510 3866 597 3918 animi
612 3865 778 3933 equitatem,
797 3864 905 3919 atdans
955 3861 1141 3933 pertinaciam
1165 3859 1300 3926 iudicent,
1322 3859 1501 3930 doceantque
1528 3857 1613 3911 stulto
1641 3855 1705 3910 illas
1732 3855 1767 3909 ab

86 3955 165 4008 eitum
180 3955 378 4010 contribulatis
390 3956 468 4010 corde
486 3971 492 4010 :
512 3958 572 4012 Non
585 3959 616 4011 in
631 3959 825 4026 sempiternam
837 3958 906 4012 iras·
955 3955 1076 4010 Ecclesia
1098 3954 1248 4021 deiecisse,
1274 3969 1338 4022 quse
1361 3953 1451 4008 multo
1474 3951 1537 4021 jam
1563 3953 1693 4022 tempore
1721 3963 1768 4002 eos

85 4063 124 4100 ror
144 4049 233 4112 cobis,
258 4064 305 4102 nec
328 4046 424 4121 849
444 4052 604 4120 peremnia
626 4049 771 4105 vindicato
790 4052 904 4106 incas:
955 4046 1133 4119 exspectabat
1159 4045 1353 4117 invitabatque
1382 4045 1419 4099 ad
1445 4043 1658 4116 paenitentiam,
1684 4041 1768 4096 stulte

85 4141 195 4208 spiritus
211 4144 285 4196 araim
306 4159 325 4196 a
346 4158 386 4196 me
404 4143 524 4214 prodiet.
539 4149 565 4198 et
586 4145 793 4213 inspirationem
805 4159 906 4198 omnem
956 4157 1070 4212 quoque
1090 4143 1150 4194 tam
1168 4139 1216 4194 diu
1233 4139 1344 4210 (diebus
1362 4137 1531 4208 innumeris)
1546 4137 1687 4192 inerrare
1702 4151 1767 4205 per-

84 4248 125 4299 apo
148 4237 212 4300 feci,
241 4239 267 4290 et
289 4239 401 4305 propter
420 4241 571 4305 peecatum,
593 4237 728 4306 pusillum
750 4234 908 4292 contrimaci
956 4235 1067 4289 sistere.
1086 4234 1116 4289 Sl
1130 4249 1196 4288 vero
1210 4233 1400 4304 corneriptum
1414 4238 1507 4304 putas,
1522 4235 1554 4286 88
1570 4230 1672 4286 1888188
1686 4247 1702 4284 8
1715 4231 1767 4300 Cy-

85 4341 146 4394 rum,
162 4333 189 4382 ct
211 4330 304 4384 auerti
322 4330 419 4396 (aciem
441 4345 527 4384 meam
545 4331 581 4384 at
601 4346 640 4396 eo,
655 4335 682 4386 88
698 4331 778 4385 uilem
798 4345 894 4400 possus
956 4329 1057 4400 priano
1072 4324 1610 4393 88888888881888888888,8888888888
1625 4323 1722 4392 dicito,
1738 4323 1770 4378 ut

86 4426 133 4488 est,
149 4428 174 4476 et
195 4422 268 4476 abiit
287 4424 374 4477 tristis
393 4424 500 4478 inuiis.
517 4425 582 4480 Viae
602 4423 659 4492 ejas
676 4425 745 4490 cidi,
759 4428 784 4478 et
797 4425 897 4478 sonaci
957 4420 1053 4496 850
1075 4421 1241 4478 ostendatur
1260 4435 1363 4490 cupere
1382 4421 1480 4484 118888,
1502 4422 1534 4473 88
1551 4419 1575 4474 si
1595 4417 1659 4491 quis
1676 4417 1711 4472 ab
1735 4431 1769 4471 ee

85 4529 155 4586 eam,
172 4523 198 4570 ei
213 4517 443 4571 consclatussum
462 4531 519 4584 epo,
534 4521 559 4572 et
572 4516 636 4571 dedi
653 4519 679 4572 ei
698 4513 944 4586 consolationeml)
957 4516 1113 4581 deiecisset,
1130 4514 1166 4569 ad
1184 4531 1249 4570 eum
1268 4513 1391 4584 denique
1410 4516 1617 4579 reverteretur,
1634 4517 1663 4565 et
1681 4525 1766 4581 prop·

83 4625 181 4676 reum,
197 4617 225 4665 et
238 4624 337 4680 pacem
351 4623 539 4678 superparem
552 4612 587 4664 iis
605 4611 653 4680 qai
667 4611 754 4680 lonae,
769 4616 795 4665 ct
807 4613 842 4665 iis
856 4613 906 4680 qai
955 4617 1032 4666 88888
1046 4609 1144 4664 8881888
1157 4607 1319 4664 innumeris
1330 4609 1506 4678 exspectasse
1521 4621 1528 4660 8
1544 4603 1683 4674 conqueri
1696 4617 1766 4673 quo·

82 4706 221 4774 propedit
244 4703 321 4758 dieii
340 4704 492 4758 bominem:
509 4703 615 4758 Sannoi
630 4717 672 4758 eos
688 4722 696 4758 8
712 4704 802 4773 iniqui
815 4708 905 4758 888888
954 4721 1010 4775 que
1025 4703 1187 4770 bominum,
1202 4701 1278 4774 quod
1294 4699 1396 4771 impios
1406 4699 1501 4754 rideat
1513 4697 1542 4752 in
1556 4697 1655 4768 iniquo
1665 4711 1768 4768 propo·

83 4804 111 4850 ut
131 4813 208 4852 mare
230 4801 403 4864 commotum,
427 4799 465 4852 sic
489 4797 703 4866 pertententur,
725 4801 750 4851 et
773 4799 906 4866 quiescere
955 4798 1008 4852 sito
1042 4796 1191 4869 persistere
1224 4799 1253 4849 88
1287 4793 1376 4848 888888
1412 4791 1578 4864 pervicacia.
1613 4790 1668 4846 Cur
1699 4805 1768 4860 ergo

84 4905 134 4944 non
158 4895 289 4961 88888888.
315 4891 376 4946 Nan
399 4894 437 4946 cst
461 4891 579 4959 paudere
599 4893 699 4961 impiis,
725 4890 791 4946 dicit
817 4893 906 4946 Domi·
954 4891 1129 4962 repellentur
1144 4888 1184 4957 bi,
1204 4887 1228 4942 si
1250 4887 1365 4944 tandem
1383 4883 1536 4957 aliquando
1560 4883 1596 4939 88
1615 4881 1769 4938 Ecclesiam

83 4999 140 5038 nus.
955 4982 1133 5055 confugiant,
1155 4989 1188 5038 88
1206 4981 1303 5053 888888
1322 4979 1442 5034 crimina
1462 4977 1605 5033 defleant?
1618 4976 1679 5031 Non
1692 4975 1766 5032 mul·

116 5078 242 5134 amnem
270 5077 412 5150 superiori
443 5077 665 5150 explicationem
695 5079 802 5150 excipit
827 5079 905 5133 locus
955 5070 1767 5148 tnmdistatebea,quantitnrnosterscriptor,Vulgata

81 5170 140 5238 iste,
157 5189 217 5244 qno
239 5171 277 5226 88
299 5172 426 5226 divinam
443 5173 579 5243 pietatem
601 5187 669 5244 erga
689 5171 804 5243 iniquos
824 5189 906 5243 qnos·
955 5171 1059 5240 versio;
1074 5186 1141 5226 nam
1154 5167 1318 5241 hujusmodi
1327 5172 1369 5222 est
1383 5183 1390 5221 :
1402 5187 1416 5216 u
1430 5165 1573 5238 Numquid
1586 5164 1768 5219 obliviscatur

81 5281 206 5336 cumque
237 5265 518 5332 commendandam,
548 5281 655 5336 eosque
682 5265 844 5322 invitandos
870 5265 906 5320 ad
956 5265 1035 5336 virgo
1056 5263 1216 5320 ornamenti
1233 5263 1287 5331 sui,
1308 5263 1358 5316 aut
1379 5276 1482 5331 sponsa
1503 5257 1597 5315 lasciue
1618 5257 1767 5330 pectoralis

82 5359 295 5426 poenitentiam,
320 5358 408 5413 utitur
427 5362 526 5414 auctor
551 5358 618 5413 libri
644 5360 680 5414 88
709 5361 904 5417 Nouatiannm.
956 5357 1037 5414 sumi
1058 5358 1181 5429 Populus
1201 5373 1267 5411 vero
1290 5372 1371 5411 meus
1392 5353 1495 5408 oblitus
1517 5358 1558 5409 est
1585 5352 1642 5408 mei
1670 5351 1767 5407 diebus

85 5473 98 5498 «ι
118 5454 150 5508 Et
165 5450 320 5524 quoniam,
338 5452 431 5522 inquit
452 5452 498 5507 ille
520 5453 596 5524 (pag.
613 5457 666 5522 81),
682 5453 822 5507 ieremias
836 5469 899 5524 pro·
955 5451 1152 5508 innumeris.»

82 5545 168 5615 pheta
182 5546 214 5600 in
229 5561 354 5616 persona
372 5545 470 5617 populi
492 5545 649 5618 peccatoris
668 5546 837 5618 deprecatur
850 5547 903 5601 llo·
991 5547 1054 5602 lllll.
1083 5547 1154 5602 item
1180 5545 1238 5600 illic
1265 5545 1384 5618 (ierem,
1407 5558 1488 5611 88888,
1517 5541 1543 5613 7)
1573 5557 1579 5598 8
1607 5543 1640 5596 ln
1664 5554 1767 5596 mmma
1822 5596 1824 5600 ,

115 5803 163 5866 888)
176 5801 288 5864 araus,
303 5805 332 5854 ut
344 5807 419 5869 puto.
