4080 6200
107 201 155 254 iil
466 251 471 256 ,
810 185 971 244 suissuia
990 185 1081 242 xxii.
1731 187 1783 242 322

105 323 235 391 fuerunt,
262 322 302 376 ita
326 319 375 394 qni
407 318 461 374 huc
489 317 641 390 disponere
669 314 808 382 nituntur,
841 309 1068 400 01001Ᾱ314
1082 311 1199 368 llultum
1214 309 1270 366 illis
1282 310 1411 381 proliciet
1424 311 1523 382 petitio
1536 311 1674 380 modesta,
1688 315 1784 383 postu·

104 417 293 472 consiliorum
314 411 512 469 moderamine
531 412 648 466 utantur
668 424 705 464 ne
729 407 796 479 quid
816 421 875 462 non
891 409 922 461 ut
971 405 1040 461 latio
1073 403 1248 471 verecunda,
1276 404 1423 460 humilitas
1447 405 1622 476 necessaria,
1645 405 1784 477 patientia

102 513 221 582 oportet
233 509 339 565 tactum
353 510 490 578 tanquam
511 501 622 560 irritum
644 501 680 558 ab
696 501 830 557 omnibus
841 499 920 572 judi·
970 521 1028 561 non
1044 503 1146 560 otiosa.
1165 503 1275 559 ldittant
1294 502 1401 574 legatos
1416 503 1469 575 (56)
1486 520 1538 576 pro
1562 503 1619 559 suis
1637 503 1783 560 doloribus

102 607 198 660 cetur.
673 635 676 640 -
970 598 1120 671 lacrymas,
1134 596 1317 654 aduocatione
1332 596 1783 670 iunganturexintimopectore

138 699 185 752 vi.
201 698 262 753 Uno
274 695 362 768 igitur
374 693 533 765 eodemque
548 691 677 760 consiliu,
694 690 800 746 iisdem
825 687 920 761 preci·
970 692 1073 764 prolati
1091 691 1225 764 gemitus,
1242 689 1371 746 dolorem
1391 690 1544 762 probantes
1567 691 1712 748 commissi
1728 691 1782 747 cri·

101 792 157 848 bus
170 795 201 846 et
213 788 330 845 fletibus
343 791 404 844 tam
424 803 486 851 nus,
501 785 551 859 qui
573 800 664 857 usque
685 784 778 840 adhuc
791 782 922 838 videmur
971 785 1059 842 minis
1072 787 1101 841 et
1117 783 1267 856 pudorem.

102 883 246 956 temporis
259 883 340 938 istius
361 881 459 938 ruinas
477 877 690 952 subterfugisse,
711 892 798 950 qiam
816 874 856 932 illi
871 875 921 948 qui
1007 880 1062 935 llll.
1090 880 1160 946 lmo,
1194 878 1217 933 ei
1244 877 1391 934 dedecoris
1414 877 1530 933 admissi
1556 879 1785 951 magnitudinem

101 979 132 1034 in
147 977 350 1050 hastempuris
365 975 498 1032 videntur
518 973 613 1029 clades
631 971 774 1042 incidisse,
796 970 920 1028 divinam
971 972 1204 1045 perhorrescunt,
1233 971 1256 1026 si
1277 971 1401 1043 pectoris
1423 973 1452 1027 et
1472 971 1653 1028 conscientie
1674 972 1784 1028 suale-

101 1072 288 1142 majestatem
305 1069 491 1141 deprecantes
507 1083 608 1140 pacem
626 1065 813 1122 ecclesiastico
826 1063 920 1121 nomi·
973 1066 1080 1122 thalem
1102 1065 1215 1138 plagam
1240 1066 1269 1120 et
1291 1065 1399 1121 sinuosi
1418 1065 1545 1120 uulneris
1566 1065 1639 1120 altos
1661 1081 1787 1122 recessus

101 1165 132 1220 ni
156 1164 214 1236 (52)
236 1165 424 1236 postulemus.
442 1161 543 1218 ltutuis
565 1159 637 1218 uotis
658 1176 712 1216 uos
732 1159 853 1216 inuicem
878 1159 920 1214 io·
969 1177 1038 1216 vere
1051 1159 1159 1216 medice
1175 1175 1263 1214 manu
1276 1161 1405 1228 tractent,
1431 1159 1605 1216 erubescant
1618 1161 1648 1215 et
1669 1161 1766 1231 petere
1777 1177 1786 1230 ;

100 1275 238 1328 neamus,
250 1256 455 1324 custodiamus,
466 1270 622 1312 armemus.
636 1253 757 1310 Oramus
772 1268 824 1325 pro
835 1251 922 1324 lapsis
970 1254 1025 1310 nisi
1038 1253 1104 1326 quia
1120 1253 1236 1324 majoris
1250 1257 1293 1308 est
1311 1269 1426 1308 mimium
1446 1257 1475 1308 et
1496 1253 1614 1324 periculi
1630 1257 1660 1309 et
1670 1253 1788 1326 pudoris

100 1357 134 1408 nt
147 1352 312 1424 erigantur,
327 1365 444 1406 oremus
456 1364 507 1420 pro
520 1347 660 1404 stantibus
683 1351 714 1403 nt
733 1363 792 1403 non
808 1346 846 1402 ad
860 1345 920 1402 rui·
971 1347 1109 1404 auxilium
1122 1347 1200 1418 pacis
1215 1362 1273 1402 non
1287 1345 1401 1419 petiisse
1418 1363 1425 1401 ι
1440 1346 1491 1402 sed
1516 1347 1571 1402 hoc
1589 1350 1681 1402 totum
1699 1347 1728 1402 in
1741 1363 1786 1402 sa·

5 1469 6 1482 ¹
101 1463 153 1501 nas
168 1461 261 1516 nsque
275 1448 435 1512 tententur,
449 1447 609 1498 oremusut
631 1441 679 1514 qui
699 1439 920 1496 cecidissereic·
971 1445 1127 1508 cremento,
1140 1441 1188 1496 sed
1202 1439 1231 1496 in
1245 1440 1335 1513 ipsius
1344 1439 1547 1511 postulationis
1560 1441 1635 1511 lege,
1651 1441 1788 1512 temporis

102 1543 221 1606 rentur,
259 1535 354 1593 delicti
391 1537 436 1591 sui
465 1533 697 1607 magnitudinem
723 1535 920 1606 agnoscentes,
970 1534 1047 1592 iacto
1062 1538 1302 1607 temperamento,
1321 1533 1370 1589 sed
1386 1533 1577 1605 postulatione
1592 1533 1724 1604 demissa,
1739 1534 1788 1590 sed

103 1631 272 1703 intelligant
284 1645 344 1686 non
359 1631 594 1686 momentaneam
613 1627 668 1700 (53)
684 1643 779 1700 neque
792 1642 919 1698 praepro·
971 1643 1056 1700 prece
1069 1626 1192 1692 subdita,
1210 1627 1346 1700 quoniam
1360 1631 1388 1684 et
1401 1627 1451 1699 qni
1463 1627 1573 1700 petitur
1598 1626 1674 1684 flecti
1691 1625 1786 1697 debet,

103 1741 207 1798 peram
235 1723 396 1780 desiderare
423 1722 475 1792 tsi)
510 1719 692 1778 medicinam.
733 1721 852 1776 Oramus
890 1702 1029 1778 ntBnon
1051 1721 1166 1777 incitari
1176 1722 1218 1790 ⁷⁸3
1244 1725 1272 1776 et
1296 1721 1368 1778 sicut
1384 1721 1487 1792 respici
1509 1720 1595 1778 debet
1616 1720 1711 1776 divina
1729 1721 1788 1777 cle·

103 1818 224 1874 effectus
238 1816 426 1889 indulgentie
445 1816 589 1888 lapsomm
609 1814 800 1887 subsequatur
814 1818 842 1871 et
859 1829 919 1887 poe·
971 1815 1090 1886 mentia,
1111 1817 1151 1870 sic
1170 1814 1272 1886 respici
1298 1814 1384 1870 debet
1410 1817 1439 1872 et
1467 1813 1564 1870 divina
1596 1829 1737 1885 censura;
1761 1821 1790 1870 et

103 1913 231 1969 nitentia
258 1911 322 1982 (55),
349 1913 391 1980 01,
416 1909 560 1965 intellecto
587 1925 638 1964 suo
665 1906 797 1977 crimine,
835 1907 923 1963 velint
971 1909 1045 1965 sicut
1058 1909 1197 1981 scriptum
1212 1913 1275 1964 eat:
1292 1911 1402 1965 Donavi
1416 1908 1467 1964 tibi
1480 1923 1557 1964 omne
1580 1908 1711 1979 debitum,
1724 1909 1790 1980 quio

103 2006 190 2062 nobis
202 2003 320 2060 interim
337 2006 473 2075 prestare
488 2001 666 2074 patientiam,
680 2016 733 2057 nec
749 2001 842 2056 adhuc
855 2000 922 2056 11110-
971 2019 1013 2059 mc
1033 2005 1140 2074 repsisti
1165 2002 1289 2074 (aaut,
1313 2019 1389 2072 xvnr,
1414 2002 1471 2074 32),
1497 2002 1536 2058 sic
1558 2001 1696 2074 scriptum
1723 2007 1787 2058 est:

102 2102 238 2156 tuentem
261 2097 379 2154 turbent
399 2095 530 2154 &clasis
550 2098 666 2164 1101001,
694 2111 730 2152 ne
753 2095 922 2152 interiorem
973 2098 1025 2164 Qui
1055 2111 1097 2152 ma
1114 2099 1253 2166 uapouett
1274 2112 1366 2154 ccccm
1390 2096 1552 2164 desinitur,
1575 2095 1722 2165 01901001
1743 2111 1790 2164 eqo

5 2235 6 2240 ι
103 2194 191 2250 nobis
208 2191 437 2264 persecutionem
458 2188 515 2261 ipsi
535 2188 695 2246 incendisse
718 2189 878 2259 videantur,
894 2193 923 2244 et
973 2207 1033 2246 cum
1046 2205 1139 2246 001001
1153 2192 1304 2248 Patremon
1324 2195 1349 2246 at
1366 2205 1455 2246 mrem
1477 2189 1580 2262 capelia
1602 2190 1658 2260 eius
1669 2189 1790 2262 (distiti,

5 2349 6 2372 3
102 2286 227 2346 accedat
239 2286 275 2342 ad
289 2283 443 2340 criminum
456 2283 602 2340 cumulum
616 2283 690 2355 quod
705 2281 792 2339 etiam
805 2282 923 2356 inquieti
972 2301 1000 2352 x,
1015 2283 1071 2356 33).
1085 2285 1159 2342 Deus
1172 2284 1252 2340 enim
1264 2288 1295 2340 ut
1309 2289 1352 2341 est
1367 2283 1531 2356 indulgens,
1544 2283 1584 2339 ita
1598 2286 1642 2340 ast
1659 2299 1788 2357 praecep·

5 2375 6 2380 ’
102 2383 234 2438 inerant
256 2378 376 2434 llarime
404 2378 481 2434 enim
508 2377 564 2432 illis
595 2377 728 2448 congruit
755 2376 924 2433 uerecundia
973 2380 1069 2433 10ιο01
1094 2394 1213 2434 morum
1243 2383 1368 2448 exactor,
1397 2380 1427 2434 et
1452 2377 1570 2451 quidem
1598 2377 1739 2450 diligens;
1763 2384 1791 2435 et

102 2490 232 2548 quorum
258 2472 288 2530 in
308 2471 418 2528 delictis
442 2471 594 2528 damnatur
615 2486 697 2526 mens
720 2470 922 2526 inuerecunda.
974 2470 1093 2528 sicutad
1112 2470 1276 2527 convivium
1295 2469 1350 2543 (51)
1362 2473 1454 2539 vocat,
1469 2469 1509 2526 sic
1523 2469 1657 2526 habitum
1676 2472 1791 2544 nuptia·

5 2567 6 2574 ’
104 2570 226 2624 Pulsent
240 2582 308 2622 sane
332 2565 418 2635 lorea,
438 2565 488 2622 sed
515 2582 572 2621 non
592 2565 690 2637 utique
715 2565 923 2637 vconfringant,
973 2580 1039 2620 rum
1059 2581 1118 2621 nun
1142 2563 1333 2620 nabentem⁷⁹
1354 2563 1449 2638 ligetis
1470 2563 1601 2620 manibus
1623 2565 1793 2636 etpedibus

103 2663 215 2718 adeant
231 2661 267 2716 ad
280 2659 371 2716 limen
391 2659 532 2728 Ecclesia,
556 2658 605 2715 sed
627 2674 686 2715 non
704 2657 804 2731 utique
824 2657 925 2713 transi·
976 2661 1054 2714 extra
1067 2661 1231 2715 sanctorum
1246 2658 1435 2714 coetumloras
1445 2657 1549 2729 jactat.
1560 2658 1791 2728 Paravitcoelum,

102 2755 210 2811 11001Π
222 2771 230 2822 ;
244 2759 402 2810 castrorum
421 2752 580 2810 celestium
600 2751 739 2810 excubent
759 2751 861 2825 portis,
877 2751 925 2808 sed
975 2751 1024 2808 sed
1046 2751 1153 2824 parauit
1176 2756 1205 2808 et
1229 2753 1399 2807 Tartarum:
1426 2752 1540 2824 pararit
1561 2749 1722 2824 refrigeria,
1744 2753 1794 2808 sad

5 2849 6 2852 ’
104 2847 212 2905 armati
226 2846 375 2915 modestia,
384 2862 442 2919 qua
450 2845 649 2918 intelligentes
659 2846 818 2902 desertores
827 2845 924 2901 fuisse.
975 2845 1084 2919 paravit
1098 2845 1184 2901 etiam
1200 2850 1308 2901 aeterna
1321 2844 1461 2919 supplicia
1487 2862 1494 2902 ι
1516 2845 1629 2918 paravit
1644 2845 1793 2902 inaccessi-

104 2945 269 3000 Resumant
289 2955 406 3012 precum
430 2955 547 2994 suarum
569 2938 682 3007 tubam,
710 2939 761 2994 sed
783 2955 841 3013 qua
867 2955 926 2996 000
975 2939 1063 2996 bilem
1081 2941 1185 3010 lucem,
1209 2939 1261 2995 sed
1283 2939 1393 3012 paravit
1419 2940 1507 2995 etiam
1535 2941 1679 3012 perpetue
1702 2939 1794 2996 noctis

104 3037 245 3092 bellicum
270 3034 423 3106 clangant;
449 3039 563 3089 arment
584 3049 614 3090 se
640 3032 757 3107 quidem
779 3033 926 3089 modestiae
976 3039 1085 3090 vastam
1099 3033 1333 3106 eternamqrie⁸⁰
1347 3032 1509 3106 caliginem.

105 3131 229 3197 telis,et
250 3143 336 3200 quem
354 3126 486 3200 negando
509 3127 609 3183 mortis
627 3133 706 3184 metu
727 3127 794 3182 fidei
809 3126 925 3184 dimise·
1012 3128 1080 3184 Vlll.
1104 3127 1189 3198 Cujus
1212 3126 1433 3199 temperamenti
1455 3127 1642 3184 moderamen
1671 3145 1722 3184 nos
1747 3127 1795 3186 hic

105 3227 174 3279 rant
186 3222 322 3294 clypeum
336 3225 492 3290 resumant,
507 3221 555 3277 sed
576 3226 725 3277 utcontra
746 3220 857 3278 hostem
872 3221 927 3277 dia·
976 3224 1076 3278 tauma
1090 3225 1252 3294 quaerentes
1265 3221 1326 3290 diu,
1341 3227 1369 3278 et
1388 3221 1507 3294 quidem
1527 3221 1621 3291 multi,
1635 3227 1662 3278 et
1676 3222 1794 3295 quidam

5 3367 6 3396 ,
106 3317 209 3372 bolum
221 3315 269 3372 vel
280 3331 357 3371 nnnc
371 3314 486 3386 armati,
500 3330 559 3370 non
573 3319 672 3370 contra
684 3315 849 3383 Ecclesiam,
862 3331 926 3386 quaa
979 3331 1045 3371 cum
1065 3314 1234 3387 quibusdam
1256 3315 1397 3388 episcopis
1417 3315 1518 3372 vicinis
1534 3315 1589 3388 (58)
1612 3316 1693 3372 nobis
1707 3322 1736 3372 et
1749 3333 1798 3390 ap-

5 3403 6 3420 ’
106 3411 229 3468 111οωοι
255 3410 333 3466 dolet
357 3425 448 3477 casus,
476 3412 603 3464 armatos
634 3424 696 3464 esse
728 3423 758 3464 sa
795 3407 926 3466 credent.
977 3408 1250 3482 propinquantibus,
1264 3413 1376 3482 atquos
1397 3426 1432 3466 ex
1457 3409 1520 3466 aliis
1541 3409 1693 3481 provinciis
1711 3411 1797 3484 longe

801 3524 907 3590 Variae
938 3525 1108 3591 lectiones.

138 3643 161 3681 ⁷⁷
174 3643 213 3697 Ut
240 3643 397 3696 transiliant
419 3645 493 3694 octus
518 3644 613 3692 ionum.
639 3642 710 3707 Spir.
758 3639 780 3677 ⁷⁸
794 3641 879 3695 Citari
905 3644 962 3694 iia.
995 3643 1016 3677 ⁷⁹
1041 3645 1103 3697 Non
1125 3644 1290 3698 habentium
1313 3657 1416 3696 manus
1442 3644 1508 3696 Bod.
1531 3646 1554 3697 1.
1604 3641 1624 3676 ⁸⁰
1637 3641 1672 3696 111
1700 3645 1799 3698 tetram

110 3719 173 3768 m
758 3776 869 3860 Staph.
893 3776 1016 3843 Baluzii
1038 3783 1137 3844 00101.

109 3895 259 3951 &inradia
272 3897 386 3961 Querclt
402 3912 409 3947 :
429 3913 445 3944 a
457 3895 494 3948 111
511 3908 564 3948 nos
586 3896 639 3961 ipsi
652 3896 737 3947 innus
748 3895 818 3948 illud
838 3897 933 3949 nescio
1013 3899 1064 3962 (55)
1079 3899 1242 3952 Poeaiteutio.
1261 3900 1353 3950 Antea
1367 3895 1511 3960 legebatur
1522 3895 1710 3962 poeaitcntiom,
1723 3909 1800 3950 eem-

5 3987 6 3990 ’
108 3985 167 4036 qno
184 3969 352 4021 terebamus.
367 3985 383 4018 1
400 3967 534 4020 Sidonius
549 3967 597 4018 lib.
612 3981 662 4031 vu,
680 3969 761 4032 epist.
777 3969 806 4020 11
825 3982 831 4018 :
847 3986 862 4016 «
873 3969 934 4020 sibi
983 3985 1038 4036 que
1049 3973 1199 4023 lectionem
1214 3969 1496 4022 conflrmantveteree
1508 3967 1682 4019 editioneset
1693 3976 1800 4037 septem

5 4051 6 4056 ¹
108 4043 254 4093 maximas
272 4039 433 4100 honorandi
445 4039 552 4090 mnerls
574 4043 666 4103 partes
684 4040 746 4103 ipae
765 4039 895 4104 praeripit.
917 4058 932 4088 »
981 4047 1076 4095 vetera
1095 4041 1272 4107 exemplaria.
1288 4041 1427 4104 Nostram,
1447 4051 1511 4104 quae
1527 4037 1721 4104 videturesse
1740 4053 1800 4092 me-

5 4109 6 4160 ι
109 4115 191 4166 idem
210 4113 336 4164 carmine
354 4125 407 4164 xvi
424 4115 550 4163 extremo
564 4125 570 4161 :
584 4110 669 4163 asan
687 4124 766 4176 mage
788 4110 934 4163 lunaribus
982 4114 1044 4176 lior,
1060 4114 1227 4167 confirmant
1239 4113 1295 4164 tres
1308 4110 1417 4177 antiqui
1429 4109 1548 4163 codices.

5 4225 6 4232 ,
108 4189 236 4236 mentem
250 4184 399 4235 distractus
410 4182 569 4234 humandis.
589 4181 811 4244 »Cassiodorus
825 4182 873 4234 lib.
894 4195 933 4246 m,
1014 4185 1075 4250 (51)
1107 4187 1213 4237 Mittam
1245 4184 1349 4251 tapetes.
1384 4183 1573 4236 Tertullianus
1605 4183 1634 4234 in
1666 4181 1737 4234 libro
1769 4184 1802 4234 dc

108 4259 195 4321 epist.
218 4257 250 4307 19
271 4270 277 4304 ;
299 4271 315 4302 a
333 4255 415 4305 Areae
439 4252 473 4304 ad
496 4253 674 4304 recondenda
697 4254 803 4305 lunera.
827 4272 841 4302 s
864 4256 934 4306 Acta
983 4257 1151 4320 Paenitentia,
1172 4272 1186 4305 a
1209 4255 1384 4320 Presbyterls
1405 4254 1516 4322 advolvi
1536 4259 1565 4307 et
1586 4254 1659 4306 caris
1679 4254 1730 4306 Dei
1751 4254 1801 4306 ad·

110 4327 234 4378 Consilii
257 4326 427 4392 Bagatensis,
453 4341 468 4371 a
486 4325 666 4376 pereuntium
687 4323 832 4377 lunaribus
852 4325 934 4389 plena
983 4327 1145 4394 geniculati,
1174 4327 1306 4378 iratribus
1332 4327 1486 4392 legationes
1510 4325 1712 4390 deprecationis
1741 4335 1801 4377 snae

109 4403 177 4450 aaut
195 4398 297 4448 littora.
318 4415 332 4444 a
352 4396 498 4447 Liberatus
517 4408 577 4459 cap.
600 4396 628 4446 tl
648 4395 768 4460 loquens
788 4395 823 4446 de
846 4400 935 4447 morte
984 4400 1138 4464 injungere.
1153 4416 1168 4446 1

111 4469 366 4534 Preteffiepisuopi
382 4465 564 4519 Alexandrini
580 4481 586 4515 :
603 4483 619 4516 a
635 4466 787 4528 Occiditur,
804 4453 974 4528 laniatur,D
1015 4471 1065 4534 (57)
1099 4469 1261 4521 coavivium.
1292 4469 1331 4520 ita
1369 4470 1503 4533 scriptum
1540 4469 1583 4519 est
1614 4468 1643 4518 in
1680 4467 1802 4519 editione

109 4542 234 4604 elicitur,
264 4545 294 4590 at
320 4540 406 4590 lunns
433 4539 492 4603 0100
517 4538 693 4598 incenditur;
716 4540 883 4602 sparguntur
907 4543 934 4589 et
983 4541 1145 4593 Morelliana
1162 4545 1191 4593 et
1206 4541 1235 4591 in
1257 4538 1346 4590 tribus
1369 4539 1494 4604 antiquis
1514 4537 1668 4589 codicibus.
1686 4537 1802 4590 Veteres

110 4615 222 4663 encres
234 4611 335 4674 ajusin
348 4613 458 4662 ventos.
471 4627 486 4656 1
498 4609 644 4660 Assentior
657 4608 781 4660 Liuineio
796 4607 934 4660 011101110-
985 4613 1120 4664 editiones
1142 4617 1171 4663 et
1191 4612 1317 4677 quinque
1343 4609 1407 4660 libri
1432 4613 1541 4661 veteres
1566 4607 1716 4672 preferant
1739 4621 1801 4659 coa·

110 4683 160 4739 tio,
177 4683 227 4747 qni
240 4695 292 4746 pro
307 4695 340 4732 eo
354 4679 430 4746 quod
448 4680 521 4746 apud
540 4680 712 4745 Drepanium
725 4682 753 4731 in
766 4679 934 4744 panegyrico
984 4684 1065 4735 eicio.

111 4753 269 4804 Theodosii
289 4754 324 4802 Α.
348 4753 461 4816 legitur,
477 4769 491 4798 a
505 4752 706 4803 Damnatomm
720 4752 799 4802 irena
816 4754 935 4802 tractas-
1015 4755 1065 4818 158)
1082 4755 1220 4820 Episcopia
1237 4753 1341 4805 0101011.
1366 4751 1420 4815 in
1444 4763 1509 4802 cum
1529 4751 1659 4803 viderent
1678 4749 1802 4802 diversas

110 4829 189 4886 aaut,
202 4845 217 4871 s
231 4823 537 4890 putantraponendum
551 4835 614 4876 esse
627 4823 732 4888 [onero.
985 4839 1047 4878 esse
1077 4827 1106 4876 10
1134 4825 1261 4878 Ecclesia
1289 4823 1392 4875 Christi
1420 4821 1565 4887 opiniones
1591 4822 1666 4872 circa
1691 4821 1803 4886 lapsos,

144 4897 198 4958 (55)
214 4895 398 4946 Ecclesiastico
413 4896 526 4946 nomini.
547 4895 589 4945 Ite
608 4907 660 4946 noa
678 4896 862 4960 reposuimus,
876 4894 935 4946 edi·
986 4897 1177 4950 existimarent
1214 4898 1307 4946 eutem
1348 4893 1447 4946 orienti
1484 4892 1559 4944 malo
1597 4893 1803 4947 occurrendum

113 4967 222 5018 1100001
235 4967 420 5032 anglicanam
435 4967 667 5018 etauctoritatem
685 4967 871 5032 quommdam
889 4978 937 5016 ve·
985 4981 1061 5030 sese,
1095 4969 1208 5018 Romam
1241 4966 1434 5016 commearunt
1464 4966 1496 5015 ut
1525 4962 1560 5016 de
1589 4977 1686 5015 eorum
1719 4978 1805 5019 causa

112 5041 208 5088 terum
228 5037 364 5090 librarum
386 5039 484 5089 secuti.
499 5037 529 5089 Si
550 5039 613 5102 quis
634 5041 724 5089 tamen
745 5037 836 5103 legere
857 5036 937 5087 malit
986 5042 1144 5090 tractarent.
1169 5035 1260 5088 Causae
1285 5036 1443 5088 communis
1467 5039 1539 5098 erat,
1562 5049 1625 5102 qsras
1646 5048 1807 5090 commore-

112 5111 231 5167 acrniae,
242 5120 302 5158 000
319 5120 453 5172 repugno.
986 5110 1035 5161 bat
1053 5110 1212 5160 universam
1231 5107 1395 5159 Ecclesiam.
1420 5105 1553 5158 Sciebant
1572 5110 1663 5159 autem
1685 5107 1727 5160 illi
1747 5111 1806 5160 aln-

145 5179 199 5242 153)
222 5179 284 5230 Nun
302 5183 520 5230 momentaneam.
544 5179 606 5231 Nou
628 5181 703 5231 euim
719 5179 794 5231 lente
815 5177 937 5232 remedia
987 5181 1059 5248 gulis
1076 5181 1214 5246 episcopis
1230 5177 1392 5230 incumbere
1406 5181 1438 5228 ut
1455 5177 1619 5242 provideant
1634 5191 1669 5231 ne
1691 5181 1759 5246 quid
1775 5194 1807 5233 es

113 5261 169 5300 nec
183 5263 285 5316 segnes
303 5250 428 5302 medicos
447 5254 583 5316 expetunt
601 5251 729 5316 quadam
751 5256 885 5315 tempora,
906 5252 937 5300 ut
987 5253 1079 5318 capiat
1110 5250 1278 5303 detrimenti.
1313 5249 1411 5314 ltaque
1443 5261 1479 5299 ex
1511 5254 1656 5314 compacto
1688 5251 1805 5304 110010οι

115 5319 191 5385 apud
224 5321 259 5385 Q.
293 5320 423 5374 Curtium
451 5321 500 5372 tib.
530 5334 560 5373 ιιι
584 5321 620 5374 de
645 5334 675 5373 se
703 5321 795 5374 aiebat
819 5333 937 5386 magnus
987 5324 1114 5390 protecti,
1136 5335 1191 5374 non
1218 5334 1285 5374 vero
1311 5321 1462 5372 convocati
1485 5321 1592 5373 sciero
1617 5319 1751 5386 Romano,
1776 5329 1809 5376 01

114 5393 282 5445 Alexander.
304 5392 352 5446 Sic
373 5393 404 5444 in
429 5393 545 5458 eplstola
567 5394 678 5445 concilii
701 5393 939 5446 Chalcedonensis
987 5395 1094 5461 putarit
1126 5395 1276 5458 Remulus,
1309 5393 1449 5458 synodum
1481 5405 1547 5444 cum
1579 5392 1748 5457 presbyteria
1780 5397 1808 5444 et

113 5463 148 5514 ad
166 5467 349 5531 imperatores
369 5466 399 5518 in
419 5465 541 5516 editione
559 5466 667 5517 Rustici
687 5465 795 5519 diaconi
816 5468 936 5532 legitur:
988 5467 1114 5518 diaconis
1129 5467 1235 5517 urbicis
1255 5465 1482 5528 celebraverunt,
1499 5467 1532 5514 01
1552 5463 1661 5515 firmato
1680 5463 1808 5528 consilio,

116 5535 253 5603 «usgue
266 5538 411 5602 passiones
423 5541 451 5590 et
463 5537 668 5590 medicamenta
682 5537 762 5590 tortia
777 5543 803 5591 et
815 5539 939 5591 medicos
989 5537 1225 5603 quemadmodum
1255 5537 1352 5589 scribit
1378 5537 1407 5588 10
1436 5535 1552 5600 epistola
1576 5533 1608 5585 tu
1635 5532 1808 5599 Cyprianus,

115 5609 243 5679 indigent
257 5615 434 5678 sapientes.»
988 5609 1057 5676 quid
1093 5609 1167 5662 circa
1205 5621 1352 5674 persenam
1389 5619 1486 5659 eorum
1523 5605 1663 5658 observari
1695 5604 1810 5656 deberet

146 5685 198 5748 (51)
212 5685 383 5736 Damas.
395 5685 459 5736 Duo
473 5684 537 5738 libri
553 5689 660 5741 veteres
676 5687 781 5740 bahem
797 5683 939 5738 «deside-
989 5693 1128 5734 consensu
1149 5679 1277 5731 omnium
1300 5682 1478 5732 statueretur.
1498 5677 1571 5729 Hinc
1594 5676 1706 5741 collegit
1725 5675 1808 5725 Baro-

113 5767 178 5809 rare
193 5755 294 5812 11011010
309 5756 522 5810 medicinam.»
989 5756 1053 5810 ntus
1078 5751 1231 5808 concilium
1257 5763 1291 5806 eo
1315 5755 1439 5820 tempore
1462 5748 1590 5803 habitum
1615 5745 1727 5802 actem
1753 5743 1809 5798 Ru·
