3986 6208
1238 61 1248 88 h

249 231 299 286 aas
698 230 725 316 s.
746 229 903 288 cremam
922 231 1058 293 oruauu
1079 235 1165 292 rsus
1184 237 1220 292 u.
1240 265 1274 280 -
1292 239 1476 297 ornacum.
1851 255 1894 310 coe
1962 217 1963 224 Ν

252 355 351 410 clesias
371 357 481 426 septem
500 352 686 425 postmodum
702 355 822 426 peperit,
847 354 906 426 ipsa
927 357 1019 427 prima
1039 362 1068 414 ct
1078 375 1223 448 Agauere
1253 361 1308 417 isto
1342 363 1483 435 supplicii,
1513 365 1558 421 cui
1588 367 1703 439 contigit
1731 374 1843 429 extensis
1869 379 1900 434 ad
1962 359 1963 366 ἵ

253 466 308 503 una
336 465 422 519 super
447 449 565 502 Petrum
584 448 607 482 '⁴‘
628 447 682 518 (38)
707 449 821 503 Domini
845 465 912 506 voce
935 451 1066 508 laudata.
1116 470 1231 526 poenam
1258 455 1389 512 manibus
1415 459 1553 528 passionis
1581 460 1727 517 Dominice
1745 464 1827 520 instar
1849 469 1902 525 imi·

251 544 306 597 Nec
325 544 404 596 vacat
420 540 499 612 quod
518 541 547 596 in
567 541 746 612 passionibus
764 544 823 598 sola
845 545 868 578 ⁸⁵
885 559 949 599 cum
970 544 1067 600 liberis
1117 548 1180 604 lari.
1207 549 1262 604 Nee
1286 567 1345 605 non
1367 557 1395 607 et
1419 557 1549 624 quartus,
1573 555 1635 625 pari
1658 555 1756 612 virtute
1778 563 1902 620 tormenta

252 637 344 689 mater
356 639 397 690 est
413 650 420 688 :
436 640 578 706 martyres
591 635 681 704 euim,
697 637 788 708 quise
804 637 854 692 liei
872 637 943 693 lilios
956 639 986 693 iu
1000 655 1066 711 pas·
1118 648 1316 714 contemnens,
1327 645 1400 700 etad
1411 647 1625 704 retundendum
1636 665 1731 722 regern
1740 653 1836 709 caelesti
1846 672 1902 712 voce

251 727 330 782 sione
353 731 510 796 testantur,
529 729 590 800 y'am
616 746 674 784 non
694 730 749 786 uisi
768 732 826 802 Deo
847 737 928 803 patre
947 748 1066 790 censon-
1117 738 1303 808 respondeus,
1323 741 1491 796 exclamavit
1510 743 1539 796 et
1560 741 1632 798 dixit
1652 759 1658 798 :
1684 765 1697 795 κ
1718 747 1805 801 Potius
1821 756 1858 806 est
1874 753 1902 806 ab

251 826 312 887 tur;
332 821 403 898 sicui
424 822 454 876 in
469 823 624 894 Evangelio
642 823 780 879 Dominus
795 824 886 891 docet,
906 825 1003 880 dicens
1017 826 1041 861 ⁸⁶
1058 843 1065 881 ι
1117 831 1282 888 hominibus
1296 833 1382 889 morti
1401 834 1479 890 datos
1496 846 1659 908 exspectare
1674 854 1750 910 spem
1767 856 1782 895 a
1797 843 1848 898 lieo
1863 843 1904 900 ile-

252 914 349 989 669
363 935 376 966 a
392 917 432 971 Ne
450 917 618 972 vocaveritis
636 918 713 972 vobis
732 922 844 989 patrem
863 919 886 953 ⁸⁷
906 935 992 991 super
1009 926 1065 975 ter·
1117 940 1190 990 rum,
1215 925 1250 980 ab
1271 942 1304 981 eo
1322 928 1495 983 suscitandos
1513 930 1542 984 in
1561 929 1650 986 vitam
1664 933 1687 966 ⁵³
1702 936 1829 990 aeternam
1843 953 1848 991 :
1862 939 1905 993 tibi

251 1026 329 1079 ram,
354 1026 429 1066 unus
457 1014 501 1066 est
530 1010 608 1066 enim
632 1013 713 1066 Pater
741 1015 835 1066 vester
861 1013 910 1084 qui
935 1013 964 1067 in
991 1014 1068 1068 coelis
1118 1019 1195 1074 enim
1221 1022 1390 1076 resurrectio
1412 1022 1556 1078 advitam
1581 1039 1638 1079 uon
1658 1025 1739 1082 erit»
1756 1028 1839 1100 (lota,
1859 1032 1904 1103 li).

168 1123 171 1134 ·
251 1106 296 1158 est
315 1123 328 1156 n
356 1105 473 1174 (March,
494 1120 570 1173 xxm,
592 1107 627 1176 v).
651 1106 718 1170 Qum
740 1121 806 1161 vero
827 1105 981 1162 ediderunt
1000 1123 1066 1162 con·
1118 1111 1249 1181 Quintus,
1270 1116 1471 1187 praeterquod
1492 1117 1687 1174 carnificinam
1706 1123 1779 1192 regis
1793 1128 1818 1178 et
1835 1123 1905 1180 duros

250 1197 405 1253 sessionum
426 1199 577 1270 praeconia,
591 1215 679 1271 quam
697 1199 842 1269 praeclara,
857 1216 945 1272 quam
959 1217 1068 1273 magua
1117 1207 1265 1279 variosque
1290 1208 1431 1264 cruciatus
1458 1211 1524 1267 fidei
1552 1212 1649 1282 vigore
1675 1215 1699 1249 ⁵⁸
1727 1215 1854 1285 calcabat,
1876 1219 1905 1274 ad

251 1292 423 1348 documenta
445 1292 511 1348 fidei
535 1293 732 1364 prebuerant!
760 1293 820 1348 Rex
846 1295 1000 1350 Antiochus
1019 1295 1065 1351 iu·
1117 1301 1323 1372 praescientiam
1347 1319 1461 1376 qnoque
1484 1309 1513 1360 et
1531 1306 1665 1362 notitiam
1688 1308 1840 1364 futuromm
1859 1313 1905 1382 spi-

250 1386 353 1455 iestns,
382 1387 438 1442 imo
466 1388 496 1442 in
526 1387 664 1442 Antiocho
691 1387 874 1442 antichristus
904 1404 1066 1460 expressum
1117 1394 1174 1450 ritu
1187 1395 1340 1452 divinitatis
1355 1398 1510 1468 animatus,
1525 1401 1710 1472 prophetavit
1721 1403 1781 1474 regi
1792 1404 1905 1476 indigua·

250 1497 300 1536 ora
323 1483 483 1552 martyrum
506 1480 628 1551 gloriosa
648 1486 676 1536 et
695 1481 797 1552 spiritu
819 1481 1003 1537 confessionis
1020 1483 1066 1537 iu·
1117 1488 1225 1544 tionem
1239 1489 1329 1544 belet
1341 1489 1478 1547 ultionem
1491 1494 1627 1550 velociter
1641 1497 1906 1571 secuturam:970

248 1575 332 1643 victa,
348 1573 515 1644 contagiot⁸
530 1574 620 1629 suillae
641 1575 732 1630 carnis
752 1575 896 1630 maculare
910 1575 1064 1647 querebat,
1120 1602 1134 1632 a
1148 1582 1330 1650 potestatem,
1341 1584 1446 1656 inquit,
1459 1586 1533 1642 inter
1542 1587 1677 1643 homines
1686 1589 1799 1659 hahens,
1810 1607 1866 1645 enm
1876 1593 1906 1646 sis

250 1674 278 1724 et
293 1685 359 1724 cum
374 1667 495 1740 flagellis
514 1669 639 1741 graviter
656 1668 841 1735 verberasset,
860 1685 891 1723 ac
908 1669 978 1724 nihil
999 1685 1063 1740 pro·
1117 1676 1317 1748 corruptibilis,
1343 1679 1413 1733 facis
1440 1680 1517 1750 quod
1542 1681 1594 1736 vis.
1618 1683 1681 1738 Noli
1707 1689 1800 1738 autem
1822 1689 1908 1756 putare

247 1778 364 1818 movere
384 1761 530 1834 potuisset,
553 1761 709 1834 sartagines
723 1762 807 1833 jussit
828 1760 940 1833 igniri:
961 1753 1103 1834 quibuvss
1116 1781 1204 1841 genus
1229 1773 1359 1826 nostrum
1372 1788 1388 1826 a
1402 1773 1457 1828 [teo
1480 1773 1649 1832 derelictum
1672 1793 1742 1834 esse.
1764 1777 1908 1833 Sustineat

246 1857 345 1928 ignitis
364 1862 392 1911 et
416 1855 551 1925 accensis,
570 1871 638 1910 eum
661 1855 710 1927 qni
734 1855 844 1926 primus
867 1856 979 1912 locutus
999 1856 1061 1911 iue-
1113 1862 1176 1920 vide
1202 1879 1339 1936 maguam
1360 1869 1531 1937 potestatem
1550 1869 1574 1904 ⁵⁵
1595 1870 1669 1941 ejus,
1701 1871 1818 1944 qualiter
1840 1875 1865 1927 te
1886 1877 1909 1927 et

246 1953 300 2017 rat,
322 1955 350 2004 et
370 1949 461 2020 magis
483 1965 581 2020 regem
598 1951 622 1984 ⁴⁹
636 1949 746 2004 virtutis
769 1953 798 2004 et
817 1949 884 2004 fidei
903 1950 1063 2005 constantia
1113 1972 1211 2012 semen
1227 1959 1399 2030 torquebit»
1415 1962 1509 2032 libid„
1525 1963 1581 2033 ld).
1599 1963 1690 2029 Quale
1704 1963 1770 2020 illud
1782 1965 1906 2020 levamen·

246 2046 464 2116 provocaverat,
494 2043 642 2098 admoveri
668 2044 804 2114 praecepit
830 2048 859 2098 et
883 2043 967 2114 frigi,
995 2059 1062 2115 pro·
1114 2052 1175 2105 tum
1191 2051 1246 2106 fuit
1261 2053 1379 2126 martyri
1391 2055 1425 2124 ⁵⁶,
1440 2071 1526 2127 quam
1542 2057 1649 2128 grande
1667 2057 1722 2129 (to)
1741 2058 1871 2128 solatium,
1884 2059 1907 2114 iu

245 2139 329 2194 ducta
364 2141 393 2192 et
425 2143 538 2193 exsecta
574 2137 653 2208 prius
684 2136 799 2208 lingua,
833 2152 898 2208 quac
935 2137 1064 2192 confessa
1113 2143 1282 2200 cruciatibus
1311 2147 1367 2202 suis
1394 2165 1452 2203 uon
1478 2152 1624 2208 tormenta
1648 2151 1764 2225 propria
1787 2153 1907 2225 cogitare,

245 2234 335 2289 ileum
361 2232 470 2300 iuerat;
493 2230 568 2302 quod
592 2230 711 2301 martyri
737 2229 888 2300 gloriosius
911 2229 1060 2301 contigit:
1113 2238 1160 2293 sed
1192 2239 1309 2295 tortoris
1339 2243 1383 2297 sui
1415 2243 1552 2315 supplicia
1585 2245 1758 2316 praedicaret
1789 2246 1817 2301 lu
1844 2251 1908 2302 sexto

173 2335 175 2342 ¹
245 2327 345 2398 lingua
362 2326 440 2382 enim
461 2325 588 2380 contessa
606 2339 713 2379 nomen
736 2323 795 2391 Dei,
817 2323 895 2395 prior
917 2324 952 2378 ad
973 2324 1061 2378 Deum
1112 2347 1177 2387 vero
1192 2348 1249 2388 non
1263 2333 1352 2389 virtus
1373 2337 1446 2404 sola,
1465 2338 1515 2392 aed
1535 2341 1564 2393 et
1582 2338 1731 2396 humilitas
1748 2339 1908 2412 praedicanda

245 2421 344 2476 debuit
367 2421 428 2492 ipsa
454 2418 601 2490 proticisci.
628 2419 693 2474 Post
721 2418 751 2472 iu
776 2419 899 2473 secundo
925 2418 949 2452 ⁵⁰
977 2434 1061 2472 exco-
1111 2430 1168 2493 est;
1183 2427 1254 2482 nihil
1276 2427 1329 2482 sibi
1349 2433 1507 2502 martyrem
1525 2431 1691 2498 vindicasse,
1712 2451 1764 2489 uec
1781 2434 1908 2490 coniessic

199 2566 201 2574 ,
245 2514 341 2586 gitatis
362 2512 518 2568 acrioribus
542 2513 642 2583 paenis,
666 2517 820 2584 antequam
842 2517 944 2567 caetera
968 2527 1059 2566 mem·
1112 2518 1155 2572 uis
1178 2535 1236 2574 suan
1257 2521 1398 2577 bonorem
1418 2525 1546 2596 superbis
1558 2527 1673 2582 vocibns
1693 2528 1843 2596 ventilasse,
1853 2545 1907 2600 pec·

243 2609 296 2664 bra
315 2613 472 2678 torqueret,
487 2613 581 2662 cutem
599 2605 699 2678 capitis
714 2622 780 2661 cnm
800 2605 909 2676 capillis
925 2604 1059 2674 detraxit,
1111 2612 1178 2668 catis
1211 2614 1307 2685 potius
1334 2617 1392 2672 suis
1424 2618 1615 2690 adscripsisse,
1642 2621 1722 2694 qnod
1753 2623 1906 2695 persecutio·

245 2703 312 2758 odio
334 2701 440 2756 scilicet
463 2705 552 2756 certo.
574 2703 645 2756 Nam
666 2716 733 2754 curn
754 2705 840 2772 caput
859 2699 913 2754 viri
933 2700 1060 2756 Christus
1109 2723 1176 2761 nem
1201 2724 1217 2761 a
1243 2724 1312 2780 rege
1345 2713 1506 2781 paterarum
1535 2716 1590 2769 neo
1622 2731 1689 2771 vero
1721 2716 1824 2772 dedisse
1845 2716 1907 2787 quod

245 2796 291 2864 sit,
313 2799 342 2852 et
362 2799 448 2867 caput
469 2795 572 2850 Christi
594 2797 681 2863 Deus,
703 2793 753 2865 qui
776 2796 862 2865 caput
882 2794 1008 2849 laniabat
1030 2795 1060 2848 iu
1110 2800 1293 2872 postmodum
1327 2804 1526 2862 vindicaretur.
1556 2809 1658 2864 Docuit
1691 2827 1753 2866 csse
1788 2811 1907 2880 martyres

244 2895 379 2962 martyre,
401 2891 490 2944 Deum
508 2895 537 2944 et
554 2889 699 2945 Christum
718 2887 942 2960 persequebatur
962 2888 991 2942 iu
1011 2904 1057 2942 ca·
1109 2896 1297 2966 verecundos,
1313 2897 1349 2952 de
1366 2899 1478 2955 ultione
1497 2900 1596 2970 fidere,
1611 2907 1639 2958 et
1658 2904 1728 2959 nihil
1746 2905 1776 2959 iu
1794 2903 1906 2975 passione

242 2983 313 3056 pite.
336 2987 372 3038 At
392 2984 440 3038 ille
459 2985 489 3039 in
508 2982 644 3054 martyrio
662 2999 713 3036 suo
733 2981 824 3037 tideus
847 2982 888 3048 ⁵¹,
913 2987 943 3036 et
964 2998 1059 3036 resur·
1106 2989 1238 3060 jactare:
1260 3011 1274 3040 a
1290 2991 1362 3060 Noli,
1386 2992 1491 3064 inquit,
1513 2994 1619 3051 trustra
1642 3013 1759 3054 errare:
1776 3014 1822 3053 nos
1844 2997 1907 3052 euim

242 3077 377 3133 rectionis
410 3077 462 3131 sihi
493 3077 645 3148 praemium
677 3076 712 3131 de
741 3075 793 3130 liei
824 3075 1058 3132 remuneratione
1109 3082 1228 3149 proptor
1251 3081 1443 3153 nosmetipsos
1469 3083 1530 3139 haec
1554 3085 1699 3157 patimur,
1727 3091 1865 3159 peccantes
1884 3086 1906 3138 in

242 3173 425 3244 promittens,
452 3171 618 3226 exclamavit
643 3174 671 3226 et
697 3169 766 3224 dixit
794 3186 800 3224 :
830 3190 844 3218 α
871 3171 911 3224 Tu
943 3124 1200 3242 quidemCDeum
1217 3178 1356 3230 nostrum.
1372 3177 1413 3231 Tu
1426 3179 1534 3246 autem,
1550 3195 1586 3233 ne
1607 3185 1634 3235 te
1651 3180 1794 3236 existimes
1806 3182 1906 3252 impunc

243 3267 388 3338 impotens
408 3266 431 3300 ⁵²
452 3265 505 3336 (39)
522 3283 555 3319 ex
575 3264 629 3320 hac
651 3264 784 3336 praesenti
802 3264 859 3318 vita
876 3280 929 3318 rios
947 3263 1042 3335 perdis
1049 3282 1057 3333 ;
1109 3264 1303 3338 (liliaturum
1314 3269 1349 3338 ⁵¹,
1361 3285 1512 3342 aggressus
1523 3288 1652 3344 pugnare
1666 3291 1732 3330 cum
1744 3276 1795 3330 [leo
1806 3274 1905 3344 >vilitate

243 3359 414 3416 eadmundi
438 3375 485 3414 rex
508 3359 656 3414 defunctos
671 3375 722 3413 nos
743 3374 794 3430 pro
815 3358 874 3412 snis
896 3357 1009 3429 legibus
1029 3357 1059 3412 iu
1111 3361 1165 3428 18).
1192 3360 1372 3417 admirabilis
1397 3380 1513 3436 qnoque
1540 3371 1643 3436 mater,
1670 3385 1735 3440 quae
1764 3385 1814 3424 nec
1839 3383 1906 3422 sexus

244 3459 382 3510 aeternam
404 3453 467 3509 vitae
487 3453 727 3508 resurrectionem
744 3451 889 3506 suscitabit
909 3475 922 3502 u
945 3454 978 3523 (ll
999 3454 1058 3507 llu-
1108 3452 1278 3510 infirmitate
1293 3455 1392 3526 tracta,
1403 3474 1457 3514 nec
1472 3461 1622 3532 multiplici
1636 3461 1758 3518 orbitate
1771 3467 1905 3526 commota,

245 3551 331 3612 abab,
364 3567 411 3617 vu,
446 3548 483 3618 a).
516 3548 626 3602 Tertius
655 3547 781 3617 linguam
815 3546 975 3617 postulatus
1005 3545 1059 3601 cito
1110 3548 1265 3603 morientes
1291 3549 1394 3606 liberos
1420 3556 1556 3624 spectavit
1583 3555 1724 3626 libenter,
1748 3573 1798 3612 uec
1823 3571 1904 3627 penas

244 3643 363 3718 protulit
382 3661 389 3698 :
413 3659 480 3697 uam
500 3657 615 3713 prienam
637 3640 743 3711 linguae
763 3640 927 3695 exsecandae
941 3640 1001 3711 jam
1016 3640 1058 3694 di·
1108 3640 1173 3695 illas
1188 3643 1412 3713 pignorum,sed
1426 3647 1530 3718 glorias
1545 3652 1800 3721 computantium
1815 3648 1905 3721 grande

244 3739 353 3794 diceret
376 3738 495 3792 alratre
517 3741 717 3802 contemnere;
740 3750 840 3788 manus
862 3750 977 3806 quoque
997 3749 1057 3788 am·
1110 3737 1279 3807 martyrium
1295 3739 1350 3792 lieo
1365 3739 1497 3810 praebens
1513 3741 1619 3798 virtute
1636 3746 1784 3801 oculorum
1797 3758 1905 3808 suorum,

243 3833 384 3904 putandas
421 3831 585 3887 constanter
621 3827 761 3896 extendit,
800 3827 924 3884 multum
960 3827 1060 3883 beatus
1109 3845 1196 3900 quam
1221 3832 1402 3902 prebuerant
1424 3833 1473 3889 lilii
1497 3836 1558 3907 ejus
1573 3839 1727 3895 tormentis
1748 3843 1776 3894 et
1794 3836 1905 3910 passione

938 3974 1043 4038 llariae
1064 3973 1232 4040 lectiones.

272 4117 294 4148 ⁴⁴
312 4114 355 4164 Sic
371 4115 444 4164 Lam
460 4115 520 4163 Voss
541 4113 563 4161 l.
575 4111 630 4162 bin.
643 4111 708 4172 Nep.
725 4109 787 4173 lmp.
800 4108 889 4173 Super
900 4110 1005 4172 petram
1017 4107 1086 4170 Spir.
1098 4108 1194 4156 lacem.
1211 4109 1292 4158 Remi.
1311 4111 1409 4160 Erasm.
1424 4113 1514 4162 liorel.
1529 4115 1607 4166 Gran.
1619 4115 1682 4165 Fon.
1715 4116 1736 4150 ⁴⁵
1749 4111 1906 4166 Passiouibus

239 4186 372 4236 solatium
389 4181 487 4233 dudd.
520 4180 543 4214 ⁴⁸
566 4180 703 4231 Dominus
719 4180 843 4244 loquitur
858 4179 1036 4229 dicenstam.
1060 4177 1135 4228 libor.
1153 4179 1252 4229 eoae
1286 4181 1307 4216 ⁴²
1317 4183 1357 4234 Ne
1372 4183 1536 4236 vocaveritis
1548 4189 1656 4249 patrem
1684 4185 1759 4236 libor.
1791 4184 1907 4235 ⁴⁸(lonta-

245 4255 397 4319 gioneiin.
433 4250 725 4314 ⁴>liagisiramregis
743 4249 806 4300 lind.
822 4250 846 4300 3.
880 4248 944 4300 ¹⁰lu
960 4250 1117 4300 secundum
1138 4251 1231 4300 Vocat
1266 4251 1286 4287 ⁸¹
1298 4254 1329 4303 lu
1344 4257 1478 4320 martyrio
1490 4268 1542 4308 suo
1557 4257 1635 4308 tortis
1659 4257 1758 4308 lindi.
1791 4255 1906 4304 ⁵¹Potens

243 4325 340 4375 130th
375 4326 395 4356 ⁵³
407 4323 437 4372 ln
451 4324 536 4372 vitum
545 4325 676 4372 aeternam
696 4323 781 4370 omitt.
798 4323 869 4371 Lem.
881 4321 959 4372 Ehor.
976 4321 1027 4374 NG.
1043 4321 1065 4370 l.
1078 4320 1103 4369 h.
1121 4321 1188 4370 voss.
1205 4321 1228 4379 l,
1240 4326 1262 4372 ³.
1276 4325 1335 4374 bod.
1356 4327 1414 4386 l,2,
1430 4330 1455 4388 ³,
1467 4328 1488 4377 t.
1504 4329 1566 4378 Bere.
1588 4331 1645 4378 Ver.
1683 4327 1705 4364 ⁵⁸
1719 4325 1906 4390 Fideetvigora

246 4395 344 4445 roae.
379 4392 818 4458 “Magnapotestasbnmlibon
838 4391 927 4441 Nat.
945 4391 1111 4441 Voss.l.Lin
1135 4390 1200 4440 Bod.
1217 4393 1370 4453 mnenon
1388 4399 1445 4449 Ver,
1479 4397 1695 4463 ⁵⁶MartyrisAr.
1728 4397 1905 4464 sumpunssum

245 4471 382 4524 uturum.
395 4471 457 4520 Lam
465 4466 605 4520 libonNC.
619 4467 642 4522 l,
653 4466 677 4516 ἰ.
691 4465 753 4516 Bcd.
765 4466 789 4522 i,
802 4464 827 4521 Ξ,
837 4463 862 4525 3,
876 4465 899 4514 l.
912 4465 968 4516 Ls'n.
988 4464 1055 4514 Voss.
1071 4464 1123 4524 ist.
1137 4466 1228 4518 Beaeo.
1247 4466 1303 4515 Ver.

900 4615 1011 4698 Steph.
1034 4614 1158 4680 Baluzii
1179 4622 1279 4680 uotae.
1332 4653 1335 4660 ·

276 4763 323 4827 (38)
349 4761 435 4823 Snpn·
458 4759 570 4810 Petram.
598 4755 734 4821 Rigaltius
755 4755 887 4805 admonet
910 4754 939 4804 in
964 4753 1100 4836 codiceD
1142 4753 1190 4816 (39)
1220 4755 1358 4816 impotens.
1382 4755 1462 4806 Hauc
1491 4756 1638 4808 lectionem
1668 4757 1759 4808 intulit
1782 4755 1903 4806 Erasmus.

245 4833 376 4884 Foxiensi
413 4831 546 4894 scriptum
582 4829 669 4878 luisse
704 4839 785 4890 snper
820 4832 942 4891 petrum,
978 4823 1062 4888 idque
1113 4822 1391 4878 Confirmantautem
1412 4829 1583 4892 eamplures
1601 4829 1665 4879 libri
1685 4835 1790 4881 veteres
1807 4829 1903 4878 elusus

244 4909 334 4956 semet
360 4903 523 4966 inspexisse,
551 4899 600 4950 sed
627 4913 741 4950 manum
769 4898 963 4958 recentiorem,
992 4896 1062 4946 auti·
1112 4895 1218 4946 Latinae
1242 4897 1354 4962 linguae.
1384 4899 1548 4962 impotentia
1574 4901 1711 4964 siguificat
1735 4900 1814 4950 nivnis
1836 4893 1903 4944 vohe-

154 5023 155 5026 ,
245 4991 329 5042 quam
357 4979 459 5036 iumen,
485 4973 595 5022 duobus
618 4971 749 5022 obeliscis
773 4969 967 5034 perstrinxisse
991 4981 1008 5016 o
1036 4963 1064 5018 et
1112 4971 1901 5035 mentempotentium,etveluttyrannicumillinsusuru.

244 5046 454 5111 superposuisse
475 5059 499 5093 u.
518 5045 555 5094 at
575 5057 639 5093 cnm
662 5057 713 5107 ego
732 5041 807 5092 istud
831 5055 887 5092 nnn
908 5040 1063 5091 invenerim
1114 5039 1234 5100 Quidam
1260 5039 1323 5089 libri
1348 5045 1454 5092 veteres
1476 5046 1503 5092 et
1524 5044 1646 5106 antiquas
1668 5044 1808 5100 editiones,
1833 5038 1902 5086 etiam
1962 5107 1963 5110 Ἴ

245 5121 273 5168 iu
304 5117 402 5168 codice
430 5115 572 5178 Fuxiensi,
597 5119 695 5178 putare
722 5129 805 5178 cogor
832 5113 982 5177 Rigallium
1009 5111 1063 5162 alio
1113 5109 1373 5176 hlorelliaua,qnod
1396 5113 1497 5163 mirum
1516 5116 1566 5174 est,
1587 5112 1810 5178 praeleruntquiu
1828 5113 1902 5173 polens

245 5191 384 5238 intentum
422 5187 548 5251 posuisse
585 5185 725 5236 Foxicnse
759 5198 810 5248 pro
848 5183 968 5249 quodam
1009 5184 1063 5233 alio
1112 5193 1147 5230 eu.
1162 5179 1232 5231 Vide
1247 5181 1412 5232 Lamhiuum
1426 5183 1460 5232 ad
1474 5183 1620 5234 Horatium
1634 5185 1680 5235 lib.
1696 5199 1714 5246 1,
1730 5185 1771 5235 od.
1784 5183 1819 5234 3⁷.

246 5260 436 5321 manuscripto
459 5259 488 5307 in
515 5270 570 5322 quo
596 5257 624 5306 id
650 5257 802 5306 invenerat.
828 5256 860 5304 ln
883 5255 1063 5318 Seguieriano
1144 5251 1193 5322 (40)
1209 5253 1292 5313 Quom
1313 5267 1448 5318 magnam.
1464 5255 1668 5307 Revocavimus
1686 5256 1746 5307 herc
1764 5253 1814 5304 duo
1835 5261 1902 5330 vact-

247 5331 382 5393 scriptum
399 5331 489 5392 primo
511 5327 562 5378 luit
577 5340 658 5390 super
676 5332 787 5390 petram,
801 5325 849 5376 sed
865 5332 958 5390 postea
976 5328 1063 5390 posita
1113 5320 1187 5384 bula,
1203 5337 1266 5390 quae
1289 5325 1450 5377 exciderant
1465 5327 1494 5376 in
1515 5327 1635 5379 editione
1651 5327 1767 5394 Rigaltii,
1779 5329 1804 5376 et
1816 5331 1901 5402 omissa¹

247 5405 289 5453 est
310 5401 464 5464 antiquitus
483 5399 572 5449 littera
592 5413 607 5446 u
631 5411 714 5462 super
735 5398 854 5448 litteram
876 5413 901 5454 n,
917 5402 947 5448 ut
967 5402 1063 5450 osteu-
1113 5399 1178 5445 surii
1200 5397 1228 5446 in
1249 5398 1412 5461 anglicana.
1428 5397 1479 5448 illa
1502 5399 1577 5448 euim
1600 5399 1730 5450 exhibent
1744 5409 1833 5450 omnes
1850 5391 1901 5442 lihu

246 5473 358 5523 deretur
380 5469 530 5534 legendum
559 5481 620 5519 esse
648 5471 761 5519 Petram.
782 5468 884 5520 Contra
910 5471 938 5519 in
966 5469 1062 5520 codice
1113 5469 1549 5534 veteresctantiqnseeditiones.

246 5543 405 5596 Fossatensi
434 5543 568 5604 scriptum
591 5541 681 5605 primo
700 5540 752 5590 init
774 5553 853 5604 super
877 5543 991 5600 Petrum,
1014 5539 1063 5591 sed
1143 5539 1190 5602 (tl)
1217 5541 1385 5603 impietatum.
1416 5542 1455 5591 lta
1481 5545 1588 5592 velares
1619 5543 1751 5594 editiones
1770 5543 1795 5591 et
1817 5545 1899 5586 omncs
1962 5567 1963 5588 i

246 5617 342 5680 postea
365 5613 545 5666 emendatum
579 5617 621 5662 est
652 5613 807 5676 antiquitus
837 5625 918 5676 super
948 5617 1060 5675 petrum.
1112 5611 1169 5662 iere
1183 5611 1246 5661 libri
1261 5617 1368 5663 veteres
1391 5612 1524 5664 Erasmus
1540 5617 1693 5666 mutavitet
1706 5611 1784 5664 edidit
1802 5611 1898 5684 impune.
1962 5619 1963 5632 ¹

247 5685 341 5739 Codex
368 5686 503 5736 Thnanus
522 5687 549 5736 et
572 5685 619 5734 alii
639 5687 700 5735 octo
722 5683 828 5734 liabent
847 5696 927 5747 super
946 5685 1060 5734 Petrum.
1113 5681 1182 5744 Quae
1223 5697 1291 5735 saue
1331 5685 1413 5741 lectio
1452 5689 1543 5738 exstat
1579 5687 1607 5736 in
1648 5683 1805 5753 quibusdam
1834 5677 1898 5729 libus
1962 5751 1963 5760 ἵ

245 5759 305 5822 Ego
319 5771 374 5809 uon
394 5757 491 5808 dubito
511 5757 580 5821 quin
600 5755 748 5821 legendnm
770 5757 814 5814 sil,
830 5756 943 5814 Petrum,
959 5769 1062 5818 qnam·
1111 5753 1261 5806 veteribus.

244 5832 286 5882 vis
308 5829 405 5884 decem
430 5828 493 5882 libri
520 5832 630 5881 veteres
653 5831 678 5880 et
705 5827 780 5878 editt.
810 5825 927 5877 niutan-n
954 5831 1070 5890 petrum,
