4090 6188
1908 150 1922 203 li

263 265 333 338 ,007
549 264 594 322 AD
614 265 726 322 oraui
747 263 776 322 S.
796 265 956 324 CYPRIANI
970 252 1119 326 GENUlNA
1133 263 1277 326 APPEND.
1292 261 1326 322 ll.
1353 297 1388 324 -,
1403 263 1643 326 SUPPOSlTlTlA.
1866 267 1909 322 too

262 392 316 460 gat
328 403 452 462 puerum
477 390 525 444 aul
539 388 698 460 parvulam,
715 391 765 446 aut
778 405 876 462 enam,
892 393 943 448 aut
956 391 1081 464 viduam,
1095 392 1218 479 Asigno
1233 393 1400 466 purificatus
1421 409 1475 466 per
1500 392 1649 464 Spiritum,
1666 394 1745 464 rogat
1762 390 1875 461 accipere
1888 392 1922 445 vi·

262 489 312 540 aut
337 483 487 551 rusticum,
512 481 631 539 dicens:
654 504 669 533 «
689 481 790 540 Vivere
816 485 908 558 capio,
932 484 989 542 duur
1015 491 1076 543 esto
1127 497 1187 546 tam
1200 503 1254 559 psr
1268 488 1364 543 cibum
1379 486 1568 560 gratiepanis
1581 487 1686 557 qualest
1703 485 1730 539 iu
1744 483 1920 539 benedictione

262 575 332 632 mihi
348 577 378 632 in
395 577 463 634 Sion
479 593 485 634 :
500 593 606 634 enarra
629 577 702 634 mihi
718 595 827 634 novum
852 580 1074 648 Testamentum,
1127 587 1155 639 et
1174 581 1206 638 lit
1219 581 1325 638 mirum
1340 582 1533 653 spectaculum
1549 597 1555 634 ε
1571 583 1602 636 et
1614 577 1920 652 quilevitaeollerebant,

263 669 416 726 reconcilia
429 687 477 728 me
505 671 627 729 Domino
642 688 649 727 :
663 689 726 729 ecce
744 672 825 729 trado
850 689 896 730 rna
910 673 962 730 tibi
990 673 1073 730 disci·
1126 683 1156 734 et
1180 677 1342 734 sacerdotes
1363 675 1559 744 immolantes,
1580 679 1609 730 et
1629 671 1733 729 summi
1752 671 1880 727 antistites
1892 671 1920 726 li·

259 765 370 836 pulum,
382 763 573 838 interpretare
587 766 658 824 mibi
673 767 778 840 legem,
790 771 926 840 quassata
936 773 1002 824 sunt
1017 768 1071 838 (63)
1125 771 1229 827 beutes
1255 769 1390 826 assistunt
1414 785 1504 841 puero
1520 767 1666 836 offerenti;
1691 767 1801 822 discant
1816 765 1866 836 (65)
1880 766 1920 838 qui

255 860 286 914 in
313 858 435 931 Choreb,
458 859 564 918 dissere
585 866 727 934 praecepta
753 878 816 934 quas
843 861 871 918 in
896 861 980 931 Sion,
1001 863 1029 918 et
1043 862 1074 918 in
1124 865 1192 922 olim
1208 865 1360 933 docebant,
1375 867 1404 919 el
1415 863 1535 936 jubetur
1549 861 1591 919 eis
1605 861 1654 933 qai
1680 857 1879 932 precipiebam,
1897 863 1920 912 et

256 951 322 1025 lege
340 953 408 1026 (66).
433 952 499 1010 Siue
525 954 628 1010 litteris
656 955 770 1011 disserit
793 955 951 1028 Scripturas
977 954 1028 1025 eis,
1045 957 1075 1010 ot
1123 959 1306 1033 intingantur
1321 959 1370 1033 qui
1384 957 1575 1031 baptizabant,
1590 962 1619 1012 et
1632 953 1867 1010 eireirmcidaulur
1880 951 1920 1024 qui

258 1047 423 1120 6116661066(
435 1063 544 1114 Senem,
559 1051 587 1104 02
601 1065 673 1105 anus
695 1049 847 1122 persuadet
873 1048 988 1105 diserto·
1003 1049 1072 1105 Cor·
1124 1053 1387 1111 circumcidebant:
1402 1052 1441 1108 sic
1452 1051 1592 1108 Dominus
1607 1049 1708 1105 llorere
1720 1047 1814 1116 {voluit
1827 1051 1919 1118 gentes.

256 1146 355 1216 reptas
370 1159 439 1216 ergo
453 1143 539 1199 lsrael
553 1144 694 1217 sequitur,
708 1143 814 1215 injecta
835 1159 924 1198 mana
941 1143 975 1200 ad
994 1143 1071 1198 lava·
1122 1149 1230 1206 Videtis
1244 1147 1491 1221 quemadmodum
1505 1162 1554 1202 vos
1568 1144 1697 1202 Christus
1711 1143 1817 1199 dilexit.

256 1253 349 1308 eram,
364 1241 394 1294 et
411 1237 450 1294 ibi
474 1237 641 1294 testiilcatar
668 1238 743 1310 quod
770 1236 892 1294 credidit
912 1242 940 1293 et
955 1243 1072 1310 accepto

947 1337 1125 1402 lariorum
1145 1341 1246 1404 notae.

287 1437 335 1502 (63)
354 1435 415 1500 Qus
425 1441 483 1488 orto
494 1439 566 1488 scat.
581 1434 676 1487 Codex
689 1433 767 1501 lieg,
781 1448 840 1501 que
852 1437 913 1487 ecta
926 1440 962 1487 εει
970 1449 980 1500 ;
996 1434 1070 1486 alius
1150 1436 1198 1501 (66)
1216 1436 1333 1488 Discunt.
1346 1435 1392 1488 Sic
1405 1433 1538 1495 Colbert,
1550 1431 1649 1484 discam
1661 1429 1739 1492 edit..
1756 1429 1829 1481 unde
1839 1427 1910 1479 Peme

255 1512 381 1573 peruecta
395 1507 425 1557 ia
436 1507 544 1561 citaret.
558 1506 673 1559 binnan.
1120 1509 1184 1571 ltus,
1200 1511 1231 1560 at
1247 1507 1413 1560 sententiam
1432 1507 1564 1570 expleret,
1580 1503 1724 1554 eddiderat
1740 1502 1908 1553 demutarent

256 1580 394 1704 Mfflula
424 1578 487 1644 tsqe.
518 1578 565 1632 Sic
591 1578 655 1631 cod.
685 1576 819 1645 flotberi..
849 1579 918 1632 editi
945 1577 1068 1644 iatsltipe.
1119 1580 1182 1635 hec
1196 1579 1289 1644 verba,
1304 1578 1425 1644 quietim
1439 1576 1569 1629 docebam.
1583 1576 1699 1627 Maesa.

947 1975 1256 2150 GOENA

792 2259 989 2326 Gl'PRlANO
1012 2257 1139 2324 Falso
1162 2253 1395 2322 ADSCRIPTA.

291 2693 397 2759 Ouinia
430 2710 503 2764 rex,
527 2695 646 2753 nomine
675 2696 775 2766 lohel,
803 2697 917 2770 nuptias
948 2695 1199 2781 iaciebstsslesus
1220 2709 1306 2766 super
1330 2689 1472 2764 puteum',
1496 2686 1645 2745 zaccheus
1676 2701 1765 2758 super
1794 2683 1920 2746 arborem,
2005 2703 2006 2730 i

253 2787 560 2862 iaJregionsDrisntis
577 2790 900 2849 intendebamus
914 2791 1070 2864 nuptiis(l)
1121 2789 1269 2846 lletthaeus
1293 2775 1920 2854 inscamno,Rebeccssaperhydriamltaab
2005 2775 2006 2802 t

255 2881 369 2940 inritati
394 2889 461 2940 saut
487 2885 592 2957 plures.
618 2886 772 2959 igitarqai
791 2885 950 2959 temperius
976 2885 1071 2941 lotiin
1121 2900 1207 2956 super
1220 2887 1366 2954 stuppam,
1391 2879 1467 2936 Rath
1494 2893 1579 2949 ευμεν
1610 2876 1749 2948 stipulam
1773 2869 1921 2944 it),Thccla

256 2977 556 3046 Jordauc,adiueruut
573 2980 604 3034 in
623 2980 762 3036 convivio.
787 2982 865 3036 Tunc
890 2979 1072 3037 commenda·
1122 2994 1207 3052 super
1226 2978 1392 3040 fenestram,
1418 2976 1550 3030 Sazauna
1574 2971 1604 3026 in
1629 2970 1727 3036 horto,
1750 2967 1867 3024 Absoluu
1893 2963 1921 3034 (6)

256 3071 296 3128 rit
322 3071 360 3146 (D)
390 3073 528 3138 Naaman,
561 3089 666 3148 aquam
694 3075 799 3148 sparsit
831 3080 925 3144 Amos,
954 3074 1073 3132 lacobus
1123 3071 1151 3128 in
1173 3068 1437 3138 frondibus,·ladss
1458 3081 1544 3138 super
1570 3065 1716 3130 loculum,
1733 3064 1831 3118 Petras
1852 3073 1923 3130 super

254 3165 385 3222 Andreas
411 3167 568 3224 attulerunt
585 3168 708 3237 imnum,
737 3169 884 3225 llalthoeus
917 3173 947 3224 et
974 3171 1073 3224 l’etrus
1124 3165 1301 3230 cathedram,
1318 3161 1437 3218 lacobus
1459 3177 1545 3232 super
1562 3163 1633 3228 rete,
1648 3157 1770 3213 Samson
1791 3169 1870 3226 saper
1885 3167 1921 3206 eo·

258 3263 429 3332 straveram,
444 3276 573 3318 mensam
598 3263 694 3334 posuit
714 3264 857 3331 Salomon,
873 3266 958 3335 atque
972 3279 1073 3318 omnes
1124 3261 1263 3328 lamnam,
1281 3257 1339 3312 lleli
1350 3271 1435 3326 saper
1449 3254 1557 3323 sellam,
1570 3251 1771 3322 Rachelsaper
1786 3247 1920 3304 sarcinam.

257 3353 460 3412 discubuerunt
480 3356 581 3412 turbae.
596 3355 650 3414 Sed
663 3373 728 3411 cum
744 3357 805 3428 jam
816 3357 1072 3413 loousrecambeu-
1123 3354 1238 3410 Patiens
1251 3349 1465 3416 stabatPaulas,
1482 3350 1511 3403 et
1525 3344 1730 3404 murmurabat
1747 3347 1828 3409 Esau,
1843 3343 1868 3395 et
1880 3339 1921 3392 do·

261 3452 334 3508 tiam
354 3453 390 3526 (³)
414 3453 515 3526 plenas
530 3458 614 3523 esset,
629 3454 676 3528 qui
691 3455 938 3526 superveniebant,
951 3455 1074 3528 quisque
1124 3445 1263 3504 lsbatlob
1279 3445 1315 3517 (6)
1327 3442 1404 3516 quod
1418 3442 1496 3498 solus
1511 3439 1628 3498 sedebat
1641 3437 1743 3512 924
1759 3437 1789 3492 in
1803 3439 1921 3490 stercore.
2004 3461 2005 3510 μ

257 3548 588 3620 proatpoterat,locam
602 3548 654 3604 sibi
676 3548 1075 3622 inveniebatt‘rimasitaque
1124 3546 1201 3602 Tunc
1223 3542 1349 3616 porrexit
1372 3541 1500 3598 Rebecca
1523 3538 1650 3611 pallium,
1663 3536 1764 3592 tadith
1790 3535 1922 3604 cooperta-

257 3641 385 3698 omniam
404 3641 477 3698 sedit
500 3641 591 3698 Adam
615 3643 646 3698 in
674 3643 779 3712 rnedio,
802 3643 858 3700 Era
886 3659 974 3716 saper
996 3643 1073 3714 lotia,
1125 3639 1211 3708 riam,
1226 3643 1302 3710 Agar
1322 3634 1485 3707 stragalum
1503 3631 1571 3703 (16),
1587 3631 1654 3688 Sem
1668 3629 1829 3702 ettapbeth
1842 3639 1924 3696 coope-

259 3733 330 3792 Cain
345 3751 431 3808 super
459 3741 596 3805 aratrum,
617 3736 686 3792 Abel
701 3753 785 3810 saper
806 3735 993 3809 mulgarium,
1018 3737 1076 3794 Noe
1125 3736 1256 3791 ruerant.
1283 3728 1526 3788 decumbentibus
1550 3726 1647 3782 illatus
1669 3728 1714 3782 est
1731 3727 1828 3798 gustus
1841 3733 1922 3784 eona,

260 3830 790 3904 superarcam,iaphetsapcrlaterss
804 3830 1073 3901 (l),Abrahamsab
1131 3831 1160 3886 et
1185 3827 1296 3900 accepit
1324 3823 1485 3881 cucurbitas
1511 3823 1616 3890 Jonas,
1637 3820 1701 3876 olus
1734 3818 1838 3886 Esaias,
1857 3814 1924 3870 betas

258 3923 371 3993 arbore,
385 3925 463 3980 lseac
483 3939 570 3997 saper
591 3926 772 3995 aram,Lotb
788 3925 996 3998 jarteostiam,
1025 3927 1072 3981 ta·
1127 3923 1227 3991 lsrael,
1247 3937 1362 3978 moriam
1375 3917 1515 3988 Ezechiel,
1536 3931 1719 3989 sycomorum
1734 3906 1923 3975 Zacchreusci·

259 4018 312 4074 cob
338 4035 424 4090 ευμεν
449 4024 572 4090 petram,
592 4021 699 4093 lloyses
720 4037 807 4094 saper
828 4019 967 4094 lapidem,
983 4019 1074 4078 Delius
1126 4020 1217 4074 trium
1230 4016 1335 4086 Adam,
1350 4013 1465 4086 lupinos
1480 4011 1590 4078 Daniel,
1603 4025 1732 4082 pepones
1751 4007 1864 4072 Pharao,
1875 4016 1923 4057 car·

260 4127 344 4183 supcr
368 4111 484 4184 pellem,
515 4113 612 4168 Daniel
638 4130 726 4186 super
747 4114 874 4171 tribunal
901 4114 950 4186 (6),
976 4085 1218 4170 Tobiastaum
1245 4110 1323 4177 Cain,
1349 4107 1419 4164 ficas
1448 4107 1515 4174 Era,
1541 4105 1648 4162 malurn
1676 4102 1793 4168 llecbel,
1819 4107 1923 4171 prauum

259 4221 345 4277 will?
358 4205 476 4272 lectum,
490 4206 595 4279 loseph
605 4222 692 4279 saper
705 4208 846 4279 modium,
863 4207 1011 4280 Denjamin
1026 4225 1075 4264 su·
1127 4205 1261 4276 Arsanias,
1276 4203 1379 4260 bulbos
1405 4201 1467 4270 Lia,
1480 4199 1568 4256 olivas
1589 4201 1682 4256 Aaron
1710 4195 1776 4270 (li).
1795 4207 1872 4250 ovum
1888 4189 1923 4243 lo·

261 4313 313 4371 per
326 4315 450 4366 saccum,
474 4299 563 4355 David
574 4317 663 4373 snper
688 4301 889 4371 monticulam,
902 4304 1025 4359 loannes
1040 4302 1076 4376 (6)
1127 4299 1364 4374 seph,useslloe,
1379 4296 1497 4352 nucleos
1519 4281 1922 4360 Simeon,aeetnmtonastltl:

260 4395 387 4463 interra,
402 4395 511 4452 Pharao
524 4393 554 4450 in
575 4411 672 4465 arena,
693 4396 811 4452 Lazarus
835 4413 922 4470 ευμεν
934 4397 1076 4469 tabulam,
1127 4395 1239 4468 accepit
1253 4406 1415 4465 oryganum
1435 4389 1491 4461 (13)
1510 4389 1590 4445 tesas
1604 4386 1743 4442 Christus.
1764 4379 1865 4439 Deinde
1887 4391 1923 4432 su·

911 4534 1025 4618 Steph.
1048 4531 1173 4600 Baluzii
1194 4535 1293 4596 notae.

289 4663 324 4725 (lt
338 4663 384 4713 His
397 4663 507 4730 nuptiis,
525 4667 579 4718 etc.
604 4664 653 4717 Sic
675 4664 788 4719 codices
807 4669 870 4718 octo
884 4680 950 4718 mss.
963 4685 969 4730 ;
989 4666 1077 4720 editi:
1127 4665 1156 4717 lu
1171 4677 1228 4718 auo
1243 4665 1350 4715 tautum
1368 4657 1425 4710 vidi
1439 4656 1537 4710 codice
1549 4651 1713 4708 sorbonico.

256 4735 282 4786 la
295 4733 420 4786 incitavit
432 4735 523 4802 plures
538 4742 567 4789 at
576 4751 677 4789 canam
690 4739 749 4803 ejas
760 4738 968 4803 (reparatorem.
1159 4737 1191 4802 (8)
1211 4733 1335 4787 Abroton.
1348 4730 1462 4795 Legitur
1479 4729 1508 4779 in
1523 4725 1620 4778 maltis
1633 4721 1779 4776 codicibus
1796 4709 1923 4770 ramata,

289 4805 323 4868 (2)
347 4807 551 4859 comnseadnuit.
567 4807 615 4860 Slc
637 4809 778 4861 Pamelius
800 4813 831 4861 et
852 4809 964 4862 codices
979 4824 1078 4864 omnes
1128 4807 1214 4859 ethic
1230 4801 1478 4856 habetl‘nmelius.

259 4890 328 4928 mss.
341 4877 403 4929 Nou
414 4881 507 4930 tamen
519 4880 593 4931 male
607 4879 758 4944 liorslliua
770 4881 977 4933 commendavit.
1158 4881 1192 4944 (6)
1222 4876 1333 4930 Dolebot
1362 4873 1422 4926 tob.
1454 4871 1501 4926 Sic
1535 4867 1748 4922 emendavimus
1784 4855 1923 4913 auctorttstt
2002 4889 2003 4892 ,

292 4949 326 5014 (3)
351 4948 569 5002 accumbentium.
598 4952 677 5004 Multi
697 4953 808 5006 codices
834 4952 940 5006 babent
960 4955 1078 5006 discam·
1127 4953 1234 5016 septem
1247 4953 1420 5000 vetustorum
1436 4943 1589 4996 codicum:
1613 4939 1681 4992 editi
1697 4940 1723 4988 et
1739 4931 1838 4987 dolebat
1851 4920 1924 5002 local,

259 5017 385 5102 beatiam,
407 5023 434 5071 et
458 5021 542 5086 paulo
570 5027 744 5090 postpauca
772 5029 894 5091 poterant
919 5025 1001 5078 iocum
1026 5025 1080 5078 sibi
1127 5020 1262 5073 Jcbsotas
1287 5017 1435 5072 sedebatis
1461 5021 1593 5079 stercore,·
1613 5009 1732 5078 qachin
1755 5004 1829 5057 nullo
1848 5001 1924 5050 lusam

260 5089 464 5224 inmanitat-
491 5162 604 5227 11⁰9&ss
628 5165 656 5216 in
681 5166 822 5234 plerisque
846 5168 993 5222 codicibus
1009 5182 1077 5222 mss.
1129 5092 1309 5229 malopem
1335 5159 1494 5227 strapatam.
1517 5157 1587 5209 Haec
1611 5155 1714 5206 desunt
1746 5149 1774 5200 in
1805 5141 1923 5212 plerisque

260 5228 330 5294 Qum
344 5235 500 5296 sequautur
515 5233 650 5288 Abrabam
664 5237 711 5290 sab
725 5239 820 5291 arbore
834 5239 936 5292 desunt
953 5243 983 5293 in
1002 5241 1078 5292 mal·
1128 5235 1274 5289 codicibus
1295 5248 1362 5286 mss.
1382 5233 1443 5284 Non
1463 5229 1546 5296 pauci
1569 5224 1674 5280 hebent
1696 5217 1874 5285 cooperuerant
1892 5220 1924 5256 νε·

260 5303 306 5354 ²¹⁸·
1128 5307 1283 5372 candentes,
1299 5319 1373 5361 anus
1387 5303 1566 5357 colbertinus
1581 5297 1771 5362 cooperuerant
1784 5303 1817 5342 εε.

289 5374 323 5439 (st
338 5374 436 5426 Daniel
451 5389 531 5442 ευμεν
545 5378 675 5432 tribunat.
690 5379 722 5431 Iu
736 5381 825 5434 tribus
833 5383 977 5437 codicibus
990 5370 1118 5444 Davidl)
1160 5379 1210 5444 tlt)
1228 5378 1318 5431 Otiaos
1337 5379 1440 5429 Aaron.
1462 5374 1592 5438 Plerique
1616 5368 1727 5421 codices
1748 5374 1812 5415 mss.
1832 5359 1856 5408 et
1874 5349 1924 5402 llo·

259 5445 524 5513 sapsrtribunot,et
543 5452 626 5514 paulo
645 5457 709 5518 post
732 5455 833 5506 Daniel
847 5469 927 5522 ευμεν
945 5457 1080 5508 mantica·
1131 5451 1227 5504 relllus
1253 5449 1358 5502 habeat
1388 5443 1636 5508 caussatorem
1664 5433 1830 5505 paulopost
1856 5423 1924 5476 olima
2001 5441 2002 5454 ¹

261 5518 323 5572 tum.
1131 5525 1192 5576 Νοε.

292 5591 326 5657 (6)
338 5592 465 5644 loannes.
482 5590 529 5644 Sic
550 5593 664 5648 codices
684 5609 791 5663 omnes,
807 5613 883 5652 unas
900 5599 1082 5655 colbertinus
1164 5597 1214 5663 (li)
1226 5599 1333 5648 Aeetam
1346 5595 1440 5649 Jonas.
1454 5590 1502 5646 Sic
1515 5592 1578 5643 octo
1593 5583 1704 5640 codices
1714 5593 1776 5632 mss.
1793 5571 1854 5626 editi
1865 5563 1923 5618 dedit

259 5664 433 5730 Jonassaper
445 5663 536 5716 tectam
548 5679 557 5728 ,·
570 5665 637 5718 editi
648 5669 733 5720 Jonas
747 5684 828 5736 saper
841 5676 952 5724 terrem.
1133 5674 1234 5722 acutam
1247 5668 1341 5722 Jonas.
1910 5704 1913 5712 ,

289 5739 328 5800 tl)
345 5735 412 5789 ltatt
429 5749 510 5802 saper
523 5737 658 5802 stipatam.
673 5740 789 5794 Addidit
810 5742 863 5796 hes
879 5757 963 5798 voees
984 5745 1084 5798 Peme·
1166 5741 1216 5807 (13)
1231 5741 1395 5808 Desperare.
1408 5737 1497 5793 Aliter
1512 5735 1541 5788 lu
1553 5747 1603 5788 sex
1616 5727 1757 5787 codicibus
1769 5729 1829 5775 mss·
1840 5705 1921 5774 eapti

257 5803 322 5872 lius,
337 5821 401 5874 qaas
416 5807 531 5862 deerant
545 5809 619 5875 apud
633 5811 730 5865 tieret.
745 5817 773 5866 et
787 5815 816 5866 ln
832 5815 963 5868 omuibus
976 5819 1087 5869 exstant
1136 5816 1162 5866 st
1177 5811 1225 5866 boc
1239 5814 1264 5866 t.
1276 5815 1305 5867 c.

256 5879 404 5934 codicibus
421 5895 487 5937 mss.
507 5879 577 5950 Quas
590 5883 758 5950 praecedant
774 5885 845 5938 aeas
865 5900 945 5954 sapor
959 5892 1083 5954 stuppam
