4076 6190
223 201 280 308 ui
899 241 975 302 vrrs
995 243 1022 300 s.
1037 241 1206 300 arrarum.
1853 245 1905 303 raa

222 377 279 434 nia
296 392 438 433 summam
460 391 511 431 suo
533 377 562 431 el
582 373 691 441 Quirini
713 372 832 429 nomine
858 389 909 445 per
935 373 1038 428 llereu·
1049 369 1195 456 Aubique
1218 370 1331 427 hortatu
1350 387 1448 428 eorum
1473 369 1565 444 possit
1585 371 1750 428 fraternitas
1773 373 1907 428 corrobo-

224 471 344 526 nianum
356 467 597 543 hypodiaconum,
621 474 649 523 ct
666 469 810 524 [lucanum
835 472 863 521 et
885 466 1038 522 llaximuru
1088 464 1154 518 rari.
1176 467 1229 520 Pro
1252 479 1285 520 eo
1308 465 1383 536 quod
1397 465 1562 520 Valerianus
1589 465 1764 539 rescripsisse
1789 466 1905 534 dicitur,

225 564 447 627 clamantium,
470 562 625 634 acolythos.
649 561 757 618 Gratias
788 565 909 632 egerunt
933 560 1039 614 confes·
1089 560 1121 612 nt
1137 557 1302 627 Caesariaui,
1324 580 1338 608 u
1357 559 1529 632 quicumque
1550 559 1594 614 rel
1612 559 1691 631 prius
1704 559 1826 615 confessi
1848 561 1907 616 lue·

225 673 303 714 sores
316 673 368 729 per
380 659 438 712 tres
453 655 576 712 diversas
594 655 712 724 litteras,
734 655 802 727 quia
822 653 906 710 variis
926 653 954 709 iu
971 653 1039 708 locis
1088 655 1163 720 rant,
1173 653 1216 707 acl
1227 668 1303 708 nunc
1317 652 1436 708 confessi
1450 651 1566 723 luerim,
1580 652 1769 709 confiscentur
1781 653 1908 710 etvincti

223 743 399 808 laborabant.
429 751 549 806 Exstant
574 747 670 825 169
696 750 741 804 lroe
769 748 882 818 littorea,
918 754 1040 820 suntque
1089 744 1119 799 iu
1144 745 1319 801 Caesarianas
1345 746 1538 818 possessiones
1561 745 1695 820 descripti
1716 747 1876 815 mittantur,
1893 768 1907 798 a

225 843 406 918 cyprianicas
419 845 464 914 78,
479 845 524 914 79,
538 845 582 900 80.
1091 839 1179 894 multo
1195 837 1287 910 aptius
1300 838 1355 912 legi
1371 845 1466 912 posset
1478 862 1494 889 u
1504 843 1533 895 et
1546 841 1654 912 scripti,
1667 860 1680 892 r
1694 845 1726 896 ut
1737 844 1781 896 est
1794 841 1823 896 in
1838 839 1906 896 cod.

260 935 394 1010 Cypriani
419 937 542 992 charitas
560 935 660 1010 Africae
691 934 795 991 fluibus
823 951 879 990 non
909 935 1038 991 coutine-
1089 933 1255 1003 Verou.,rel
1268 953 1282 984 u
1299 932 1589 1007 etinscripti,170
1604 933 1670 989 utin
1684 935 1807 991 colbert.
1823 935 1909 990 2442.

225 1031 327 1100 batur3
353 1029 404 1086 sed
427 1029 450 1086 si
474 1029 563 1086 codici
591 1029 790 1102 antiquissimo
810 1028 879 1085 tides
900 1027 1039 1097 habenda,
1090 1024 1320 1098 lutersupplicia
1335 1026 1466 1083 veniebat
1480 1027 1529 1082 illa
1550 1025 1679 1100 inscripti
1701 1026 1804 1083 frontis
1825 1027 1909 1098 igno-

226 1124 328 1181 litteris
340 1124 469 1180 hortatus
488 1133 531 1180 est
548 1123 617 1179 duos
641 1123 711 1179 ulios
734 1127 882 1196 martyres,
907 1122 1040 1194 Augusti·
1090 1119 1189 1188 miuia,
1204 1123 1236 1175 ut
1249 1125 1328 1192 patet
1349 1137 1382 1176 ex
1407 1121 1452 1177 his
1474 1120 1567 1178 uerbis
1587 1121 1702 1178 Pontii:
1720 1143 1734 1172 u
1750 1121 1817 1188 Quis
1830 1122 1911 1178 deni-

228 1235 297 1273 num
312 1221 342 1273 et
357 1217 545 1287 Felicitatem,
560 1217 609 1290 qui
623 1219 724 1289 Capua
741 1217 768 1271 in
789 1215 943 1289 Campania
965 1216 1040 1289 passi
1091 1230 1145 1287 que
1168 1217 1211 1270 tot
1232 1215 1405 1271 confessores
1425 1215 1562 1271 frontium
1591 1219 1755 1272 notatarum
1782 1214 1912 1272 secunda

227 1310 402 1367 terunturin
420 1311 521 1366 eadem
543 1309 684 1367 Valeriani
703 1311 910 1382 persecutione.
930 1309 1040 1365 Utrius·
1090 1307 1275 1380 inscriptione
1300 1308 1436 1381 signatos,
1462 1314 1491 1366 et
1516 1309 1553 1364 ed
1579 1309 1741 1381 exemplum
1774 1309 1912 1382 martyrii

227 1420 283 1477 que
299 1420 404 1460 nomen
419 1404 523 1475 legitur
541 1403 570 1459 in
584 1403 708 1476 antiquis
722 1402 931 1476 llartyrologiis
944 1403 1041 1460 lliero·
1091 1402 1256 1474 superstites
1269 1407 1438 1473 reservatos,
1453 1401 1597 1460 incentivo
1610 1404 1684 1459 tuba
1704 1404 1825 1460 caelestis
1847 1403 1910 1458 ani-

228 1514 316 1572 nymo
329 1497 468 1570 ascriptis.
485 1496 636 1552 Existimat
647 1496 844 1552 Tillemontius
854 1497 1041 1569 cyprianum,
1093 1497 1212 1553 maroti
1227 1518 1241 1547 u

227 1595 333 1664 praeter
357 1591 461 1646 librum
490 1591 523 1646 dc
548 1592 746 1648 Fatorlctioue
771 1594 911 1662 martyrii,
938 1597 1044 1663 praeter
1127 1591 1280 1663 Postquam
1294 1592 1436 1662 perlatum
1449 1593 1492 1648 est
1503 1591 1538 1648 ad
1552 1591 1725 1665 cyprianum
1747 1591 1907 1648 frumenta·

226 1685 336 1741 litteras
350 1686 388 1741 ud
400 1685 578 1753 Confessorcs,
593 1684 669 1740 alind
683 1701 755 1756 opus
773 1685 802 1741 in
823 1685 955 1740 eamdem
976 1702 1040 1742 sen·
1092 1683 1149 1739 rios
1165 1683 1264 1740 missos
1276 1701 1338 1740 esse
1355 1684 1404 1757 qui
1418 1701 1484 1741 cum
1496 1685 1605 1742 Uticam
1618 1685 1821 1758 perducerent,
1840 1703 1908 1741 ceu-

227 1780 348 1834 tentiam
363 1779 518 1850 scripsisse.
533 1779 604 1834 Nam
622 1779 747 1847 Pontius,
769 1785 918 1852 postquam
936 1779 1041 1835 librum
1052 1747 1081 1822 Β
1092 1777 1152 1834 silio
1166 1777 1399 1834 charissimorum
1420 1779 1563 1835 consensit
1585 1781 1616 1834 ut
1637 1779 1673 1834 de
1694 1779 1785 1834 hortis
1800 1779 1860 1835 suis
1879 1779 1911 1834 in

230 1871 263 1928 de
276 1874 608 1942 Echortationeruurtyrii
619 1873 936 1942 commemorantum
948 1874 1041 1930 addit:
1092 1870 1217 1927 abditum
1235 1871 1361 1945 aliquem
1382 1873 1475 1928 locum
1493 1871 1651 1928 secederet.
1665 1871 1735 1927 lude
1759 1873 1797 1928 ad
1816 1872 1909 1928 eccle-

231 1985 245 2018 u
266 1964 335 2030 Quis
360 1965 485 2039 denique
512 1970 554 2022 tot
575 1967 749 2022 confessores
771 1966 909 2022 lronlium
929 1970 1040 2023 notata-
1091 1965 1162 2020 siam
1175 1980 1255 2020 suam
1267 1965 1381 2038 scripsit
1398 1966 1546 2039 epistolam
1559 1967 1704 2034 ultimam,
1718 1983 1782 2038 quae
1807 1971 1850 2022 est
1863 1968 1911 2037 8³,

230 2076 293 2114 rum
307 2059 628 2132 secuudaiuscriptioue
641 2060 776 2132 signatos,
788 2063 817 2116 et
829 2058 865 2116 ad
879 2061 1041 2133 exemplum
1091 2075 1177 2136 seque
1208 2058 1283 2115 banc
1315 2060 1465 2116 secedendi
1494 2076 1608 2116 causam
1637 2053 1769 2115 babuisse
1800 2067 1910 2128 narrat,

228 2153 356 2226 martyrii
391 2154 558 2225 superstites
583 2159 751 2224 reservatos,
785 2153 928 2210 incentivo
966 2155 1042 2212 tubae
1093 2152 1168 2224 quod
1202 2153 1383 2209 committere
1411 2154 1535 2210 noluerit
1566 2158 1605 2222 ut,
1626 2154 1657 2209 in
1680 2153 1775 2208 aliena
1795 2153 1909 2208 ciuitate

230 2247 348 2303 eoelcstis
362 2247 530 2303 animaret?
544 2269 558 2299 u
579 2248 676 2316 Porro,
698 2264 762 2303 cum
782 2249 899 2304 Pontius
920 2247 1005 2305 libros
1026 2265 1042 2304 a
1091 2249 1204 2319 accepte
1220 2262 1307 2319 super
1316 2247 1492 2304 confessione
1507 2247 1662 2316 sententia,
1677 2247 1780 2302 exinde
1798 2253 1910 2317 martyr

230 2341 372 2413 cypriano
398 2342 518 2413 scriptos
545 2341 598 2395 lroc
621 2341 683 2396 loco
704 2344 861 2409 recenseat,
887 2359 938 2398 nec
959 2342 1041 2416 quid·
1093 2340 1128 2395 ad
1143 2340 1296 2396 Dominum
1312 2341 1550 2413 proficisceretur;
1563 2339 1826 2412 «Quandoquidem
1840 2357 1912 2412 ego,

231 2450 318 2506 quam
336 2433 411 2488 dicat
426 2435 462 2488 de
485 2433 621 2506 epistolis,
640 2433 743 2490 librum
767 2434 893 2507 aliquem
916 2436 959 2491 vir
981 2453 1044 2492 eru·
1092 2433 1195 2506 iuquit,
1213 2439 1242 2488 et
1255 2450 1306 2506 pro
1322 2451 1368 2489 me
1389 2439 1417 2489 et
1440 2451 1492 2507 pro
1514 2433 1593 2490 uobis
1612 2434 1686 2506 apud
1706 2451 1752 2488 ros
1766 2432 1910 2503 confiteri,

122 2541 128 2548 ·
230 2527 307 2582 dilus
319 2527 364 2583 his
378 2528 468 2583 verbis
481 2528 602 2584 iudicari
615 2532 704 2600 putat.
1093 2531 1121 2581 et
1132 2527 1172 2582 ibi
1186 2528 1255 2599 peti,
1269 2531 1298 2584 et
1310 2527 1412 2585 exinde
1427 2529 1461 2584 ad
1472 2528 1624 2584 Dominum
1638 2527 1788 2600 prosscisci,
1804 2525 1913 2582 oratio·

266 2621 338 2678 Cum
354 2620 401 2677 diu
421 2620 542 2677 curubis
559 2626 720 2678 moraretur
741 2624 905 2696 Cyprianus,
921 2627 1041 2682 Paterno
1092 2619 1331 2676 nibuscoutinuis
1353 2622 1501 2694 deprecer,
1523 2624 1551 2678 ct
1572 2623 1644 2678 votis
1666 2621 1798 2679 omnibus
1819 2637 1910 2692 exop-

230 2713 393 2788 proconsuli
408 2716 541 2771 successit
561 2716 687 2772 Galerius
701 2717 846 2788 Maximus,
867 2718 917 2792 qui
930 2721 1043 2792 Cypria·
1093 2715 1163 2782 lem,
1192 2719 1221 2770 θῐ
1240 2714 1370 2772 debffiffl·
1386 2737 1400 2766 ¹‘
1424 2715 1558 2772 Ηθΐῑᾶῑῦῐ
1580 2721 1610 2772 ΰῑ
1633 2715 1757 2788 ‘lumem
1782 2723 1811 2774 θῑ
1833 2722 1913 2772 ltin·

230 2826 311 2879 num,
326 2809 361 2864 ob
377 2809 475 2864 exsilio
490 2818 660 2880 revocatum,
676 2810 704 2865 iu
719 2810 809 2868 hortis
826 2829 941 2869 manere
958 2815 1043 2886 jussit
1092 2807 1260 2878 quillllflleffl
1281 2814 1408 2876 lessfflssb
1424 2826 1477 2865 ¹¹⁰0
1501 2809 1651 2883 quisquam
1673 2813 1829 2868 tumultum
1852 2829 1915 2868 ¹11⁰·

231 2903 301 2958 dum
322 2904 494 2958 seutentiam
509 2903 545 2959 de
565 2903 614 2958 illo
633 2904 731 2960 terret.
748 2906 802 2961 llos
815 2905 912 2961 hortos
924 2909 1040 2981 Cypria·
1090 2906 1165 2968 ¹8⁸2,
1179 2906 1228 2955 ⁸¹¹2
1241 2902 1316 2957 ulll'⁰
1329 2919 1359 2958 ὅθ
1373 2903 1526 2976 gentilibus
1540 2903 1649 2960 offetol-

228 3011 282 3052 nus
295 2995 376 3051 initio
395 2995 584 3052 conversionis
604 2997 781 3068 vendiderat,
803 3015 834 3054 ac
856 3000 979 3072 pretium
998 3003 1039 3058 di·
1125 2998 1197 3053 cum
1216 2995 1345 3054 rediisset
1358 2997 1561 3070 Carthaginem
1576 3000 1735 3070 proconsul,
1751 2999 1836 3056 rediit
1856 3001 1911 3073 Cy·

232 3089 386 3146 atribuerat
399 3091 573 3163 pauperibus
586 3108 592 3158 ;
608 3091 657 3146 sed
673 3091 699 3147 ei
712 3093 760 3148 Dei
772 3093 951 3166 indulgentia
965 3100 1082 3193 resti—C
1095 3089 1248 3160 Ptlflnuflin
1262 3091 1359 3147 hortos
1369 3091 1616 3160 ⁵⁰⁰⁵‚0arnificem
1626 3097 1801 3165 exspectans·
1810 3115 1824 3144 (ι
1836 3093 1913 3149 Con·

228 3186 305 3239 tritos
329 3183 415 3240 fuisse
447 3183 582 3239 discimus
612 3201 645 3241 cx
673 3187 773 3241 Pontio
811 3187 941 3248 diacono.
969 3193 1042 3251 llum
1095 3182 1247 3240 Vflssiehflnl
1267 3185 1394 3253 tulerim,
1418 3187 1458 3240 all
1477 3185 1604 3256 P⁰¹¹li⁰⁸s
1628 3185 1723 3258 plnres
1745 3187 1857 3259 flcfflcil
1881 3189 1915 3242 el

230 3280 327 3331 autem
357 3277 482 3332 ecclesia
506 3293 566 3332 suaa
595 3278 741 3350 prospicit,
771 3297 803 3336 ac
830 3282 904 3338 diem
933 3303 965 3340 ex
998 3287 1044 3344 die
1094 3277 1240 3335 clarissimi
1254 3279 1360 3335 ordinis
1372 3281 1400 3334 et
1416 3279 1572 3350 sauguinis,
1595 3279 1644 3334 sed
1660 3285 1688 3335 et
1710 3281 1806 3336 saculi
1829 3281 1914 3337 nobi-

229 3374 385 3440 exspectat,
413 3376 443 3426 ut
468 3369 609 3442 Promisso
629 3371 659 3426 in
685 3371 790 3428 risione
812 3377 949 3450 martyrio
962 3396 1042 3436 corn·
1093 3377 1173 3433 litate
1189 3373 1331 3448 generosi,
1357 3372 1415 3445 qai,
1431 3378 1549 3446 propter
1571 3372 1726 3430 amicitiam
1750 3375 1810 3447 ejus
1833 3375 1912 3431 auli-

228 3469 323 3530 uetur,
336 3461 408 3519 varii
435 3467 465 3518 et
484 3463 584 3519 incerti
608 3480 753 3521 sermones
775 3466 804 3522 iu
829 3470 928 3542 uulgus
954 3475 1043 3545 sparsi
1094 3487 1192 3544 quam,
1205 3485 1347 3525 secessum
1367 3466 1489 3523 subinde
1506 3467 1680 3537 suaderent;
1700 3473 1738 3539 el,
1759 3484 1913 3541 neparum

228 3571 295 3612 eum
309 3556 493 3612 adduxeruut
516 3563 548 3613 ut
567 3558 686 3615 Romam
708 3560 837 3618 mitteret
859 3564 907 3635 qui
926 3569 1046 3623 certaet
1093 3569 1165 3620 esset
1185 3563 1260 3618 nuda
1280 3560 1404 3630 suadela,
1428 3560 1514 3616 etiam
1534 3559 1594 3615 loca
1620 3561 1649 3615 iu
1676 3576 1739 3632 quse
1763 3561 1912 3618 secederet

227 3650 422 3722 exploratade
434 3651 518 3706 rebus
531 3652 659 3708 Ecclesia
675 3653 824 3710 referrent.
838 3657 871 3713 lli
884 3659 977 3714 reditu
992 3677 1043 3717 sno
1094 3655 1260 3714 ollcrehanl.
1275 3677 1289 3706 »
1304 3655 1382 3712 ldcm
1401 3654 1489 3709 etiarn
1513 3653 1668 3710 suadebant
1686 3659 1714 3710 et
1732 3655 1830 3710 lldeles
1851 3671 1912 3711 non

227 3742 431 3800 nuussaveruut
450 3743 626 3816 rescripsisse
648 3745 830 3803 Valerianum
852 3750 886 3805 ad
909 3759 1043 3809 senatum
1094 3755 1186 3828 pauci.
1200 3755 1260 3809 Nou
1273 3753 1429 3809 dubitasset
1446 3751 1590 3807 discedere
1609 3750 1780 3824 Cyprianus,
1799 3751 1822 3806 si
1837 3753 1913 3808 lleus

229 3843 260 3892 ut
281 3835 419 3909 episcopi,
446 3837 603 3910 presbyteri
631 3842 660 3895 et
690 3839 802 3896 diaconi
828 3842 857 3898 in
886 3846 1044 3902 continenti
1091 3847 1230 3920 jussisset,
1251 3850 1283 3901 ut
1305 3845 1436 3901 observat
1460 3844 1535 3900 idem
1557 3844 1687 3900 Pontius.
1709 3844 1786 3900 Tunc
1811 3850 1912 3900 autem

227 3930 489 3986 animadvertantur
503 3949 510 4002 ;
523 3938 666 3989 senatores
679 3950 745 3990 vero
760 3938 787 3991 et
810 3935 862 3992 viri
888 3941 998 4012 egregii
1016 3943 1045 3996 et
1094 3940 1218 3997 suadelis
1232 3939 1349 3996 minime
1364 3937 1484 4006 anuuit;
1500 3938 1548 3993 sed
1570 3937 1709 3992 moriendi
1726 3954 1778 4010 pro
1798 3939 1913 3995 Christo

230 4023 339 4096 equites
378 4025 510 4093 Romani,
533 4026 672 4099 dignitate
703 4027 815 4098 amissa,
848 4030 933 4088 ctiam
961 4033 1044 4090 bonis
1093 4033 1224 4107 cupidus,
1252 4033 1322 4088 alios
1346 4031 1487 4087 etiamad
1509 4031 1698 4086 constantiam
1724 4030 1833 4087 hortari
1851 4047 1912 4086 non

228 4117 396 4189 spolientur,
413 4122 442 4174 et
460 4120 494 4186 si,
511 4121 653 4193 ademptis
676 4121 867 4195 facultatibus,
892 4126 1045 4183 Christiani
1095 4126 1253 4183 desinebat.
1267 4126 1392 4182 Tandem
1408 4124 1484 4180 veuit
1502 4123 1531 4179 iu
1554 4124 1651 4180 hortos
1674 4125 1817 4198 princeps,
1827 4125 1913 4197 jussu

228 4227 288 4268 csse
321 4213 575 4284 perseveraverint,
599 4215 693 4288 capite
716 4232 828 4290 quoquc
850 4219 1043 4290 mulctentur3
1094 4221 1280 4293 proconsulis,
1303 4235 1368 4274 cum
1389 4217 1526 4275 militibus
1544 4217 1611 4288 suis,
1632 4234 1664 4274 ac
1683 4219 1913 4291 comprehensus

229 4310 379 4374 matronas,
394 4306 536 4377 ademptis
548 4305 641 4374 bouis,
659 4308 687 4362 iu
711 4309 838 4366 exsilium
862 4315 1027 4386 relegentur
1034 4333 1043 4384 3
1094 4315 1249 4388 Cyprianus
1264 4313 1407 4371 Christum
1434 4311 1579 4386 postridie,
1602 4312 1630 4368 id
1654 4317 1697 4368 est
1723 4313 1755 4368 ll
1778 4312 1912 4384 Septem·

230 4398 384 4454 Caesariani
408 4399 579 4473 quicumque
602 4401 646 4457 vel
669 4402 748 4474 prius
776 4405 896 4461 confessi
922 4407 1044 4477 lucrant,
1094 4408 1162 4476 bris,
1176 4408 1328 4477 annotbtl,
1350 4407 1494 4464 confessus
1517 4409 1560 4461 est
1579 4409 1608 4462 et
1626 4404 1794 4478 sanguinem
1807 4421 1860 4479 pro
1876 4423 1914 4462 eo

228 4491 273 4546 rel
297 4509 372 4548 nuuc
391 4493 512 4548 confessi
530 4493 648 4564 tuerint,
662 4497 863 4569 coullsceutur,
876 4505 905 4556 et
917 4500 1003 4557 vincti
1016 4503 1085 4596 inD
1098 4501 1180 4572 ludit,
1202 4508 1235 4557 ut
1263 4500 1382 4573 perspici
1413 4504 1507 4572 potest
1528 4517 1560 4556 ex
1585 4500 1647 4572 ejus
1668 4499 1733 4556 Vita
1764 4516 1782 4556 a
1808 4501 1914 4556 Pontio

229 4585 405 4642 casariauas
418 4587 613 4660 possessiones
627 4588 762 4662 descripti
781 4591 941 4649 mittantur.
956 4595 1045 4652 Adde·
1096 4595 1212 4668 scripta,
1233 4601 1261 4651 et
1280 4594 1354 4650 actis
1380 4593 1641 4667 proconsularibus,
1663 4593 1712 4649 ubi
1731 4593 1816 4649 variae
1838 4611 1911 4650 con-

226 4677 297 4736 haut
317 4681 431 4753 llystum
453 4681 482 4737 iu
503 4682 667 4740 camelario
694 4684 924 4743 animaduersum
947 4691 1045 4745 octavo
1094 4683 1225 4741 fessionis
1241 4689 1270 4740 et
1284 4683 1411 4757 martyrii
1431 4683 1661 4751 circumstantiae,
1684 4683 1718 4739 ad
1738 4700 1807 4757 quas
1826 4684 1913 4740 lecto—

229 4773 330 4830 lduum
347 4776 540 4846 Augustarum
556 4776 612 4847 die,
637 4781 664 4832 et
683 4793 748 4833 cum
771 4796 804 4835 eo
827 4779 960 4837 diacones
973 4799 1043 4855 qua-
1095 4795 1156 4836 rcm
1174 4778 1352 4846 dimittimus,
1371 4783 1501 4834 accurate
1520 4778 1729 4835 describuutur.
1755 4777 1911 4850 Utriusque

228 4872 313 4938 luor;
340 4868 389 4924 sed
411 4873 441 4924 et
464 4871 656 4944 persecutioni
676 4873 802 4944 quotidie
825 4875 972 4946 praefectos
999 4877 1043 4932 in·
1095 4873 1275 4930 mouumenti
1291 4875 1456 4928 contextum
1471 4889 1505 4928 ex
1524 4875 1598 4930 Actis
1615 4873 1769 4941 Martyrum
1783 4875 1911 4942 eurem,

230 4966 318 5030 stare,
335 4968 366 5017 ut
380 4962 402 5016 si
417 4965 466 5034 qui
482 4964 534 5019 sibi
548 4964 635 5020 oblati
649 4965 756 5021 luerint
773 4967 1043 5040 animadvertantur,
1095 4973 1193 5041 utpote
1205 4965 1363 5022 accuratius
1375 4965 1415 5022 ibi
1430 4983 1516 5038 quam
1534 4965 1563 5021 in
1581 4963 1756 5021 editionibus
1776 4966 1912 5039 Cypriani

230 5049 343 5110 elbona
366 5070 467 5112 eorum
490 5055 558 5112 llsco
580 5057 770 5115 vindicentur.
794 5061 927 5118 libenter
947 5064 992 5119 hia
1007 5064 1043 5120 de
1094 5061 1273 5134 castigatum,
1288 5077 1355 5116 cum
1369 5059 1514 5116 nonnullis
1527 5058 1685 5115 doctissimi
1698 5059 1816 5115 editoris
1834 5061 1913 5116 notis

228 5147 316 5202 rebus
342 5148 476 5204 certiores
509 5149 632 5222 collegas
653 5152 765 5208 lecisset
800 5156 967 5228 Cyprianus,
996 5156 1043 5213 sed
1094 5154 1297 5228 excerpsimus,
1311 5155 1407 5210 Unum
1424 5159 1467 5210 est
1489 5153 1564 5226 quod
1590 5149 1722 5224 adjiciam
1741 5153 1777 5209 ad
1792 5153 1912 5210 laudern

228 5255 287 5296 uon
305 5246 365 5296 erat
383 5241 501 5298 facultas
525 5242 694 5300 clericorum
716 5262 789 5319 quos
812 5249 1044 5307 mitteretrnam
1094 5249 1122 5306 S.
1147 5249 1290 5321 Cypriani,
1317 5265 1409 5303 sacras
1435 5247 1496 5318 ejus
1530 5245 1664 5320 reliquias
1695 5263 1805 5302 summa
1842 5263 1912 5302 cum
2015 5243 2016 5284 l

228 5333 355 5421 raniversi
365 5335 417 5390 sub
431 5335 488 5391 ictu
499 5337 601 5408 ugonis
614 5339 760 5395 constituti
776 5341 911 5399 recedere
924 5345 1043 5402 omniuo
1082 5343 1279 5404 ,veneratione
1295 5344 1325 5398 in
1341 5342 1517 5398 monasterio
1531 5339 1750 5413 compendiensi
1766 5357 1783 5396 a
1798 5343 1909 5413 tempo-

228 5428 402 5500 Carthagine
415 5445 472 5484 non
487 5434 630 5501 poterant,
644 5433 736 5504 parali
752 5451 860 5505 omues,
881 5455 933 5511 pro
952 5438 1043 5494 animi
1092 5437 1171 5493 ribus
1183 5437 1275 5494 Caroli
1293 5437 1368 5492 Calvi
1391 5436 1536 5493 asservari.
1561 5437 1637 5492 llanc
1659 5435 1737 5491 euim
1760 5435 1912 5492 basilicam
2014 5499 2015 5518 χ

227 5521 270 5577 sui
299 5521 459 5591 devotione,
483 5522 520 5578 ad
538 5523 663 5580 divinam
690 5533 718 5582 et
741 5529 884 5586 celestem
909 5531 1041 5603 gloriam,
1093 5530 1248 5603 imperator
1272 5531 1321 5586 ille
1344 5530 1375 5586 iu
1395 5531 1501 5604 palatio
1523 5547 1573 5586 suo
1597 5529 1748 5602 magnilica
1775 5531 1912 5599 extruxit,

227 5615 363 5685 Tandem,
391 5615 486 5672 oblata
512 5618 669 5689 occasione,
689 5621 787 5679 scribit
813 5621 849 5678 ad
879 5624 1042 5682 successum
1093 5640 1213 5698 eamque
1234 5624 1459 5698 praeclarissimis
1486 5623 1593 5681 dotavit
1616 5621 1784 5696 privilegiis,
1808 5639 1841 5679 uc
1871 5623 1915 5681 ibi

227 5708 405 5782 episcopum,
421 5709 553 5783 episttlt
574 5709 707 5769 derebus
729 5716 821 5772 Roma
842 5718 943 5786 allatis,
959 5735 1040 5774 enm·
1092 5735 1195 5792 corpus
1210 5719 1300 5776 sancti
1316 5719 1455 5792 Martyris,
1470 5718 1548 5792 quod
1570 5717 1605 5774 ab
1629 5721 1739 5774 Acrone
1757 5717 1912 5774 Persarum
2013 5731 2014 5750 ¹

227 5819 283 5884 que
299 5810 383 5882 rogat
395 5809 428 5861 nt
440 5804 501 5861 bac
523 5822 576 5880 per
588 5822 654 5863 eum
670 5809 787 5884 collegis
802 5810 993 5881 innotescant,
1006 5817 1040 5870 ut
1091 5829 1162 5888 rege
1175 5813 1276 5888 legatis
1288 5813 1379 5873 Caroli
1392 5811 1486 5888 logni
1498 5827 1675 5886 concessum,
1689 5827 1723 5868 ac
1745 5809 1861 5872 Arelate
1882 5815 1913 5876 el
