3978 6204
293 247 344 298 etto
756 235 784 292 S.
805 237 959 294 utrumn!
980 237 1116 294 Drbtttut
1137 238 1223 292 PARS
1239 236 1270 290 tt.
1286 265 1319 277 -
1337 235 1524 296 censebis.
1895 247 1936 300 550

292 373 320 424 et
343 368 425 424 docet
445 364 539 420 simila
562 364 746 418 contestans:
761 361 848 430 Soloe,
873 359 977 432 inquit,
1003 377 1106 417 omnem
1116 365 1219 446 Amilo
1234 361 1388 417 dubitaret.
1405 363 1438 418 Et
1461 363 1598 418 Dominus
1622 363 1689 418 horn
1713 369 1786 420 sexta
1799 368 1936 436 crucifixus,

293 462 392 516 nodum
421 459 573 528 trrjnsllliae,
613 457 714 512 resolve
751 457 940 526 suffocationes
978 457 1106 526 impoten-
1157 457 1191 512 ad
1206 473 1310 514 nonem
1335 460 1450 528 peccata
1475 460 1571 512 nostra
1596 457 1732 528 sanguina
1750 473 1797 514 sno
1820 460 1941 530 obtuitu

294 557 359 609 tium
381 554 605 608 commerciorum.
631 551 741 605 Dimitte
767 553 909 620 quitssctos
934 551 963 604 in
990 551 1108 619 requiem
1158 558 1189 606 ut
1214 551 1352 606 redimere
1377 555 1406 606 et
1430 551 1571 606 vivificare
1594 567 1644 606 nos
1667 555 1766 623 posset,
1790 559 1851 608 tunc
1867 555 1940 610 ricto-

292 650 318 702 et
330 661 433 704 omnem
453 646 682 714 censionotionem
710 643 841 712 injustum
866 643 980 712 dissipo.
1003 645 1108 710 Donec
1157 646 1231 700 riam
1245 661 1326 699 stiam
1339 645 1468 716 passione
1488 645 1616 716 perfecit.

292 741 420 798 esurienti
438 754 537 812 ponem
558 745 643 807 tuum,
666 743 692 792 cl
711 751 806 806 apenos
832 738 888 792 sine
922 742 988 792 tecto
1023 735 1107 790 induc
1192 738 1289 793 XXXV.
1319 737 1376 794 Sed
1401 737 1492 806 nobis,
1520 738 1624 794 iratres
1648 738 1826 808 dilectissimi,
1857 746 1942 812 prater

293 833 556 907 541intlomum
577 838 662 888 luam.
682 832 713 888 Si
728 831 828 886 uideris
843 831 958 894 nudum,
977 833 1064 895 uestis
1083 834 1108 884 el
1139 831 1241 886 'boras
1261 832 1420 904 antiquitus
1444 833 1606 888 observatas
1629 833 1696 902 (67),
1718 833 1813 888 orandi
1834 851 1898 890 nune
1919 841 1943 890 rt

293 928 571 984 domeslicosseminis
594 927 636 980 tui
653 940 707 980 iton
727 925 865 995 despicies.
891 925 965 978 Tunc
987 927 1108 994 erumpet
1158 925 1247 996 spatia
1286 927 1316 979 et
1347 929 1522 982 sacramenta
1546 931 1705 980 creverunt,
1728 927 1793 982 Nam
1824 933 1849 982 et
1874 945 1942 984 mane

294 1029 492 1093 temporaneum
522 1022 612 1076 lumen
640 1025 715 1074 tuum
739 1024 765 1072 ct
798 1019 956 1073 uestimento
982 1021 1029 1072 luo
1055 1019 1107 1072 cilo
1158 1018 1299 1074 oriendum
1312 1022 1364 1088 est,
1376 1017 1472 1092 542
1484 1024 1514 1074 ut
1526 1019 1695 1076 resurrectio
1706 1019 1812 1074 Domini
1825 1021 1943 1076 matutina

293 1121 425 1180 orientur,
444 1122 470 1170 et
492 1115 603 1186 psallit
617 1118 679 1168 nole
702 1117 727 1167 tc
741 1113 862 1181 mestitia,
886 1117 912 1166 el
935 1112 1047 1166 claritas
1059 1113 1108 1166 Dei
1157 1112 1284 1167 oratione
1310 1111 1480 1168 celebretur.
1505 1112 1585 1176 Quod
1609 1112 1676 1166 oiim
1708 1111 1823 1183 Spiritus
1849 1121 1943 1168 sanctus

293 1209 471 1267 circumdedit
492 1213 526 1265 te.
545 1209 619 1262 iiiuc
638 1205 810 1274 acclamatis,
831 1210 857 1260 el
878 1207 948 1261 Deus
979 1205 1108 1260 exaudiet
1157 1205 1325 1278 designabat
1344 1205 1373 1260 in
1397 1205 1513 1261 Psalmis
1540 1205 1637 1261 diceus
1663 1207 1746 1262 :Dea
1761 1222 1829 1261 mnu
1847 1214 1869 1261 et
1888 1210 1944 1262 Deus

293 1313 329 1370 te,
350 1309 376 1362 el
399 1304 464 1359 dum
482 1302 571 1358 odiam
589 1301 707 1370 muueris
724 1299 794 1354 dicet
810 1317 818 1354 t
833 1300 898 1354 Ecce
919 1299 1016 1354 odsum
1029 1297 1107 1370 (ism,
1156 1313 1240 1361 mens.
1256 1301 1385 1370 quoniam
1400 1299 1437 1354 cd
1451 1305 1475 1354 le
1487 1300 1569 1355 crebo
1585 1301 1619 1363 ⁷⁸,
1643 1301 1762 1361 Domine,
1785 1315 1857 1354 mone
1875 1317 1943 1356 men·

293 1415 368 1464 auu,
383 1395 453 1470 6-9).
468 1395 571 1450 Adesse
589 1409 619 1448 se
638 1391 812 1464 repromittit
828 1396 857 1447 et
878 1393 978 1448 andire
993 1408 1026 1447 ac
1042 1409 1105 1464 pro-
1157 1393 1213 1448 dies
1225 1407 1311 1448 uocnn
1324 1409 1421 1460 mcum,
1436 1409 1516 1448 mrrne
1540 1396 1667 1450 assistam
1677 1394 1701 1429 ⁷³
1722 1393 1775 1466 (66)
1795 1395 1848 1456 tibi,
1862 1400 1884 1448 et
1895 1409 1945 1448 con·

293 1498 391 1565 tegere
413 1507 443 1545 se
463 1505 512 1544 eos
532 1487 599 1543 dicit
616 1487 676 1558 qui,
693 1485 840 1558 injustitie
855 1487 943 1542 nodos
963 1486 999 1541 de
1023 1486 1107 1542 corde
1157 1485 1306 1556 templobor
1320 1493 1344 1542 le
1358 1488 1442 1556 (Psol.
1460 1501 1486 1556 v,
1501 1491 1539 1558 2).
1556 1489 1588 1543 Et
1603 1487 1709 1544 iterum
1731 1504 1781 1560 per
1797 1487 1942 1559 Prophetam

293 1588 430 1641 solventes
452 1587 480 1638 et
508 1583 704 1652 eleemosynas
730 1580 802 1635 circa
837 1579 1007 1636 domesticos
1046 1579 1105 1649 Dei,
1156 1581 1283 1651 loquitur
1299 1581 1434 1635 Dominus
1456 1599 1461 1634 τ
1481 1582 1606 1636 Diluculo
1631 1583 1787 1652 nipilnbunt
1810 1583 1843 1636 cd
1862 1581 1942 1636 merli·

292 1678 450 1736 seeundum
474 1678 535 1748 ejus
557 1677 708 1747 praecepta,
726 1674 873 1742 iacientes,
894 1675 962 1729 dnm
987 1675 1107 1729 erudiunt
1156 1681 1265 1729 ceritas:
1289 1677 1389 1729 ilomns
1414 1684 1440 1730 ct
1463 1682 1630 1731 reuertamur
1655 1677 1693 1731 cd
1718 1677 1852 1731 Doninum
1876 1678 1943 1730 Mem

293 1774 370 1846 quod
384 1775 457 1830 Deus
475 1770 604 1844 precipit
624 1769 696 1836 lieri,
712 1768 765 1840 ipsi
791 1783 906 1840 quoque
931 1785 946 1822 a
969 1769 1027 1822 Deo
1045 1741 1144 1822 mss-B
1157 1775 1279 1823 nostrum
1299 1769 1379 1840 (Dee,
1408 1785 1443 1838 rr,
1468 1769 1501 1841 Ι).
1523 1769 1682 1826 Decedente
1704 1770 1773 1825 item
1795 1769 1847 1824 soie
1861 1785 1889 1822 ac
1907 1768 1942 1822 die

293 1865 508 1924 renturaudiri.
539 1864 640 1919 Beatus
661 1863 807 1934 apostolus
828 1863 943 1930 Paulus,
958 1861 987 1916 in
1009 1877 1104 1917 neces·
1156 1867 1283 1918 cessante
1313 1863 1473 1917 necessario
1494 1879 1592 1918 rursus
1611 1863 1754 1918 orandam
1786 1865 1826 1918 est
1848 1879 1855 1918 ι
1880 1879 1943 1930 nam,

291 1963 374 2018 sitale
386 1974 527 2032 pressurae
541 1957 653 2028 adjutus
667 1972 683 2011 a
696 1955 840 2026 iratribus,
857 1956 1106 2028 operabonaqnae
1157 1955 1221 2026 quia
1240 1955 1368 2010 Christus
1393 1957 1434 2012 soi
1454 1972 1537 2011 verns
1558 1962 1586 2012 et
1611 1956 1674 2013 dies
1699 1961 1742 2012 est
1762 1957 1944 2026 carassalem

291 2055 396 2112 iiunt⁷¹
425 2051 562 2108 sacrificia
589 2049 641 2106 Dei
666 2049 738 2106 nisit
759 2065 821 2104 esse
837 2067 845 2105 r
868 2051 1015 2107 Saturnius
1036 2065 1106 2116 sum,
1156 2048 1201 2104 die
1215 2049 1309 2104 saeeuii
1324 2049 1484 2116 recedente,
1498 2050 1614 2121 quando
1628 2066 1744 2106 oramus
1757 2057 1784 2108 ct
1800 2049 1907 2123 petimus
1920 2053 1944 2104 ut

293 2150 396 2222 inquit,
418 2149 550 2218 recipiens
571 2145 605 2198 ub
629 2143 818 2215 Epaphrodito
842 2159 874 2199 eu
894 2159 955 2213 pue
987 2159 1005 2198 o
1032 2143 1107 2198 nobis
1156 2157 1307 2214 supernos
1324 2143 1373 2198 lux
1396 2142 1491 2200 denno
1510 2143 1614 2213 venial,
1629 2143 1736 2200 Christi
1757 2143 1943 2216 precamurad-

292 2247 462 2310 missosunl,
483 2241 591 2295 odmem
613 2240 772 2300 emanuelis,
790 2239 952 2307 soor-ilicium
969 2243 1107 2308 occeptum
1156 2240 1274 2292 ventrem
1293 2236 1365 2291 lucis
1382 2240 1498 2292 mierum
1519 2239 1642 2308 gratiam
1665 2237 1856 2310 praebiturum.
1868 2237 1944 2292 Chris-

299 2345 324 2394 ei
334 2338 469 2408 placitum
484 2337 538 2389 Deo
552 2333 697 2404 (Philipp,
711 2347 747 2398 rr,
764 2330 818 2401 ta).
832 2330 1033 2402 Nem,quendo
1045 2330 1109 2402 quis
1157 2336 1217 2385 tum
1238 2335 1335 2386 eutem
1356 2329 1431 2385 diem
1454 2329 1561 2386 dictum
1576 2331 1704 2388 declarat
1721 2331 1750 2386 in
1773 2331 1879 2388 Psalmis
1898 2329 1943 2400 Spi-

293 2433 447 2489 miseretur
460 2426 601 2501 pauperis,
616 2426 705 2480 Deum
720 2423 962 2501 iteneral50tqui
983 2424 1031 2479 dat
1052 2425 1105 2479 mi·
1156 2423 1229 2479 ritus
1250 2427 1363 2480 sanctus
1385 2441 1391 2478 :
1412 2426 1510 2494 Lapis,
1531 2424 1639 2496 iuquit,
1666 2441 1745 2496 quem
1762 2425 1942 2497 reprobaverunt

294 2525 389 2595 nimis,
403 2527 460 2582 Deo
475 2518 746 2592 donat,spiriteiiter
762 2519 817 2574 Deo
830 2517 975 2574 suavitatis
987 2517 1106 2575 odorem
1156 2519 1328 2588 edificantes,
1343 2519 1386 2574 liic
1399 2521 1490 2585 fectus
1502 2522 1541 2574 est
1559 2521 1588 2573 in
1601 2526 1688 2590 caput
1701 2521 1804 2589 ‹inouli
1817 2521 1839 2576 X
1854 2521 1942 2572 Domim

293 2619 439 2678 sacrificat.
1155 2615 1246 2680 sociiis
1259 2616 1297 2668 est
1310 2613 1395 2670 isle7⁶
1408 2619 1433 2668 et
1445 2617 1484 2669 est
1497 2613 1674 2669 admirabilis
1684 2615 1708 2648 Π
1723 2617 1752 2670 in
1765 2614 1845 2669 oculis
1854 2613 1942 2668 noenu.

326 2713 435 2770 XXXIV.
459 2713 492 2767 in
511 2707 688 2765 orationibus
705 2721 772 2763 vern
795 2705 971 2762 celebrandis
994 2707 1105 2763 inveni·
1156 2708 1208 2762 iste
1221 2711 1260 2762 csl
1273 2707 1331 2762 dies
1352 2722 1431 2778 mern
1451 2709 1517 2773 fecit
1543 2709 1682 2778 Dominus,
1703 2709 1862 2764 ambulemus
1870 2705 1915 2778 (69)
1924 2711 1943 2760 et

291 2825 356 2866 mus
381 2807 544 2862 observasse
563 2817 630 2858 curn
655 2799 770 2857 Daniele
792 2807 850 2855 tres
875 2815 978 2872 pueros
998 2801 1027 2856 iu
1049 2799 1106 2858 iide
1150 2801 1335 2870 jucundemur
1354 2803 1384 2856 in
1406 2817 1435 2856 eo
1459 2797 1942 2873 (reatum,aa,as).1tem‚quot

290 2905 378 2961 iortes
394 2904 423 2958 et
445 2899 474 2954 in
498 2896 659 2969 captivitate
679 2895 809 2962 victores,
842 2895 942 2950 horam
980 2893 1105 2963 tertiam,
1155 2895 1197 2950 soi
1210 2895 1368 2966 appellatus
1391 2895 1428 2951 sil
1449 2895 1637 2951 iiaiaciiias²⁸
1661 2897 1718 2967 (70)
1733 2896 1865 2968 prophete
1876 2897 1940 2949 testa-

290 3003 412 3064 sextam‚
441 3007 558 3060 nonam,
586 2989 794 3046 sacremento⁷²
821 2988 928 3044 seilicet
950 2988 1104 3058 Trinitatis,
1155 2988 1313 3044 turdicens
1329 3005 1336 3042 :
1354 2990 1435 3046 Vobis
1449 2995 1541 3046 cutem
1555 2992 1604 3060 qui
1624 2991 1725 3046 linnlu
1744 3005 1834 3046 nomeu
1846 2989 1940 3048 Domui,

289 3109 354 3166 quas
367 3090 397 3146 in
408 3086 569 3145 novissimis
581 3083 759 3155 temporibus
774 3081 951 3139 manifestari
969 3082 1103 3139 habebat.
1114 3110 1142 3187 C
1155 3085 1259 3140 ormtur
1270 3083 1311 3138 sol
1318 3083 1446 3153 iustitia,
1467 3090 1493 3139 et
1515 3085 1546 3138 in
1569 3085 1622 3140 olis
1645 3083 1704 3154 ejus
1729 3087 1829 3142 curatio
1842 3089 1876 3139 est
1887 3083 1940 3152 (llo-

289 3182 494 3256 Nametprima
504 3180 574 3236 hora
585 3179 614 3234 in
624 3177 1103 3234 tertiamveniensconsnmmetnm
1155 3177 1339 3248 lmn.‚1v,2).
1356 3177 1471 3243 Quodsi
1486 3179 1515 3233 in
1532 3177 1688 3251 Scripturis
1704 3178 1805 3234 sanctis
1824 3177 1859 3232 sol
1877 3189 1941 3230 verns

290 3291 444 3337 numerum
465 3271 599 3330 trinitatis
620 3271 746 3328 ostendit
762 3287 769 3326 :
786 3271 914 3341 itemque
940 3271 976 3324 ad
999 3277 1104 3326 sextam
1154 3273 1184 3327 el
1197 3271 1258 3328 dies
1271 3287 1355 3328 verus
1368 3277 1410 3327 est
1423 3271 1559 3340 Christus,
1575 3273 1646 3328 hora
1671 3274 1749 3328 nulla
1771 3267 1940 3330 erristianis

290 3379 392 3447 quarta
415 3368 571 3442 procedens
594 3365 718 3421 declarat
736 3364 855 3419 aiteram
882 3364 1058 3434 trinitatem3
1075 3368 1105 3420 et
1154 3364 1295 3437 excipitur
1309 3365 1462 3437 quominus
1480 3367 1648 3438 frequenter
1661 3383 1695 3423 ac
1708 3383 1818 3438 semper
1829 3367 1892 3421 Deus
1903 3361 1938 3416 de-

290 3465 404 3540 qnando
416 3479 434 3518 a
447 3461 570 3534 septima
580 3475 655 3514 unna
668 3459 838 3529 completur,
849 3473 902 3532 per
915 3463 1009 3513 ternas
1020 3459 1104 3514 horas
1154 3459 1220 3515 beat
1234 3459 1363 3530 adorari3
1386 3465 1416 3514 ut
1438 3459 1487 3532 qui
1509 3462 1537 3516 in
1556 3462 1680 3532 Christo,
1697 3462 1750 3518 hoc
1764 3461 1844 3517 estin
1862 3459 1909 3512 soie
1919 3458 1942 3510 ct

290 3559 402 3616 trinitas
423 3555 550 3628 perlecta
569 3556 745 3610 numeratur.
766 3553 834 3616 Qum
858 3552 991 3608 horarum
1015 3551 1105 3624 spatie
1154 3553 1183 3608 iu
1205 3553 1252 3608 die
1276 3569 1356 3621 vero,
1384 3570 1491 3622 sumus,
1518 3554 1686 3612 insistamus
1707 3573 1759 3629 per
1781 3559 1863 3611 totum
1881 3548 1939 3606 dien

288 3651 463 3728 jampridem
498 3647 661 3720 spiritaliter
691 3646 914 3703 determinantes
939 3645 1104 3701 adoratores
1154 3647 1284 3718 precibus
1298 3651 1465 3718 staremus,
1491 3655 1519 3704 et
1538 3649 1653 3721 quando
1680 3651 1778 3706 mundi
1792 3646 1939 3720 legedecnr·

291 3748 339 3804 Dei
363 3743 475 3802 statutis
498 3747 526 3800 et
542 3739 676 3813 legitimis
712 3740 747 3796 ad
786 3755 901 3812 precem
925 3739 1104 3811 temporibus
1154 3739 1470 3798 renerieibuseiternis
1489 3759 1546 3798 nor
1567 3739 1939 3811 revolutasuceedil,nuiium

290 3840 438 3898 servabant
450 3839 484 3894 ³³.
500 3839 533 3894 Et
551 3835 732 3892 manifestata
747 3834 931 3905 postmodum
946 3849 992 3889 res
1006 3839 1048 3890 est
1058 3850 1104 3889 sa·
1154 3835 1190 3889 ds
1204 3836 1351 3890 nocturnis
1365 3833 1490 3891 tenebris
1502 3839 1574 3892 'esse
1591 3837 1741 3894 orantibus
1763 3838 1885 3892 damnum
1898 3845 1938 3902 po·

290 3939 435 3994 crementa
457 3931 526 3988 oiirn
551 3929 638 3986 luisse
664 3929 738 4001 quod
765 3933 830 3984 ante
848 3927 888 3984 sic
910 3929 980 4001 iusti
1005 3945 1102 4001 preca·
1155 3930 1216 3996 test,
1230 3929 1296 4002 quia
1310 3929 1376 3984 filiis
1395 3929 1503 3986 iuciset
1517 3930 1546 3984 in
1563 3930 1764 3988 noctibusdies
1779 3933 1827 3986 est.
1840 3923 1938 3992 Quando

290 4031 406 4085 bantur.
421 4027 491 4082 iiam
503 4039 590 4097 snper
612 4021 764 4094 discipulos
777 4022 848 4077 hora
861 4021 945 4078 tertia
959 4021 1103 4078 descendit
1153 4022 1229 4078 enim
1244 4022 1306 4078 sine
1319 4023 1426 4079 lumine
1448 4026 1492 4079 est
1512 4025 1558 4080 cui
1576 4025 1676 4081 lumen
1696 4025 1725 4081 in
1740 4025 1820 4082 corde
1831 4025 1868 4078 est
1878 4019 1890 4074 l
1900 4020 1939 4072 aut

289 4122 411 4196 Spiritus
421 4121 546 4189 sanctus,
569 4116 619 4190 qui
636 4117 759 4189 gratiam
786 4117 939 4173 Dominicee
955 4117 1104 4190 repromis·
1153 4116 1265 4188 quando
1278 4118 1317 4171 soi
1334 4115 1361 4171 ei
1374 4119 1403 4172 et
1415 4117 1476 4172 dies
1490 4133 1548 4173 non
1562 4121 1606 4174 est
1615 4119 1663 4174 cui
1673 4119 1714 4174 soi
1726 4121 1755 4174 et
1764 4118 1820 4174 dies
1834 4113 1938 4172 Christus

289 4217 376 4275 sionis
403 4212 543 4286 implerit.
570 4214 640 4268 ilem
667 4212 775 4280 Petrus,
801 4211 873 4267 hora
889 4217 967 4268 sexta
992 4213 1046 4284 (66)
1073 4213 1103 4268 in
1153 4211 1218 4267 esti

289 4318 398 4370 tactum
420 4307 550 4380 superius
569 4305 733 4374 ascendens,
754 4305 836 4376 signo
855 4306 961 4378 pariter
985 4311 1014 4363 et
1036 4323 1103 4364 voce
1187 4303 1297 4360 XXXVl.
1311 4303 1363 4368 Oui
1377 4309 1475 4360 atatem
1488 4305 1518 4360 in
1537 4305 1660 4376 Christo,
1677 4307 1731 4362 boc
1750 4309 1791 4361 est
1803 4299 1937 4364 inlumina,

290 4405 342 4462 Dei
355 4401 497 4460 monentis
516 4399 670 4456 instructus
691 4401 734 4454 esi
755 4401 788 4454 ul
808 4415 906 4455 omnes
927 4400 962 4456 ad
981 4401 1102 4472 gratiam
1153 4414 1265 4470 semper
1276 4413 1382 4467 sumus,
1400 4413 1451 4453 nac
1468 4398 1595 4454 noctibus
1617 4399 1652 4455 ab
1669 4400 1796 4456 oratione
1811 4407 1936 4453 cosumus.

291 4498 387 4556 salutis
408 4496 581 4564 admitteret,
597 4509 661 4549 cum
683 4493 719 4549 de
737 4493 927 4550 emundandis
949 4482 1142 4566 gentilibusl)
1154 4495 1198 4550 Sic
1218 4497 1299 4548 Antra
1319 4492 1402 4547 vidua
1423 4493 1484 4548 sine
1501 4493 1715 4550 intermissione
1735 4509 1831 4561 means
1844 4497 1938 4558 semper

992 4657 1097 4722 Variae
1125 4657 1293 4722 lectiones.

320 4807 341 4844 ⁷¹
356 4807 447 4874 Opera
460 4819 523 4871 qum
541 4804 614 4856 flunt
627 4804 697 4855 bom
717 4803 791 4854 neor.
809 4805 866 4855 lin.
881 4805 935 4856 Nc.
951 4807 973 4856 i.
1007 4805 1028 4840 ⁷²
1038 4805 1252 4860 Sacramentum
1277 4806 1333 4856 Ver.
1357 4805 1536 4859 sacramente
1560 4809 1617 4858 Vct.
1630 4809 1654 4859 6.
1686 4807 1709 4842 ⁷⁵
1722 4807 1835 4860 Domino
1854 4796 1936 4850 semie-

288 4877 515 4932 bantlom.llod.
533 4877 558 4926 6.
575 4875 630 4927 Nc.
651 4878 672 4926 i.
689 4873 855 4927 serviebant
875 4875 954 4926 Onon
972 4877 1039 4941 lips.
1074 4877 1239 4931 ⁷⁴indurabo
1267 4883 1322 4932 Ver.
1356 4876 1379 4912 ⁷⁸
1395 4879 1499 4930 Astabo
1516 4880 1586 4928 inm.
1611 4880 1669 4930 ili.
1692 4879 1745 4930 NG.
1767 4879 1788 4927 i.
1806 4871 1860 4924 Bod-
1878 4855 1933 4926 2²

287 4949 309 4985 ⁷⁸
323 4948 438 5000 Factum
451 4951 492 4998 est
504 4943 579 4997 istud
595 4946 664 4996 Pern.
680 4945 761 4994 Poris.
782 4945 845 4994 Vici.
879 4943 1044 4998 ⁷'ilirabiiis
1058 4949 1103 4999 Ar.
1118 4949 1176 5000 Den.
1210 4950 1231 4986 ⁷⁸
1244 4950 1390 5004 Malachiel
1411 4949 1466 5000 Ver.
1487 4950 1551 5000 l'iet.
1958 5007 1959 5026 ¹

1958 5041 1959 5080 t

950 5101 1063 5185 Steph.
1078 5104 1203 5169 Daluzii
1218 5112 1317 5172 nntae.

320 5248 369 5311 (66)
392 5250 483 5300 Petrus
511 5249 580 5300 liora
614 5254 700 5300 semim
734 5247 806 5300 Vide
835 5249 1039 5302 Tertullianum
1072 5253 1101 5303 in
1152 5253 1317 5306 clemoudies
1334 5268 1382 5304 me.

288 5320 367 5370 initio
390 5318 452 5369 libri
465 5319 497 5371 de
515 5319 637 5384 letaniis,
654 5320 856 5385 Hieronymum
873 5323 902 5371 in
923 5322 1049 5387 Epistola
1066 5325 1102 5374 cd
1183 5325 1233 5389 (69)
1246 5324 1419 5375 Ambulcmus.
1437 5322 1506 5374 Tres
1529 5321 1592 5373 libri
1614 5325 1729 5380 veteres,
1753 5314 1899 5370 amomon
1915 5307 1934 5352 ‘i

287 5389 461 5451 Eustochium,
487 5391 524 5442 de
546 5389 678 5443 Custodia
710 5391 883 5457 virginitatis,
910 5398 939 5446 et
977 5395 1101 5447 Danielis
1152 5396 1274 5448 latemur.
1292 5396 1346 5446 Alii
1362 5398 1482 5460 quatuor
1493 5393 1614 5446 eleditio
1628 5391 1792 5449 iioreiiiene,
1802 5382 1932 5455 emittenti

287 5461 395 5582 iieinpip
421 5461 616 5514 adnotationes
639 5465 668 5512 in
695 5461 850 5514 Clementem
879 5465 1100 5530 Alexandrinum,
1151 5472 1174 5516 et
1183 5465 1371 5529 jucundemur.
1387 5465 1596 5531 Seguierienns,
1611 5463 1726 5516 utemur
1738 5466 1760 5512 et
1779 5454 1896 5522 epulemur
1911 5456 1932 5494 tc

287 5547 348 5600 pag.
398 5568 403 5582 .
1151 5552 1217 5589 eum.

317 5605 366 5669 (67)
383 5603 694 5666 cormacumoaedam
709 5609 802 5656 vetera
816 5607 985 5672 exemplaria
995 5609 1101 5662 babent
1181 5607 1390 5674 (titillaloclios.
1405 5607 1520 5660 Veteres
1534 5605 1669 5659 aditiones
1690 5607 1717 5655 et
1742 5597 1860 5652 tredecim
1880 5585 1930 5641 libri

284 5675 569 5736 ceremonensem
586 5687 678 5728 meum
688 5677 849 5728 constitutor.
1149 5686 1256 5733 veteres
1272 5679 1374 5730 habent
1396 5678 1550 5741 dialceltim,
1568 5677 1703 5730 Fanensis
1723 5665 1848 5727 Holcebil,
1861 5663 1928 5712 Vero·

316 5749 366 5812 (68)
401 5749 481 5800 mane
509 5747 641 5798 assistam.
662 5746 758 5799 Codex
785 5748 995 5814 Segniorionua,
1020 5753 1099 5803 Mane
1148 5751 1411 5804 nensislluincltiel.
1954 5773 1956 5784 ·

280 5820 395 5880 adstabo
408 5821 490 5872 tibist
503 5817 594 5872 videbo
610 5826 641 5871 tc.
665 5821 721 5871 Alii
743 5824 807 5885 tres,
827 5823 906 5872 Darne
922 5822 1033 5874 aristolao
1052 5823 1101 5874 tibi
1943 5795 1956 6174 )
