4076 6190
231 267 262 324 lb
874 265 905 322 n.
927 261 1109 324 reducum
1128 262 1255 324 utendi
1880 264 1912 320 ld

228 389 462 447 animadvertisse
474 391 640 446 contextum
656 387 799 462 Cypriani,
816 392 847 461 ut
859 377 896 446 ab
910 390 1026 447 homine
1039 389 1203 446 doctissimo
1217 390 1247 445 in
1263 391 1341 446 tante
1362 387 1492 444 codicum
1507 388 1673 460 mancupia
1689 385 1750 442 ficri
1766 403 1820 459 par
1838 392 1909 455 erat,

228 480 435 553 percommode
449 479 606 536 emendari.

264 569 345 635 Quod
364 574 473 641 spectat
485 569 520 624 ad
534 585 623 641 opera
635 569 775 641 cypriano
794 570 948 642 adscripta,
960 569 1021 641 jam
1044 569 1120 624 bona
1135 583 1201 640 pars
1216 567 1290 641 typis
1313 567 1448 624 mandata
1461 568 1566 636 lueret,
1580 583 1645 622 cum
1661 565 1805 622 Balazium
1826 565 1910 620 nobis

229 656 379 733 15-16
400 673 476 712 mors
489 657 615 713 abstulit.
631 659 738 713 Ριιιιιει
754 664 812 714 tres
827 659 887 712 illus
900 658 1147 730 pertractationes,
1163 659 1197 713 de
1208 658 1382 728 Spectaculis,
1396 657 1430 712 dc
1444 657 1537 712 Laude
1554 657 1693 725 Martyrii,
1711 660 1741 710 et
1759 655 1792 710 dc
1803 655 1909 725 Itebup-

231 751 346 816 temate,
369 763 438 819 quas
465 744 594 801 Beluzius
613 762 679 802 cum
702 746 835 818 genuinis
860 747 993 820 Cypriani
1019 747 1153 818 operibus
1176 746 1333 818 conjunxit,
1356 746 1477 801 absoluti
1497 751 1578 801 eraut
1599 745 1666 801 libri
1685 744 1718 800 dc
1735 747 1806 802 Bana
1825 744 1909 800 Pridi-

229 839 309 901 ctttae,
329 837 362 892 dc
384 836 566 900 Abatortbua,
587 837 625 891 ad
653 838 838 894 Nouatianum
863 838 1032 899 llerettcum,
1061 837 1094 892 dc
1114 837 1250 892 Montibus
1274 838 1341 894 Sina
1368 841 1394 891 et
1417 835 1493 900 Sion,
1516 836 1578 890 dua
1601 835 1743 893 Orationes
1769 832 1909 906 Cypriauo

228 925 340 994 effictae,
359 927 497 980 tractatus
519 924 647 991 ernaldi,
674 925 859 980 Bonae-Vallis
882 925 1001 992 abbatis,
1016 925 1049 980 dc
1070 927 1222 982 undecimis
1242 927 1336 983 Verbis
1355 927 1464 981 Domini
1483 927 1513 980 in
1531 941 1617 991 mace,
1631 923 1761 995 ejusdem
1786 922 1859 978 liber
1877 925 1910 979 de

230 1014 423 1074 Gardtnattbus
444 1013 544 1070 Christi
563 1013 701 1086 Operibus,
718 1012 830 1070 duobus
849 1018 898 1069 aut
920 1014 1010 1069 tribus
1031 1013 1106 1070 loliis
1125 1014 1257 1087 exceptis.
1275 1017 1305 1070 ln
1325 1014 1369 1068 his
1391 1031 1456 1086 quas
1478 1018 1649 1086 supererant
1671 1013 1857 1070 emendandis
1880 1018 1910 1068 et

230 1103 350 1158 edendis
373 1102 580 1158 elaborandum
602 1101 665 1158 ruit.
685 1105 776 1175 litque
796 1102 942 1174 equidem,
964 1103 987 1158 si
1009 1119 1113 1158 novam
1134 1103 1267 1176 Cypriani
1291 1119 1411 1174 operum
1428 1102 1582 1158 editionem
1604 1102 1799 1174 suscepissem,
1817 1101 1909 1156 fateor

227 1209 274 1248 me
293 1209 352 1248 non
365 1208 457 1264 pauca
470 1209 504 1247 ex
519 1197 578 1247 mm
591 1192 671 1262 gravi
687 1191 796 1246 sarcina
810 1193 1032 1248 deoneraturum
1051 1191 1147 1248 tuisse.
1162 1191 1227 1259 Sed,
1243 1207 1307 1248 cum
1323 1191 1515 1262 intelligerem
1528 1190 1660 1246 vicariam
1678 1207 1724 1246 me
1738 1206 1855 1261 operam
1872 1191 1907 1244 ad

228 1282 302 1338 hanc
320 1282 475 1338 editionem
496 1280 697 1338 absolvendam
719 1280 832 1351 afferre,
847 1280 957 1336 cautius
977 1281 1047 1336 mihi
1066 1280 1210 1352 egendum
1228 1280 1292 1336 luit.
1309 1281 1408 1351 Itaque
1422 1279 1528 1335 retinui
1546 1279 1683 1351 quidquid
1699 1278 1798 1334 habuit
1821 1279 1907 1334 editio

228 1371 355 1438 Pamelii,
372 1371 440 1441 quia
459 1369 498 1424 sic
513 1369 604 1424 visum
618 1369 733 1424 Beluzio
753 1369 857 1425 iuerat.
874 1369 929 1426 Sed
945 1385 979 1425 ex
994 1369 1028 1424 iis
1044 1369 1148 1442 quibus
1163 1368 1246 1440 Angli
1261 1367 1434 1441 cyprianum
1454 1373 1621 1436 onerarunt,
1635 1367 1828 1424 necessarium
1848 1383 1908 1422 esse

230 1459 297 1516 dvrxi
321 1459 549 1514 elucubrationes
571 1458 688 1514 Arnoldi
713 1459 893 1514 Bone-Vallis
914 1460 947 1515 de
968 1461 1097 1531 Operibus
1117 1475 1164 1516 sec
1184 1459 1299 1520 diuum,
1315 1459 1343 1512 et
1364 1457 1397 1512 de
1418 1457 1558 1513 Laudibus
1581 1457 1666 1512 beuta
1688 1458 1819 1524 Virginis,
1833 1455 1908 1526 ejus-

228 1551 350 1621 demque
366 1549 556 1604 llcditationes
570 1563 752 1618 expungere;
770 1551 832 1602 turn
847 1564 883 1604 ne
901 1549 1032 1604 volumen
1049 1549 1167 1604 nimiam
1183 1547 1212 1602 in
1229 1547 1335 1602 molem
1349 1548 1492 1601 cresceret
1504 1545 1629 1616 (auctum
1645 1544 1722 1600 enim
1743 1543 1843 1599 luisset
1857 1543 1908 1599 de-

227 1655 290 1694 cem
312 1637 407 1708 loliis),
425 1640 486 1692 tum
513 1623 647 1707 quia'alia
671 1639 786 1692 exstant
806 1637 836 1692 in
850 1637 1029 1694 bibliothecis
1050 1637 1153 1693 nostris
1168 1635 1298 1708 ejusdem
1310 1635 1428 1692 Arnoldi
1443 1650 1540 1706 opera,
1556 1649 1620 1706 quse
1636 1632 1697 1705 pari
1713 1632 1781 1704 jure
1795 1648 1827 1687 ac
1852 1635 1910 1686 tres

226 1727 284 1782 illae
305 1725 545 1792 elucubrationes,
559 1725 589 1780 in
608 1725 683 1780 hanc
706 1725 864 1781 editionem
883 1725 971 1797 recipi
997 1725 1171 1782 debuissent.
1187 1724 1296 1780 Placuit
1316 1722 1434 1780 eruditis
1454 1721 1530 1784 viris,
1546 1738 1617 1794 quos
1642 1721 1670 1777 in
1690 1721 1841 1776 consilium
1860 1720 1908 1776 ad-

226 1816 382 1884 hibuimus,
398 1817 428 1870 ut
449 1813 558 1870 neutris
582 1813 675 1870 aditus
698 1814 823 1870 duretur.
837 1817 1011 1886 computum
1033 1815 1175 1886 paschale,
1192 1813 1271 1888 quod
1290 1813 1379 1870 iidem
1400 1812 1482 1884 Angli
1504 1811 1665 1880 ediderant,
1686 1810 1836 1866 eliminare
1854 1815 1910 1865 sta-

227 1907 324 1960 tuerat
345 1903 489 1972 Batuzius;
506 1905 613 1958 etcum
638 1919 727 1974 opera
741 1903 881 1975 Cypriano
896 1905 1018 1976 ascripta
1040 1921 1075 1960 ex
1094 1904 1218 1960 editione
1234 1902 1388 1960 Oxoniensi
1402 1901 1598 1972 excerpsisset,
1613 1899 1689 1957 istud
1711 1899 1748 1955 da
1768 1900 1910 1956 industria

227 1993 373 2049 omiserat.
389 1993 428 2047 Eo
442 1992 579 2047 libentius
601 1991 677 2046 illius
691 1992 833 2050 voluntati
855 1993 982 2049 obsecuti
996 2009 1104 2063 sumus,
1118 1995 1195 2066 qood
1217 1993 1264 2048 hic
1285 1993 1399 2048 libellus
1414 2007 1465 2047 nec
1485 1990 1624 2062 Cypriano
1645 1989 1730 2046 tribui
1743 1988 1841 2061 possit,
1857 2005 1910 2045 nec

228 2082 362 2153 cuiqnam
384 2080 463 2136 valde
486 2081 633 2152 prodesse,
651 2097 684 2136 ac
708 2083 849 2151 praterea
862 2083 1007 2139 variarum
1027 2083 1184 2140 lectionum
1206 2083 1285 2156 sylas
1299 2088 1328 2138 et
1347 2081 1524 2153 longioribus
1547 2081 1622 2135 notis
1635 2079 1848 2151 luxuriatque
1872 2077 1909 2134 ad

227 2171 388 2227 institutam
410 2171 471 2241 ejus
494 2169 629 2225 editionis
652 2169 794 2224 rationem
808 2173 1018 2228 accommodari
1040 2189 1100 2228 non
1118 2174 1260 2244 poterant.
1276 2171 1355 2226 Haud
1371 2169 1505 2242 equidem
1526 2168 1738 2225 numeraverim
1753 2169 1829 2224 inter
1847 2183 1909 2224 me·

227 2259 297 2317 liora
321 2259 502 2330 antiquitatis
527 2261 711 2314 monumenta
734 2259 950 2315 contessionem
972 2261 1118 2333 Cypriani,
1144 2277 1232 2333 quam
1256 2261 1351 2316 editor
1374 2258 1546 2316 Orontensis
1574 2258 1671 2314 Latiae
1695 2257 1838 2327 vulgarit;
1858 2257 1909 2312 sed

228 2353 336 2416 tamen,
350 2349 419 2420 quia
442 2363 506 2402 eam
521 2347 650 2402 baluzius
672 2346 860 2402 omittendum
885 2365 943 2405 non
959 2365 1019 2405 esse
1039 2350 1233 2421 judicantes
1249 2355 1389 2421 praeterea
1411 2349 1441 2402 in
1464 2348 1556 2420 pretio
1570 2347 1624 2404 luit
1642 2346 1717 2418 apud
1739 2346 1909 2418 Gregorium

226 2437 443 2503 Nazianzenum,
459 2435 612 2492 Eudociam
635 2443 663 2492 et
684 2436 827 2503 Photium,
840 2454 898 2492 non
920 2438 1008 2494 mado
1022 2438 1099 2494 illam
1121 2439 1151 2492 in
1177 2439 1228 2493 hac
1244 2437 1368 2494 editione
1390 2436 1548 2492 desiderari
1568 2453 1627 2492 non
1647 2451 1748 2507 passus
1768 2451 1843 2503 sum,
1858 2435 1909 2490 sed

227 2527 313 2582 etiarn
333 2525 363 2580 in
382 2527 474 2582 locum
489 2527 584 2581 latina
607 2525 861 2597 interpretationis,
877 2543 967 2598 quam
988 2527 1117 2600 pluribus
1137 2527 1206 2583 lacis
1229 2527 1370 2594 hiulcam,
1383 2527 1542 2582 innumeris
1561 2526 1623 2581 eliis
1643 2530 1805 2596 corruptam
1823 2524 1910 2596 Angli

227 2613 376 2677 dederant,
391 2614 519 2670 Graecum
534 2613 629 2685 ipsum
644 2620 807 2670 contextum
822 2632 856 2670 ex
878 2614 1052 2671 bibliotheca
1066 2616 1245 2671 illustrissimi
1261 2614 1374 2671 comitis
1390 2614 1426 2670 de
1440 2614 1592 2686 Seignelay
1604 2614 1761 2669 liberaliter
1774 2611 1908 2685 suppedi-

226 2705 328 2770 tatum,
342 2719 374 2757 ec
393 2718 496 2758 novam
511 2703 780 2774 interpretationem
795 2705 969 2759 substituere
983 2721 1041 2760 non
1056 2703 1191 2760 dubitavi.
1213 2704 1315 2776 Spurio
1331 2721 1420 2777 opera
1434 2705 1474 2759 sic
1489 2704 1573 2760 edere
1591 2703 1754 2759 instituerat
1771 2703 1908 2769 baluzius,

227 2797 259 2846 ut
281 2791 424 2846 habentur
447 2792 476 2846 in
491 2791 644 2848 Oxoniensi
661 2792 787 2849 editione
804 2793 857 2849 :id
879 2794 954 2865 quod
978 2793 1098 2866 perspici
1112 2800 1205 2866 potest
1226 2795 1319 2850 erbis
1340 2811 1404 2866 quse
1420 2793 1502 2866 typis,
1516 2809 1550 2848 eo
1571 2792 1665 2848 adhuc
1686 2792 1808 2856 vivente,
1824 2807 1907 2846 man·

228 2881 294 2936 data
315 2881 450 2937 diximus.
465 2881 529 2948 Sed,
545 2899 610 2936 cum
627 2881 755 2937 viderem
769 2899 803 2937 ex
828 2882 872 2938 his
886 2883 1080 2939 monumentis
1095 2883 1233 2939 nonnulla
1248 2899 1308 2940 esse
1323 2883 1422 2954 magni
1435 2881 1530 2954 pretii,
1546 2897 1636 2954 enque
1651 2897 1709 2954 quo
1727 2881 1831 2953 saepius
1843 2897 1908 2936 cum

228 2969 371 3041 cypriano
395 2969 470 3024 edite
482 2970 607 3036 luerent,
622 2986 656 3026 eo
679 2971 774 3042 plures
793 2989 888 3027 naevos
910 2973 1036 3041 traxisse,
1053 2977 1176 3028 vetustas
1196 2973 1336 3028 editiones
1356 2976 1385 3027 et
1398 2972 1530 3044 antiquos
1552 2970 1664 3027 codices
1686 2989 1752 3026 mss.
1768 2974 1909 3044 quotquot

229 3059 259 3114 in
283 3057 420 3113 hacurbc
443 3058 562 3130 reperiri
583 3065 747 3129 patuerunt,
764 3059 792 3114 in
813 3061 973 3116 subsidium
994 3063 1100 3130 vocavi,
1115 3078 1273 3133 eorumque
1294 3078 1348 3134 ope
1368 3067 1397 3116 et
1417 3061 1549 3132 prasidio
1570 3061 1696 3133 plurima
1716 3063 1857 3134 majorem
1879 3061 1907 3115 in

228 3147 349 3202 modum
371 3146 538 3215 deformata,
553 3149 710 3218 praesertim
732 3149 762 3202 in
775 3148 848 3203 libro
870 3150 903 3204 de
922 3152 1120 3221 singularitate
1136 3153 1302 3216 clericorum,
1314 3154 1490 3222 depositione
1509 3152 1640 3220 symboli,
1654 3154 1682 3206 et
1693 3150 1815 3222 Epistola
1837 3151 1909 3206 Celsi

228 3237 267 3292 ad
291 3237 423 3306 vigilium
444 3236 472 3290 in
489 3236 640 3307 pristinum
658 3237 783 3292 nitorem
796 3237 919 3305 restitui,
935 3238 964 3293 in
980 3239 1036 3294 hoc
1051 3240 1139 3296 etiam
1161 3240 1263 3296 baluzii
1287 3239 1408 3310 vestigia
1420 3255 1550 3312 premere
1565 3256 1623 3295 non
1642 3240 1731 3310 potui,
1746 3239 1823 3310 quod
1843 3255 1908 3294 cum

229 3340 292 3379 suas
314 3325 362 3378 ille
387 3327 469 3378 notas
490 3329 553 3395 post
576 3329 740 3380 contextum
762 3325 917 3396 rejecisset,
941 3343 996 3399 ego
1018 3329 1109 3384 varias
1130 3329 1269 3385 lectiones
1292 3328 1415 3401 margini
1437 3327 1629 3399 apposuerim.
1644 3329 1700 3383 Sed
1722 3345 1774 3382 nec
1798 3327 1907 3383 Batuzio

227 3411 302 3466 notis
320 3411 466 3466 interdum
482 3412 662 3467 uberioribus
682 3414 854 3485 iudulgenti,
869 3431 920 3470 nec
935 3417 1005 3472 mihi
1026 3415 1055 3472 in
1071 3419 1131 3474 sola
1146 3422 1296 3474 contextus
1310 3419 1514 3474 emendatione
1535 3419 1700 3474 immoranti
1720 3419 1802 3476 aliter
1815 3419 1909 3476 iacere

228 3497 374 3570 integrum
396 3499 459 3555 luit.
475 3499 519 3554 Ad
531 3501 605 3556 hanc
626 3502 799 3557 emendandi
813 3511 961 3560 contextus
983 3523 1101 3578 operam
1113 3507 1169 3563 alia
1188 3509 1314 3576 accessit,
1329 3524 1414 3580 quam
1428 3523 1481 3579 pro
1500 3508 1640 3563 facultatis
1655 3507 1865 3580 mediocritate,
1879 3509 1909 3563 in

229 3588 405 3660 explananda
418 3591 445 3644 S.
464 3589 597 3660 Cypriani
610 3589 749 3660 doctrine,
764 3591 793 3646 in
807 3592 892 3648 rebus
905 3593 980 3650 illius
996 3595 1081 3667 gestis
1094 3596 1130 3652 ad
1145 3597 1249 3654 critice
1260 3613 1391 3652 normam
1405 3595 1610 3668 expendendis,
1624 3596 1800 3653 noverimus.

542 3726 564 3779 Ῐ.
583 3753 618 3765 ···
637 3740 760 3782 crrnlaru
779 3742 926 3786 sauream
944 3745 978 3784 DE
997 3746 1110 3787 UNITATE
1134 3747 1168 3788 ΕΤ
1194 3745 1422 3788 lursunretttvavn
1447 3745 1593 3788 RGCLESlAE.

263 3840 331 3904 Once
351 3853 387 3896 ex
401 3839 534 3912 Cypriani
547 3841 656 3913 scriptis
675 3843 712 3898 ad
734 3843 861 3901 veritatis
877 3846 1075 3904 defensionem
1097 3865 1198 3904 cruere
1219 3849 1414 3921 aggredimur,
1431 3866 1465 3904 ea
1477 3864 1533 3922 quo
1555 3850 1647 3920 magis
1665 3850 1818 3923 perspicua
1839 3854 1907 3905 sunt

228 3933 257 3984 ct
277 3927 313 3983 ad
328 3929 457 3984 omnium
473 3935 589 4001 captum
611 3933 840 4004 accommodate,
856 3951 890 3990 eo
905 3933 1000 3990 minus
1019 3936 1177 3993 cavillando
1198 3938 1275 3993 eludi
1289 3944 1422 4009 possunt;
1437 3941 1467 3992 et
1481 3954 1538 4009 quo
1555 3939 1694 4009 majorem
1715 3938 1800 3994 tertio
1814 3939 1907 3995 Eccle-

228 4017 277 4072 siae
291 4017 394 4072 saeculo
413 4016 639 4074 admirationem
659 4020 832 4091 habuerunt,
850 4039 884 4079 eo
904 4025 1015 4095 aptiore
1036 4024 1171 4082 videntur
1184 4026 1221 4081 ad
1236 4043 1284 4082 eos
1303 4028 1511 4100 permovendos
1524 4028 1573 4099 qui
1594 4029 1649 4084 trie
1663 4029 1792 4085 Ecclesia
1814 4029 1908 4100 priora

228 4107 333 4161 saecula
351 4106 468 4178 rejicere
482 4124 541 4163 non
561 4110 678 4165 audent.
692 4111 838 4168 Scribebat
852 4115 1008 4185 Cyprianus
1021 4116 1110 4173 doctis
1130 4118 1237 4189 pariter
1250 4123 1279 4173 et
1293 4118 1423 4188 indoctis,
1439 4119 1557 4190 ejusque
1570 4118 1699 4174 doctmne
1718 4135 1777 4174 non
1793 4121 1908 4174 tantum

229 4195 259 4251 in
275 4194 375 4252 Africae
394 4197 455 4251 luce
470 4197 648 4266 versabatur,
663 4200 712 4254 sed
731 4199 760 4255 in
778 4202 886 4258 ltaliam
908 4204 1060 4276 navigabat
1074 4209 1104 4261 et
1120 4206 1156 4261 ad
1170 4207 1373 4263 remotissimas
1390 4207 1553 4264 Occidentis
1571 4208 1751 4282 Orientisque
1774 4207 1909 4264 Ecclesiae

229 4285 436 4356 perferebatur.
457 4287 552 4357 ltaque
575 4286 650 4343 illius
674 4288 709 4343 de
730 4289 861 4355 Ecclesia,
881 4292 916 4348 de
939 4295 1134 4364 sacrementis,
1153 4301 1271 4368 excepta
1292 4296 1326 4351 de
1350 4295 1493 4368 baptismo
1514 4297 1714 4353 hereticorum
1738 4297 1908 4370 quaestione,

230 4374 386 4432 deebriati
406 4375 556 4432 divinitate
580 4377 697 4450 ejusque
718 4380 806 4450 gratia
828 4382 1001 4455 testimonia,
1018 4401 1076 4440 non
1093 4385 1178 4441 umus
1201 4384 1334 4458 episcopi,
1349 4403 1401 4441 nec
1417 4387 1548 4442 Ecclesia
1576 4387 1672 4455 unius,
1696 4387 1748 4442 sed
1778 4386 1910 4443 omnium

229 4463 305 4521 iltius
318 4465 410 4520 aetatis
430 4465 642 4522 catholicorum
655 4467 818 4524 testimonia
839 4471 993 4528 existimari
1013 4473 1130 4530 debent.
1144 4475 1392 4540 Quemadmodum
1413 4481 1511 4532 antem
1531 4477 1651 4533 unitatis
1664 4491 1747 4533 emor
1764 4475 1841 4532 inter
1853 4475 1908 4532 rir-

229 4557 305 4610 tutes
326 4554 462 4626 Cypriani
480 4555 622 4628 precipue
647 4556 757 4626 enituit,
781 4559 819 4612 sic
839 4559 869 4616 in
891 4563 953 4632 eius
971 4563 1082 4635 scriptis
1102 4565 1176 4619 nihil
1197 4565 1399 4622 vehementius
1418 4566 1646 4636 commendatur,
1661 4566 1733 4622 nihil
1753 4565 1909 4622 accuratius

229 4642 403 4712 defenditur,
418 4660 506 4716 quam
521 4645 613 4701 unitas
633 4645 773 4702 Ecclesia.
787 4648 879 4704 Facile
892 4652 1020 4722 proiecta
1040 4669 1074 4708 ex
1089 4654 1151 4726 ejus
1171 4653 1254 4710 dictis
1269 4656 1323 4710 tria
1338 4655 1515 4729 potissimum
1534 4654 1685 4728 perspiciet
1704 4655 1835 4728 quisquis
1850 4672 1909 4712 non

229 4748 342 4788 omnem
365 4749 494 4790 amorem
510 4734 637 4790 veritatis
651 4735 747 4791 animo
767 4737 850 4809 ejecit
866 4759 872 4794 ι
891 4743 920 4793 qs
932 4741 1083 4798 Ecclesiam
1104 4759 1168 4816 qua
1189 4761 1205 4800 a
1220 4746 1332 4802 Christo
1350 4763 1403 4819 per
1415 4747 1555 4818 apostotos
1568 4745 1689 4801 fundata
1709 4749 1761 4815 eat,
1777 4746 1909 4802 omnibus

229 4823 410 4895 conspicuam
434 4839 466 4878 ac
493 4823 632 4880 visibilem
655 4841 717 4881 esse
728 4843 737 4896 ;
762 4829 792 4883 2⁰
813 4844 866 4884 nec
888 4829 1000 4902 perire,
1021 4847 1073 4887 neo
1099 4833 1157 4889 ullo
1177 4850 1275 4892 errore
1295 4842 1346 4892 aut
1366 4836 1519 4892 schismate
1539 4835 1685 4908 corrumpi
1705 4851 1787 4908 posse
1794 4853 1803 4906 3
1820 4839 1851 4893 3ο
1870 4836 1910 4892 its

230 4927 316 4966 unam
338 4927 409 4980 esse,
430 4915 461 4966 ut
483 4927 661 4986 quecunque
681 4915 716 4970 ab
738 4931 772 4971 ee
793 4923 877 4974 seete
898 4917 1095 4993 discesserunt,
1117 4928 1147 4978 ut
1169 4939 1186 4979 a
1208 4941 1277 4981 vera
1300 4926 1431 4998 Ecclesia,
1446 4925 1486 4982 ita
1508 4925 1543 4981 ab
1566 4930 1675 4982 aterna
1696 4925 1787 4982 saluta
1807 4925 1910 4982 disne

229 4999 295 5056 sint.

265 5089 337 5144 Nota
360 5104 418 5144 non
441 5093 525 5146 erant
538 5099 637 5148 sancto
658 5093 771 5167 Martyri
793 5096 941 5154 invisibilis
963 5099 1095 5157 Ecclesia
1107 5107 1282 5174 commenta,
1297 5121 1361 5178 qu·
1379 5105 1466 5178 louge
1487 5105 1646 5163 recentiore
1662 5105 1802 5163 memoria
1824 5122 1908 5162 exco-

230 5181 319 5252 gitata
343 5183 427 5248 svint;
441 5181 489 5236 sed
516 5197 578 5236 eam
603 5183 755 5239 Ecclesiam
780 5186 915 5261 intelligit
933 5189 963 5244 in
986 5205 1043 5262 qua
1067 5192 1173 5248 zizania
1194 5209 1260 5249 cum
1284 5195 1440 5266 tramenta,
1464 5211 1530 5251 rasa
1553 5195 1650 5254 fictilia
1674 5213 1740 5253 cum
1764 5196 1858 5253 aureis
1882 5200 1912 5252 et

229 5269 372 5341 argenteis
396 5269 534 5341 usquead
553 5271 630 5326 diem
649 5271 749 5342 judicii
763 5278 900 5346 permista
913 5287 1068 5337 cernentur
1088 5281 1149 5354 (cot.
1166 5281 1240 5354 stt),
1254 5299 1319 5354 quas
1331 5299 1419 5356 super
1433 5285 1548 5341 Petrum
1572 5286 1685 5343 Domini
1699 5302 1769 5342 voce
1792 5286 1911 5342 lundata

231 5381 245 5410 u
267 5374 324 5412 una
345 5363 388 5413 est
403 5363 432 5412 et
453 5359 481 5414 in
506 5359 718 5417 multitudinem
740 5364 822 5420 latius
847 5366 1025 5425 incremento
1048 5371 1233 5428 fecunditatis
1256 5374 1477 5443 exauditaque
1497 5376 1610 5432 Domini
1629 5376 1693 5432 tuce
1714 5375 1840 5448 perfusa,
1858 5391 1911 5448 per

230 5446 328 5503 orbem
348 5447 439 5501 totum
452 5446 546 5502 radios
565 5465 631 5504 suos
651 5452 787 5524 porrigit;
806 5455 835 5510 in
856 5473 913 5534 qua
934 5459 1112 5531 episcopatus
1130 5478 1205 5518 unus
1221 5467 1273 5532 est,
1287 5463 1368 5534 cujus
1381 5479 1398 5518 a
1410 5461 1532 5536 singulis
1551 5463 1723 5522 insolidum
1743 5479 1810 5536 pars
1829 5469 1910 5520 tene·

230 5539 277 5590 tur
299 5535 348 5606 (lie
372 5535 637 5600 Untt.Ecclee.,col.
652 5539 726 5612 aar),
745 5541 845 5614 inqua
866 5561 917 5617 per
941 5553 1102 5621 temporum
1124 5556 1153 5607 et
1173 5552 1382 5608 successionum
1403 5552 1478 5610 vices
1499 5554 1696 5627 episcoporum
1721 5553 1862 5610 ordinatio
1882 5558 1912 5610 et

228 5624 358 5681 Ecclesia
380 5623 452 5679 ratio
466 5624 600 5692 decurrit,
617 5631 649 5682 ut
669 5629 792 5686 Ecclesia
812 5649 899 5705 super
923 5637 1070 5710 episcopos
1090 5640 1336 5709 constitucionet
1358 5641 1452 5698 omnis
1473 5649 1552 5700 ectus
1570 5643 1701 5700 Ecclesia
1722 5659 1774 5715 per
1794 5641 1910 5698 eosdem

224 5714 397 5788 prepositos
422 5711 598 5784 gubernetur
621 5717 718 5788 (Epist.
740 5721 834 5792 xxvii).
856 5743 869 5773 u
896 5725 926 5778 ln
950 5725 994 5780 his
1018 5731 1047 5782 et
1070 5728 1132 5784 aliis
1154 5731 1292 5803 ejusmodi
1316 5730 1385 5786 locis
1408 5733 1486 5788 nulle
1512 5732 1617 5789 residet
1633 5732 1755 5805 suspicio
1777 5731 1911 5788 Ecclesia

229 5803 395 5880 invisibilis,
417 5817 510 5886 neque
532 5803 611 5863 euim
632 5807 728 5884 lapsos
750 5809 913 5868 hortaretur
930 5817 1089 5891 Cyprianus
1111 5824 1144 5876 ut
1166 5821 1297 5877 Ecclesia
1319 5821 1468 5882 invisibilis
1489 5823 1611 5880 decretis
1636 5823 1844 5906 obsequantur,
1860 5827 1911 5882 aut
