4080 6200
306 277 358 338 aar
509 279 512 286 ⁴
603 239 606 244 ’
760 283 787 340 s.
807 281 965 342 crrmmr
983 284 1121 344 orasse
1139 285 1225 342 raas
1242 284 1264 338 1.
1284 311 1319 324 -
1338 281 1518 340 aeramen.
1913 285 1959 340 aas

306 425 365 470 non
383 411 495 466 tentum
522 407 664 465 confessus
683 410 847 467 deterruisti
866 411 982 468 vocibus
1009 412 1063 469 illis
1090 416 1119 468 et
1128 426 1254 499 Aquam
1268 425 1355 466 nemo
1368 414 1482 482 portare
1501 412 1606 482 posset.
1620 406 1676 464 Sed
1694 423 1770 464 unire
1787 405 1875 480 ipsam
1893 408 1965 464 clari

305 503 399 557 verbis
411 501 518 557 deificis
539 501 643 575 quibus
666 503 724 560 scio
743 505 823 576 quasi
843 509 984 560 amatores
1004 505 1073 561 iidei
1093 510 1120 562 et
1169 507 1369 560 tatemsumne
1385 503 1542 572 consecuti,
1556 503 1591 559 Et
1612 501 1685 570 idae,
1698 501 1786 557 irater
1805 502 1965 570 charissime,

306 594 428 667 zelotypi
444 595 599 667 discipline
618 597 722 654 Christi
744 598 773 652 in
796 614 853 670 qua
875 602 904 653 te
924 601 990 654 novi
1007 584 1061 670 (33)
1082 599 1120 654 vi·
1169 599 1258 655 saluta
1284 597 1453 652 Numeriam
1480 600 1509 652 et
1533 595 1704 664 Candidum,
1733 611 1798 667 quae
1822 596 1966 650 secundum

304 687 425 744 recitate
447 689 554 744 versari
578 693 606 746 te
627 691 751 762 gaudeo,
767 692 867 747 vicisti.
889 693 978 760 Nunc,
993 693 1121 748 charissi-
1169 691 1246 748 Pauli
1259 697 1434 763 praecaptum
1446 693 1475 746 et
1489 693 1659 746 ceterorum
1672 692 1839 762 martyrum,
1854 705 1966 760 quornm

304 797 364 850 me,
375 783 438 853 jem
452 782 529 839 inter
543 787 684 856 martyres
708 785 870 858 deputande
883 787 919 855 ²⁸,
935 787 1047 842 voluisti
1067 802 1121 842 nos
1170 785 1289 842 nomine
1304 783 1435 855 subjicio,
1449 784 1526 838 Bessi
1548 783 1578 838 in
1596 783 1739 855 pejerario
1760 782 1824 854 (34),
1836 783 1968 853 llappalici

304 874 406 931 litteris
421 876 478 931 tuis
494 893 625 948 merare,
641 875 787 950 inquibus
801 879 967 952 significasti
984 878 1021 934 de
1040 895 1119 936 soro·
1169 879 1200 934 in
1224 877 1400 951 quaestione,
1426 877 1610 934 Fortunionis
1635 877 1667 931 in
1692 891 1829 944 carcere,
1856 875 1927 930 Pauli
1953 893 1968 930 a

305 968 384 1024 ribus
405 969 527 1040 nostris3
553 987 605 1042 pro
627 971 731 1044 quibus
753 972 862 1028 utinam
884 973 948 1028 fleri
972 978 1067 1046 posset
1088 978 1121 1029 ut
1170 971 1333 1045 quastione
1364 971 1432 1042 (33),
1466 971 1645 1040 Fortunatae,
1674 969 1825 1036 Victorini,
1853 968 1969 1038 Victoris,

305 1061 366 1120 sine
380 1065 460 1120 tanto
474 1065 581 1121 scelere
591 1066 742 1122 commisso
756 1067 929 1123 memoriam
943 1067 1118 1123 laceremus!
1172 1064 1316 1136 herennii,
1332 1063 1470 1132 Credulae,
1481 1065 1611 1132 llereuae,
1627 1063 1737 1132 Donati,
1748 1062 1845 1130 Firmi,
1855 1062 1968 1130 Venusii,

305 1156 368 1211 Non
393 1157 522 1228 prolecto
549 1159 636 1215 mutis
666 1160 799 1232 lacrymis
830 1160 1058 1216 incumberemus
1089 1165 1122 1216 ut
1171 1159 1277 1229 Fructi,
1293 1159 1384 1227 luliae,
1396 1157 1530 1214 llariialis
1541 1162 1570 1213 et
1581 1157 1727 1228 Aristonis,
1740 1156 1790 1228 qni
1805 1157 1859 1212 Deo
1873 1157 1970 1211 volente

305 1265 393 1308 nune.
1170 1252 1331 1308 incarcere
1347 1253 1425 1307 lame
1436 1251 1528 1306 necati
1546 1255 1622 1319 sunt,
1638 1265 1763 1322 quorum
1784 1251 1813 1305 et
1833 1265 1881 1305 nos
1894 1249 1972 1304 accim

345 1344 376 1399 ni
393 1343 471 1401 Scire
485 1345 610 1402 debuisti
625 1347 693 1418 quid
711 1347 787 1402 circa
807 1363 858 1402 nos
878 1352 973 1403 actum
992 1347 1036 1402 sit.
1051 1349 1121 1404 Cum
1171 1345 1282 1401 futuros
1306 1346 1383 1400 intra
1403 1345 1462 1400 dies
1484 1344 1614 1400 audietis.
1636 1346 1697 1400 lam
1721 1343 1800 1398 enim
1825 1357 1858 1398 ex
1881 1343 1970 1414 quo,³¹

307 1436 474 1493 benedictus
488 1444 598 1511 martyr
617 1440 722 1496 Paulus
739 1441 833 1497 adhuc
851 1441 881 1496 in
900 1457 1017 1511 corpore
1036 1445 1119 1508 esset,
1170 1440 1270 1496 iterato
1284 1439 1387 1494 reclusi
1401 1455 1500 1494 sumus
1512 1443 1578 1494 sunt
1593 1437 1654 1493 dies
1668 1441 1731 1492 octo
1753 1436 1785 1491 in
1804 1435 1848 1492 die
1862 1452 1916 1508 quo
1927 1435 1972 1491 tibi

307 1527 489 1598 rocavityne,
506 1531 535 1583 et
551 1528 707 1586 dixitmihi
722 1545 729 1584 ι
747 1529 881 1597 Lucisne,
896 1545 992 1585 coram
1011 1530 1121 1587 Christo
1170 1534 1277 1589 litteras
1304 1532 1413 1604 scripsi.
1437 1533 1507 1587 llam
1536 1535 1653 1587 etanta
1682 1531 1744 1587 dies
1766 1534 1829 1585 octo
1851 1545 1899 1601 per
1919 1531 1972 1584 dies

307 1619 359 1674 tibi
384 1619 447 1675 dico
474 1627 516 1692 ut,
547 1622 570 1677 si
596 1623 661 1694 quis
689 1630 753 1695 post
781 1624 993 1680 arcessitionem
1026 1640 1120 1680 meam
1170 1607 1971 1699 quinquemediosmodicumpenisaccepimusetaquaru

306 1711 356 1767 abs
369 1716 397 1768 te
410 1729 511 1785 pacem
526 1716 653 1786 petierit,
667 1717 702 1773 do
717 1717 741 1753 ¹⁸
752 1717 783 1773 in
794 1718 912 1774 nomine
925 1733 1012 1788 meo;
1027 1718 1075 1772 sed
1091 1721 1121 1772 et
1171 1721 1204 1776 ad
1225 1736 1402 1775 mensuram.
1419 1721 1453 1774 Et
1477 1719 1553 1787 ideo,
1578 1719 1675 1786 irater,
1698 1721 1767 1790 peto
1788 1722 1828 1786 ut,
1852 1718 1919 1772 sicut
1932 1717 1973 1771 hic

307 1822 407 1863 omnes
426 1824 497 1880 quos
516 1809 655 1866 Dominus
675 1811 706 1867 in
729 1815 809 1867 tante
831 1811 1012 1868 tribulatione
1026 1801 1236 1874 arces-Bcnm
1263 1813 1401 1868 Dominus
1418 1813 1534 1885 coeperit
1556 1812 1609 1883 ipsi
1631 1811 1762 1866 Ecclesiae
1787 1825 1882 1882 pacem
1903 1809 1972 1879 dere,

307 1900 363 1956 sire
387 1900 520 1973 dignatus
547 1909 608 1974 est,
637 1905 761 1960 universi
786 1905 893 1961 litteras
920 1921 953 1960 ex
979 1909 1123 1977 compacto
1173 1907 1521 1977 secundumpraeceptnm
1535 1904 1616 1960 Pauli
1631 1907 1661 1959 et
1679 1910 1809 1960 nostrum
1824 1905 1974 1971 tractatum,

306 1993 446 2050 universis
474 2012 574 2067 pacem
600 1997 769 2054 dimisimus.
794 1998 878 2054 Vides
904 2015 990 2070 ergo,
1019 1999 1122 2068 irater,
1174 2000 1397 2072 expositacansa
1412 1995 1974 2073 apudepiscopumellactaexomologesi,

307 2086 443 2159 quoniam
458 2089 561 2160 partim
573 2090 630 2162 (33)
652 2091 713 2163 ejus
734 2092 811 2165 quod
831 2092 904 2147 mihi
924 2094 1027 2148 Paulus
1044 2085 1122 2165 'pras
1172 2094 1299 2150 habeant
1311 2109 1425 2166 pacem,
1440 2108 1498 2149 uon
1510 2095 1623 2148 tantum
1636 2093 1692 2162 hee,
1706 2091 1758 2148 sed
1772 2096 1880 2163 etquas
1891 2089 1974 2145 scisad

308 2181 383 2252 cepit
407 2197 494 2254 quam
518 2185 654 2241 universis
676 2185 753 2258 quod
773 2187 948 2255 censuimus,
965 2203 1001 2242 ax
1022 2187 1124 2259 quibus
1172 2188 1303 2244 animum
1317 2190 1371 2260 (33)
1386 2192 1515 2242 nostrum
1529 2185 1684 2258 pertinere.

306 2289 419 2332 eremus
444 2277 474 2333 in
500 2277 553 2334 hac
580 2279 773 2348 tribulatione,
799 2297 864 2336 cum
888 2281 960 2352 jussi
984 2267 1083 2336 sumus
1099 2281 1124 2316 ³⁰
1208 2283 1255 2339 lll.
1273 2281 1403 2337 Salutant
1425 2297 1474 2336 vos
1496 2280 1612 2352 collega
1632 2281 1690 2334 mei
1712 2277 1849 2348 universi,
1865 2279 1924 2346 Vos,
1940 2293 1976 2332 sa·

209 2403 212 2408 -
307 2371 652 2444 secundnmpraeceptum
672 2373 851 2445 imperatoris
866 2375 941 2430 lame
960 2375 990 2430 et
1011 2374 1057 2430 siti
1076 2391 1124 2431 ne·
1173 2378 1261 2431 lutate
1284 2375 1460 2430 confessores
1478 2374 1594 2430 Domini
1610 2373 1659 2446 qui
1682 2373 1721 2428 ibi
1744 2371 1889 2428 uobiscum
1908 2373 1975 2438 suni,

307 2464 378 2535 curi,
396 2469 424 2520 et
441 2466 546 2520 reclusi
569 2483 667 2522 sumus
688 2467 717 2522 in
739 2467 850 2523 duabus
870 2468 958 2537 cellis,
971 2468 1063 2542 281
1083 2469 1124 2523 ite
1173 2485 1299 2542 qnorum
1320 2469 1438 2524 nomina
1452 2467 1635 2541 significasti3
1653 2467 1730 2522 inter
1752 2482 1824 2538 quos
1844 2469 1873 2521 ct
1889 2465 1973 2520 Satur-

306 2559 339 2611 ut
352 2573 406 2613 uos
419 2559 567 2617 allicerent
581 2563 635 2633 (33)
651 2561 726 2616 fame
747 2565 776 2617 et
796 2561 852 2618 siti.
869 2561 924 2618 Sed
945 2565 973 2618 et
990 2563 1066 2634 ignis
1087 2563 1123 2618 ab
1173 2563 1261 2618 ninus
1290 2579 1357 2618 cum
1379 2561 1533 2618 comitibus
1557 2560 1611 2633 (37)
1635 2561 1716 2628 suia,
1742 2560 1793 2615 sed
1823 2564 1851 2616 et
1878 2558 1977 2629 collega

307 2665 395 2723 opere
419 2668 561 2724 pressurae
586 2659 690 2712 nosue
714 2659 774 2712 tam
800 2655 989 2712 intolerabilis
1013 2658 1075 2713 erat
1098 2658 1121 2692 ³¹
1173 2673 1264 2727 mens,
1279 2655 1411 2726 ethlaris,
1425 2656 1549 2712 Collecta
1568 2655 1624 2726 (33)
1647 2659 1676 2710 et
1695 2654 1832 2722 Emerita,
1846 2652 1975 2724 Calphur·

995 2801 1100 2867 Variae
1121 2800 1289 2867 lectiones.

337 2912 552 2979 ¹⁸Daputandos
568 2917 627 2968 Vct.
658 2918 681 2951 ¹⁹
692 2919 749 2970 Des
764 2919 843 2971 Oeen.
876 2919 1127 2986 ⁸⁰Cumjnsslmus
1141 2920 1220 2984 lmpr.
1255 2922 1273 2954 ³¹
1289 2921 1364 2986 Ignis
1377 2933 1492 2985 aepore;
1506 2921 1675 2984 etpressura
1693 2923 1789 2972 nostra
1809 2919 1914 2972 intoler.
1927 2921 1977 2970 erat

308 2985 386 3036 occu.
421 2987 441 3021 ⁵¹
454 2987 523 3040 'l'am
537 2990 614 3042 enim
627 2991 659 3042 ut
674 2991 753 3042 Occu
957 3054 1059 3137 steph
1094 3053 1220 3118 Baluzii
1240 3059 1328 3118 nom

305 3203 377 3256 libro
397 3206 429 3256 do
445 3207 575 3261 Mortibus
596 3211 802 3263 Persecutorum.
825 3209 873 3263 Sic
900 3210 1068 3262 Prudentius
1093 3211 1121 3261 ln
1132 3229 1160 3302 C
1171 3209 1293 3276 Rigaltil.
1312 3209 1452 3260 Maximus
1472 3208 1620 3274 episcopus
1633 3209 1816 3261 Taurinensis
1830 3210 1858 3261 in
1874 3209 1978 3260 homilia

307 3277 433 3329 carmine
453 3278 485 3329 de
508 3284 599 3332 sancio
616 3284 772 3343 Fructuoso,
785 3283 904 3348 episeopo
921 3283 1121 3346 Tarraconensi,
1173 3279 1208 3331 de
1222 3294 1279 3331 non
1301 3279 1431 3331 timendis
1443 3279 1573 3331 hostibus
1594 3281 1775 3332 carnalibus:
1798 3299 1813 3328 a
1827 3280 1978 3332 piraterium

307 3347 487 3398 AEmilianum
513 3350 660 3413 praesidem
697 3357 778 3404 accat
813 3358 947 3404 cruentum
976 3352 1122 3404 colubrum.
1174 3352 1271 3402 Latine
1294 3352 1515 3416 experimentum
1543 3351 1600 3403 dici
1622 3355 1721 3416 potest.
1741 3367 1757 3400 r
1783 3351 1852 3404 Haec
1875 3350 1980 3401 homilia

309 3413 357 3467 Sic
376 3416 545 3482 Hunericus,
564 3433 613 3472 rex
631 3421 831 3485 vandalorum,
846 3429 963 3475 vocetur
973 3429 1125 3475 notaremur
1174 3421 1240 3474 olim
1251 3422 1377 3474 exstabat
1390 3424 1418 3474 ln
1433 3421 1729 3488 editionlbnsoperum
1741 3421 1979 3474 sanctiambrosii.

309 3489 404 3552 copula
426 3490 456 3540 in
477 3491 592 3544 historia
613 3496 749 3559 passionis
768 3499 923 3561 martyrum
943 3497 992 3561 qni
1005 3509 1036 3547 vr
1053 3495 1121 3546 Non.
1175 3492 1230 3545 Sed
1262 3493 1393 3545 monachi
1425 3491 1598 3545 Benedictini
1629 3497 1706 3545 recte
1736 3497 1906 3546 monuerunt
1926 3505 1979 3544 esee

307 3558 376 3610 Julli
389 3563 463 3624 passi
478 3567 544 3615 suut
557 3566 632 3630 apud
647 3565 842 3632 Carthaginem
858 3567 912 3618 sub
925 3569 986 3632 ejus
997 3567 1123 3630 imperio.
1174 3565 1296 3616 hleximi.

308 3629 343 3680 Et
363 3636 460 3682 auctor
474 3633 545 3685 Vitae
561 3635 686 3701 Gregorii
706 3652 786 3703 papm
810 3639 858 3698 1x,
881 3637 954 3703 apud
975 3636 1124 3690 Odoricum
1206 3636 1253 3697 (33)
1275 3636 1306 3685 lu
1329 3636 1481 3700 quastione.
1507 3635 1580 3685 inira
1601 3637 1682 3700 epist.
1702 3635 1743 3696 33,
1764 3635 1979 3700 puplicatos

308 3700 1124 3774 Rainaldnm,an.l238,§72,llridericumllimperatorem
1175 3707 1348 3759 confessores
1369 3707 1547 3772 quaestionati
1569 3711 1596 3758 et
1621 3707 1726 3770 tortio
1751 3720 1811 3758 non
1834 3711 1866 3756 ut
1887 3707 1979 3755 veritas

307 3777 390 3824 vocat
408 3779 550 3828 tortuosum
569 3779 713 3832 colubrum.
733 3781 988 3834 Nabuchodonosor
1009 3783 1125 3830 vocatur
1174 3783 1355 3844 quereretur,
1376 3778 1426 3830 sed
1446 3783 1478 3829 nt
1497 3791 1547 3842 per
1565 3782 1702 3830 tormenta
1724 3777 1888 3842 quaestionis
1906 3787 1979 3838 coge·

308 3843 405 3908 aquilo
415 3849 526 3911 prandia
539 3849 574 3900 ab
587 3851 758 3916 Hieronymo
772 3859 800 3905 et
812 3852 996 3914 Theodoreto,
1007 3853 1125 3901 utnotat
1173 3854 1269 3902 rentur
1280 3851 1316 3902 ad
1327 3849 1539 3915 relinquendam
1554 3850 1707 3900 veritatem.
1720 3849 1796 3900 Hinc
1810 3845 1980 3914 quaestionarii

308 3915 410 3967 Fronto
421 3918 544 3971 Ducaena
556 3922 585 3971 in
598 3923 825 3975 annotationibus
839 3922 874 3974 ad
888 3928 993 3974 tomum
1003 3922 1124 3985 primum
1174 3921 1203 3972 in
1217 3923 1286 3974 actis
1302 3925 1460 3973 sanctorum
1475 3921 1591 3971 Luciani
1605 3923 1632 3972 et
1646 3920 1779 3972 Marciani
1794 3919 1859 3970 dicti
1871 3929 1978 3983 quorum

307 4001 424 4052 operum
447 3995 536 4044 sancti
557 3993 674 4046 loannis
696 3995 897 4060 chrysostomi.
931 3993 975 4045 Ad
1007 3991 1124 4044 Decium
1174 3993 1298 4044 officium
1320 3997 1379 4044 erat
1392 4005 1454 4043 reos
1467 3991 1607 4056 applicare
1625 3991 1660 4042 ad
1681 3993 1868 4056 questionem
1885 3993 1910 4040 ei
1929 3992 1978 4038 tor-

308 4060 448 4123 pertineut
482 4063 544 4114 haec
575 4065 661 4116 verbe
695 4064 826 4130 Cypriani
859 4066 894 4117 da
930 4064 1058 4117 Celerino
1095 4063 1123 4112 in
1174 4065 1275 4115 mentis
1296 4065 1444 4128 exagitare.
1466 4062 1553 4114 iidem
1569 4061 1635 4114 dicti
1658 4061 1849 4126 semipereut
1868 4059 1979 4112 ostendit

308 4132 424 4194 epistola
453 4134 493 4197 iti,
519 4149 582 4200 pag.
611 4138 641 4187 tr
669 4151 676 4185 ι
708 4153 723 4186 ιι
746 4139 800 4189 Hic
825 4138 897 4188 inter
924 4133 1125 4201 persecutionis
1174 4137 1203 4186 ln
1227 4149 1279 4186 suo
1304 4135 1445 4189 Glossario
1466 4134 1563 4184 Launo
1582 4133 1764 4185 doctissimus
1790 4135 1897 4185 amicus
1918 4131 1977 4181 olim

308 4201 386 4252 initia
402 4207 539 4271 cumipse
554 4207 737 4259 infestationis
752 4209 876 4273 principe
891 4213 919 4260 et
932 4211 1047 4259 auctore
1060 4219 1125 4256 con·
1173 4211 1267 4258 noster
1280 4207 1392 4258 Carolus
1403 4205 1569 4256 Dulresnius
1576 4203 1709 4268 Congius.
1721 4205 1884 4266 Quastionis
1893 4205 1977 4254 autem

308 4287 438 4338 gressus;
454 4291 469 4326 u
483 4281 511 4328 et
524 4278 647 4328 fortassis
664 4292 696 4330 ea
716 4292 779 4344 quaa
799 4280 834 4331 de
857 4279 979 4330 hominis
999 4276 1123 4340 maligni,
1173 4280 1309 4328 tormenta
1324 4277 1461 4342 cogebant
1474 4275 1615 4326 interdum
1627 4277 1791 4328 innocentes
1805 4276 1840 4328 ad
1854 4274 1978 4327 coufiten-

308 4346 386 4396 velut
406 4348 543 4410 serpentis
563 4349 665 4399 astutia
686 4354 833 4413 venenata,
846 4351 885 4401 ait
905 4351 934 4400 in
953 4348 1069 4414 epistola
1082 4348 1123 4410 ld,
1173 4348 1239 4399 dum
1255 4349 1371 4401 crimina
1387 4348 1422 4399 de
1434 4348 1538 4412 quibus
1550 4346 1762 4408 accusabantur,
1774 4349 1816 4398 uti
1833 4349 1977 4398 notatuma

308 4428 370 4480 pag.
388 4417 427 4468 33.
1173 4420 1254 4472 nobis
1270 4423 1313 4472 est
1331 4420 1360 4471 in
1382 4420 1457 4470 notis
1470 4419 1505 4470 ad
1523 4420 1596 4469 Vitae
1609 4420 1743 4482 Popurum
1756 4417 1976 4474 Aocoioumaium,

341 4487 391 4550 (33)
410 4489 442 4540 Te
455 4491 526 4540 noui.
542 4490 678 4554 Quamvis
692 4491 777 4544 editio
796 4491 923 4552 Morellii,
938 4504 972 4542 ex
993 4504 1048 4555 qua
1062 4489 1124 4540 aliae
1173 4504 1235 4556 pag.
1247 4491 1302 4543 sos.

309 4565 468 4624 propagatae
488 4566 562 4625 snut,
578 4561 679 4615 habeat
700 4562 811 4626 tenoris·
831 4576 896 4614 cum
909 4566 1003 4613 tamma
1017 4563 1123 4611 veteres
1206 4563 1254 4626 (33)
1263 4563 1395 4614 Animum.
1410 4562 1506 4614 Codex
1519 4562 1671 4613 Vaticanus
1683 4563 1710 4614 et
1724 4573 1814 4625 meus,
1830 4565 1888 4612 tum
1902 4558 1976 4610 etiam

264 4633 266 4644 ⁴
307 4629 380 4693 libri,
394 4631 477 4682 eiiam
497 4645 572 4685 unus
589 4647 673 4699 quem
694 4634 790 4685 laudet
810 4635 944 4695 Latinius,
959 4631 1081 4682 habeant
1101 4597 1162 4682 tel)
1173 4635 1197 4684 is
1209 4635 1257 4698 qui
1272 4634 1324 4684 luit
1335 4633 1435 4684 Latinii
1447 4633 1552 4684 habent
1563 4634 1689 4683 animum.

308 4704 381 4762 moui,
392 4703 465 4755 hanc
476 4701 623 4758 lectionem
637 4707 784 4758 arbitratus
796 4719 858 4755 sum
871 4715 934 4756 esse
943 4701 1124 4764 retinendam,
1207 4706 1256 4767 (37)
1272 4703 1425 4754 comitibus.
1442 4704 1482 4755 lte
1499 4703 1585 4755 editio
1599 4705 1769 4756 Morelliane.
1784 4705 1869 4770 Angli
1880 4703 1977 4754 malue-

309 4779 367 4826 tum
383 4773 449 4840 qnia
464 4781 588 4828 veterum
610 4777 745 4830 librorum
761 4779 925 4828 auctoritate
943 4774 1049 4836 nititur,
1065 4777 1124 4823 tum
1174 4779 1239 4826 runt
1252 4775 1380 4837 coraibus,
1394 4775 1487 4826 testati
1499 4787 1529 4826 se
1543 4776 1581 4826 ita
1592 4777 1726 4841 scriptum
1737 4775 1840 4828 vidisse
1852 4777 1880 4826 in
1891 4773 1977 4826 codice

309 4847 375 4910 quia
387 4847 498 4899 videtur
513 4860 573 4900 aeae
587 4851 693 4902 melior.
1174 4846 1318 4897 Vaticano.
1333 4845 1380 4897 Sic
1399 4847 1483 4897 etiam
1502 4845 1590 4897 codex
1609 4846 1717 4898 Latinii.
1734 4849 1771 4898 et
1784 4841 1977 4908 Gratianopoli-

340 4919 390 4980 (33)
403 4921 533 4982 onmium
542 4923 650 4984 purtim.
666 4922 706 4972 lta
719 4921 829 4986 reposui
841 4922 953 4972 secutus
964 4916 1047 4968 fldem
1062 4915 1125 4966 libri
1174 4919 1256 4967 tanus
1278 4916 1363 4968 habet
1382 4916 1526 4968 comitibus.
1551 4918 1630 4969 hiens
1649 4917 1771 4980 motibus,
1785 4918 1859 4984 qnod
1873 4917 1977 4982 propius

311 4990 367 5040 mei
379 4991 481 5041 veteris
491 4994 519 5041 et
529 4992 785 5057 Gratianopolitani.
799 4992 952 5042 Vaticanus
963 4989 991 5039 in
1004 4988 1126 5040 editione
1175 4986 1284 5038 accedit
1297 4987 1333 5038 ad
1345 5002 1444 5040 vocem
1458 4989 1607 5041 comitibus.

310 5060 464 5123 anglicana
486 5061 618 5114 laudatus
640 5063 723 5115 habet
745 5064 876 5126 Quoniam
894 5065 1006 5126 partem.
1021 5059 1126 5110 Editio·
1205 5058 1256 5120 (33)
1291 5059 1391 5120 Moris,
1422 5058 1542 5110 collecte.
1577 5059 1646 5111 llaec
1677 5058 1760 5110 lectio
1792 5060 1925 5124 reperitur
1952 5058 1977 5106 in

309 5143 368 5192 nes,
381 5132 452 5195 quod
466 5137 520 5182 tom
531 5131 640 5196 placuit.
1175 5129 1298 5180 editione
1322 5129 1452 5192 Morellii,
1474 5130 1503 5179 ln
1526 5131 1611 5181 veteri
1630 5130 1701 5181 libro
1724 5143 1795 5194 meo,
1822 5135 1851 5181 et
1870 5133 1897 5182 in
1918 5129 1978 5181 Gra-

343 5200 392 5264 (33)
403 5200 551 5267 dificerent.
569 5205 610 5254 lta
624 5204 708 5256 editio
721 5205 838 5256 Morellii
852 5209 880 5256 et
891 5205 1014 5269 reliqum.
1031 5201 1126 5253 Codex
1175 5201 1383 5265 tianopoliteno.
1402 5201 1542 5254 Pamelius
1555 5201 1675 5253 mutavit
1693 5215 1727 5253 ex
1748 5201 1978 5268 ingenuarumque

311 5272 452 5324 Latiniiet
473 5281 603 5337 mensal
617 5289 672 5327 ooo
685 5276 827 5341 officiebat.
844 5274 1126 5338 Gratianopolitauue,
1175 5272 1260 5324 ullius
1291 5274 1392 5324 veteris
1424 5273 1590 5338 exemplaris
1622 5275 1800 5333 auctoritate,
1826 5278 1854 5325 et
1884 5272 1977 5338 posuit,

311 5343 349 5395 itu
361 5345 674 5411 quoduoueffloiedetur.
1174 5345 1328 5402 Mercrius,
1359 5343 1499 5407 Cornelio,
1521 5346 1588 5410 quia
1608 5344 1722 5396 ridebat
1743 5345 1854 5396 Macarii
1875 5347 1901 5394 et
1917 5342 1978 5392 uliu-

343 5415 391 5480 (33)
416 5417 492 5466 Bassi
521 5417 550 5467 iu
579 5419 721 5482 pejerario.
749 5419 789 5470 Ita
815 5419 965 5470 Morelllus.
991 5415 1127 5481 Rigaltius
1177 5430 1238 5466 rum
1271 5415 1369 5467 decem
1402 5420 1554 5479 martyrum
1586 5417 1689 5467 festum
1715 5416 1848 5468 celebrari
1870 5427 1900 5466 ιι
1921 5411 1979 5463 idue

312 5489 433 5550 conjecit
453 5488 601 5558 legendum
625 5503 686 5541 esse
705 5491 735 5540 iu
757 5492 886 5555 petrorio,
901 5489 929 5540 ld
950 5493 992 5542 eet
1008 5489 1037 5538 in
1056 5487 1126 5552 lapi·
1176 5487 1288 5552 Aprilis.
1315 5487 1351 5538 Et
1376 5490 1468 5538 tamen
1497 5487 1580 5538 liaris
1603 5499 1707 5538 nomen
1732 5499 1789 5538 non
1820 5489 1862 5538 est
1888 5485 1979 5535 obscu-

311 5558 414 5610 dicina.
444 5558 540 5611 Codex
563 5560 716 5613 Vaticanus
741 5566 769 5613 et
794 5561 927 5624 Latinius,
952 5569 981 5612 iu
1007 5559 1125 5623 pererio,
1176 5573 1238 5610 rum
1270 5561 1299 5609 ln
1335 5558 1450 5609 historia
1489 5557 1689 5610 ecclesiastica.
1726 5558 1808 5610 liaris
1844 5557 1979 5621 episcopas

310 5630 355 5680 vel
383 5631 542 5697 imperaris,
564 5633 639 5698 quud
664 5634 795 5698 adjurare
822 5637 912 5699 potest
936 5633 1127 5695 conjecturam
1176 5631 1414 5683 Chalcedonensis
1446 5629 1546 5681 claruit
1577 5643 1638 5680 aevo
1669 5628 1775 5680 iuliani
1806 5627 1977 5693 imperatoris.

311 5701 434 5768 Rigaltil.
457 5701 536 5755 Unus
556 5703 737 5768 Bodleianus,
758 5707 891 5771 peprcrio.
917 5704 1009 5764 Mens,
1032 5701 1127 5765 pipere·
1176 5702 1253 5752 Alter
1275 5701 1358 5752 hlaris
1374 5702 1456 5752 etiam
1479 5701 1626 5765 episcopus
1647 5699 1883 5752 Chalcedonensis
1901 5698 1978 5746 inlar-

311 5775 395 5824 rcrio.
422 5774 696 5840 Gratianopolitanus
720 5778 880 5843 imparurio,
910 5781 942 5827 ut
974 5775 1004 5824 ln
1029 5769 1126 5824 codice
1175 5771 1362 5824 iuitconcilio
1376 5770 1978 5834 chalcedonensi,MariusDolichensiscon·

310 5843 421 5900 Latiuti.
441 5848 526 5916 Angli
549 5854 706 5916 posuerunt
728 5851 758 5906 in
784 5852 918 5905 oonmxtu
943 5847 1136 5914 conjecturum
1169 5845 1234 5900 cilio
1265 5843 1572 5915 Constantinopolitano
1591 5845 1689 5914 primo.
1718 5845 1789 5899 Nota
1813 5846 1855 5898 ast
1873 5843 1976 5895 contro·
