4076 6190
145 264 192 322 ur
806 237 880 328 ursa
898 269 925 325 s
945 268 1111 332 cremant
1774 275 1824 342 tat

139 417 161 456 c.
183 399 210 465 3,
222 405 317 470 πρῶτος
328 405 376 454 eno
387 403 443 458 aas
454 401 596 468 Κυπριανὸς,
612 395 696 451 stoa
721 394 1108 486 P1·imusscr11mqpuan0
1134 403 1220 477 primi
1249 406 1391 468 dederunt
1412 409 1559 466 sententie
1581 423 1642 466 suae
1671 407 1763 482 palam
1791 412 1823 467 et

141 491 188 564 qui
209 495 279 548 tunc
293 491 436 560 exstitere,
457 489 624 561 Cyprianus,
642 489 875 560 carthaginensis
891 491 953 562 epi·
1004 503 1102 570 aperte
1115 499 1313 571 predicanda
1326 503 1468 558 Etsianim
1477 503 1621 578 baptisma
1632 503 1667 560 ab
1675 504 1820 561 hereticis

140 602 251 657 scopus,
266 585 413 642 haereticos
429 583 544 639 nonnisi
559 599 610 655 per
623 580 795 654 baptismum
809 583 844 638 ab
859 601 954 640 errore
1004 588 1234 646 administratum
1250 591 1368 662 rejicere
1381 593 1518 663 solebant,
1535 597 1630 652 tamen
1646 611 1713 652 cum
1733 611 1819 668 syno-

138 680 217 750 prius
239 685 379 752 purgatos
400 677 589 733 admittendos
609 692 669 732 csso
686 677 805 732 censuit.
821 698 835 728 u
850 678 952 734 Gerar·
1004 677 1235 751 dusCarthagine
1249 679 1627 748 haberetur,cnnsulendam
1641 683 1722 742 illam
1734 685 1823 742 dura·

137 773 189 827 das
201 815 209 840 ,
223 775 351 828 loannes
364 772 478 828 Vossius
498 776 525 826 ct
540 771 665 826 Valesius
685 769 837 826 Eusebium
851 771 954 828 erroris
1004 774 1070 822 runt
1084 789 1098 816 a
1115 769 1151 824 de
1173 769 1208 824 iis
1227 769 1276 842 qui
1304 770 1380 843 apud
1403 771 1551 827 haereticos
1572 777 1601 828 et
1623 772 1819 828 schismaticos

135 871 296 935 accusant;
314 867 362 922 sed
382 865 560 931 pearsonius,
583 863 637 920 etsi
660 868 733 920 recte
755 863 882 920 observat
903 866 952 920 ad·
1002 861 1141 933 baptizari
1150 861 1293 932 videntur,
1305 881 1342 919 an
1354 864 1389 919 ad
1401 865 1551 921 Ecclesiam
1563 865 1741 936 catholicam,
1755 883 1821 939 qum

133 976 233 1016 versus
252 960 393 1014 valesium
415 960 476 1016 haec
499 959 611 1017 Eusshii
636 960 720 1015 verba
740 965 954 1033 „munuera
1005 971 1060 1009 una
1075 960 1127 1023 est,
1142 956 1286 1014 venientes
1301 957 1436 1030 baptizari
1447 959 1580 1014 debeant.
1595 981 1608 1008 »
1622 959 1778 1031 Cyprianus
1791 964 1821 1017 et

133 1055 173 1108 ite
194 1053 345 1110 reddenda
365 1069 436 1116 esse,
451 1073 464 1104 c
482 1053 592 1124 primus
610 1069 707 1110 eorum
722 1055 771 1127 qui
788 1058 854 1108 tarne
868 1053 951 1108 exsti·
1003 1049 1050 1104 alii
1064 1050 1197 1122 episcopi,
1213 1067 1331 1108 numero
1342 1054 1386 1119 31,
1399 1057 1429 1108 ut
1439 1057 1516 1124 patet
1529 1070 1561 1108 ex
1584 1053 1666 1110 titulo
1680 1054 1761 1126 epist.
1775 1057 1821 1126 70,

133 1150 207 1216 tere,
222 1168 237 1198 n
249 1163 309 1204 non
323 1152 418 1202 autem
435 1151 465 1201 ut
479 1147 615 1218 Valesius,
632 1169 646 1197 κ
656 1149 765 1220 primus
780 1147 920 1214 omnium,
937 1168 951 1196 n
1005 1143 1121 1198 laudant
1133 1145 1270 1201 Numidas
1286 1147 1361 1218 quod
1379 1169 1393 1196 u
1407 1149 1435 1202 et
1455 1148 1508 1218 ipsi
1526 1148 1672 1202 veriutem
1686 1149 1715 1202 et
1728 1147 1820 1202 llrmi·

132 1255 238 1312 parum
253 1244 354 1296 tamea
367 1239 395 1295 ln
405 1239 526 1298 Eusebio
539 1242 688 1312 purgando
702 1241 855 1314 promovit.
869 1241 952 1310 Nam,
1004 1241 1090 1292 tatem
1105 1238 1248 1294 catholica
1258 1240 1367 1312 regula
1378 1243 1504 1308 teneant,
1516 1257 1603 1315 seque
1617 1240 1673 1296 illis
1685 1240 1824 1296 assentiri

133 1351 200 1390 cum
227 1333 412 1391 firmilianus
437 1335 572 1407 Cypriani
603 1335 723 1407 aqualis
751 1333 952 1391 hereticorum
1003 1329 1330 1402 profitenturueminam
1345 1333 1561 1406 lorisbaptizari
1576 1334 1819 1392 extraEcclesiam

134 1429 281 1501 baptisma
293 1428 378 1500 longe
387 1431 454 1484 ante
465 1429 637 1500 Cypriauum
648 1429 777 1501 1ejccerit
790 1430 818 1484 iu
832 1428 953 1484 concilio
1003 1440 1095 1495 posse.
1113 1445 1126 1474 u
1153 1426 1212 1480 Non
1235 1425 1324 1482 multo
1347 1431 1412 1500 post
1435 1429 1579 1483 consultus
1604 1427 1706 1484 cadem
1731 1427 1768 1484 de
1791 1443 1822 1482 rs

133 1522 287 1590 lesinensi,
310 1523 357 1578 cui
370 1539 399 1577 se
421 1521 583 1578 interfuisse
604 1525 722 1579 taslatm
735 1521 897 1594 inepistola
916 1521 951 1576 ad
1003 1517 1160 1590 Cyprianus
1186 1536 1203 1574 a
1227 1519 1332 1584 Quinto
1360 1521 1391 1577 in
1417 1522 1585 1578 Mauritania
1612 1523 1744 1594 episcopo
1768 1537 1820 1594 per

133 1616 323 1688 Cypriauum,
341 1632 422 1688 reque
445 1615 579 1673 Eusebius
600 1618 706 1673 erroris
725 1620 872 1688 arguetur,
895 1614 953 1670 sire
1003 1612 1158 1668 Luciaoum
1180 1614 1387 1686 presbyterum,
1408 1615 1520 1688 scripsit
1533 1617 1568 1672 ad
1590 1632 1655 1670 eum
1680 1617 1764 1688 epist.
1783 1619 1814 1671 71

132 1709 288 1777 omniurn,
312 1709 369 1764 sive
397 1709 550 1782 aequalium
579 1709 705 1782 primum
736 1710 798 1766 haec
824 1708 953 1764 statuisse
1002 1711 1086 1778 atque
1101 1709 1132 1761 ut
1145 1707 1341 1780 sciretaquid
1355 1724 1447 1780 nuper
1466 1710 1494 1766 in
1518 1710 1638 1766 concilio
1655 1707 1817 1781 coepiscopi

130 1804 320 1874 cyprianum.
332 1802 445 1858 dixerit.
466 1803 563 1875 Longe
576 1819 646 1875 argo
660 1802 833 1876 probabilius
847 1801 1069 1882 idcircoBcum
1092 1801 1326 1875 compresbyteris
1347 1802 1395 1875 qui
1419 1803 1557 1871 aderant,
1582 1824 1595 1854 u
1624 1803 1819 1872 censuissent,

130 1898 242 1968 primas
263 1897 404 1969 Cypriane
420 1896 535 1966 deferri,
560 1898 627 1970 quia
648 1897 803 1969 plurimum
819 1895 953 1968 ponderis
1002 1894 1130 1965 ejusdem
1145 1895 1271 1968 epistole
1290 1897 1454 1970 exemplum
1474 1897 1514 1954 illi
1528 1897 1613 1954 misit.

129 1991 201 2046 huic
232 1990 383 2047 sententie
412 1990 541 2060 addidit,
573 1991 656 2064 eique
687 1991 776 2048 multo
813 1989 953 2046 celebrior
1036 1987 1132 2062 Neque
1146 1989 1234 2046 etiam
1248 1991 1370 2046 multum
1385 1991 1495 2048 eilluxit
1510 1991 1647 2064 temporis
1656 1991 1733 2047 inter
1744 1991 1820 2048 hanc

129 2085 242 2140 exstitit
272 2101 357 2158 quam
388 2083 577 2142 Orientalibus
610 2101 675 2142 curn
709 2084 853 2158 Stephano
881 2098 951 2138 con·
1002 2081 1150 2154 epistolam
1170 2090 1199 2140 ct
1221 2085 1372 2142 concilium
1393 2087 1551 2142 seeundum
1571 2085 1816 2158 Carthaginense,

130 2179 287 2235 troversia.
1003 2177 1032 2232 in
1046 2195 1102 2252 quo
1113 2178 1202 2234 multa
1212 2179 1327 2252 quidem
1338 2180 1450 2252 prolata
1462 2183 1549 2253 atque
1558 2182 1702 2235 transacta
1714 2185 1791 2248 sunt,
1805 2199 1820 2230 a

125 2291 207 2348 XXX.
223 2291 297 2347 Ordo
312 2297 338 2347 el
356 2294 436 2348 serias
449 2307 538 2348 rmum
557 2295 587 2347 in
605 2293 704 2360 Arrun
721 2295 857 2362 gestarum
880 2305 952 2346 auno
1001 2271 1051 2328 Sed
1071 2272 1140 2328 illud
1164 2273 1192 2328 1¹¹
1216 2273 1325 2346 Plimib
1344 2273 1420 2346 q¹¹⁰d
1442 2275 1587 2347 Sielhffiffl
1607 2291 1689 2347 9³1³ae
1702 2273 1820 2347 Cypria·

164 2374 221 2426 255
244 2377 272 2426 et
295 2373 358 2435 256,
375 2387 461 2443 usqae
481 2373 520 2427 od
537 2372 681 2429 connitum
702 2375 813 2435 tertiana
834 2370 951 2427 Cartha·
1002 2383 1057 2422 nus
1074 2383 1126 2424 arx
1148 2368 1347 2440 episcoporum
1368 2368 1417 2442 qui
1439 2385 1505 2424 cum
1528 2369 1590 2442 ipso
1613 2368 1747 2424 sederant
1767 2384 1819 2425 no·

166 2455 293 2521 illim·
1002 2460 1079 2516 mine
1093 2462 1243 2534 perscribit
1255 2479 1303 2518 eos
1315 2461 1364 2535 qui
1374 2462 1450 2536 apud
1466 2463 1667 2520 haereticosvel
1682 2461 1819 2518 schisma·
1913 2486 1916 2503 1

166 2555 207 2608 lle
221 2553 313 2610 initiis
326 2553 412 2625 hujus
439 2553 625 2610 dissensionis
640 2556 670 2610 io
687 2554 779 2612 birico
800 2571 858 2610 uon
871 2553 953 2610 valde
1003 2553 1073 2612 ticos
1088 2554 1169 2612 tincti
1191 2561 1267 2624 sunt,
1290 2556 1441 2614 redeuutes
1454 2557 1490 2612 ad
1511 2557 1664 2614 Ecclesiam
1683 2555 1821 2628 baptizari

125 2647 344 2718 laborandum
371 2664 438 2704 nam
463 2652 522 2704 lota
545 2665 592 2704 res
614 2649 644 2704 in
658 2648 829 2720 conjecturis
849 2647 951 2720 posita.
1002 2651 1143 2722 oportere.
1161 2649 1193 2706 ld
1213 2650 1371 2722 Cyprianus
1390 2655 1508 2708 testatur
1522 2671 1535 2701 a
1558 2650 1821 2722 diligenternuper
1929 2645 1934 2655 “

127 2741 305 2799 Pearsoaias
327 2741 452 2812 primum
469 2741 619 2798 concillum
630 2741 852 2814 carthaginense
867 2758 951 2797 revo-
1002 2759 1166 2815 expressum
1194 2767 1207 2794 u
1228 2745 1328 2815 luisse,
1344 2761 1410 2800 cum
1433 2745 1462 2800 in
1483 2746 1608 2816 Epistola
1622 2745 1661 2800 nd
1675 2746 1819 2814 Quintum,

126 2843 175 2892 cat
188 2836 225 2890 ad
238 2839 412 2891 autumnum
431 2835 499 2891 anni
511 2839 575 2892 255.
594 2835 802 2897 Tillemontius,
823 2835 872 2908 qui
884 2845 951 2892 om·
1002 2842 1063 2892 tum
1076 2837 1107 2892 in
1120 2837 1220 2894 littaris
1231 2838 1268 2894 od
1282 2841 1416 2909 episcopos
1428 2839 1572 2896 Numidas.
1587 2838 1740 2910 Utriusque
1756 2838 1817 2910 epi·

127 2931 179 2986 nia
195 2929 272 2984 intra
285 2927 411 3000 spatium
423 2929 491 2984 anni
504 2932 555 2985 256
566 2929 718 2998 concludit,
733 2946 791 2985 non
805 2929 952 3002 improbat
1002 2927 1081 2982 stota
1106 2928 1271 3000 exemplum
1297 2927 1384 2982 mittit
1410 2928 1553 2998 Stephano
1577 2942 1643 2982 cum
1667 2927 1751 2999 epist.
1774 2930 1818 2982 72.

127 3021 340 3090 Pearsonium5
363 3037 414 3077 uec
436 3022 508 3078 forte
526 3022 703 3094 improbetur
717 3022 741 3078 si
758 3022 822 3094 quis
842 3021 951 3091 abipso
1002 3020 1089 3075 nouit
1114 3021 1142 3076 in
1165 3021 1265 3076 eodem
1280 3020 1398 3076 concilio
1411 3022 1547 3076 statutum
1561 3037 1622 3078 csse
1637 3037 1775 3076 consensu
1792 3024 1820 3075 et

127 3115 201 3171 anni
214 3117 269 3170 255
287 3115 369 3170 initio
389 3116 613 3172 controversiam
626 3115 757 3172 deducat.
771 3117 825 3172 Hoc
838 3120 951 3172 tantum
1003 3115 1169 3171 auctoritate
1190 3115 1369 3172 communi«
1392 3119 1421 3170 ut
1441 3114 1525 3170 etiam
1545 3114 1568 3171 si
1589 3115 1639 3188 qui
1661 3113 1820 3187 presbytcri

128 3215 262 3264 statuere
279 3225 429 3280 possumus
449 3208 528 3281 prius
547 3209 622 3265 inter
644 3225 674 3264 se
693 3209 852 3266 decertasse
871 3181 1052 3265 utrosCaut
1075 3209 1207 3278 diaconi,
1233 3209 1282 3281 qui
1306 3209 1351 3264 vel
1378 3209 1409 3265 in
1435 3209 1557 3266 Ecclesia
1577 3208 1716 3264 calholica
1739 3207 1819 3280 prius

125 3319 219 3376 quam
237 3318 305 3358 cuni
327 3302 485 3375 Stephano.
504 3304 534 3358 ln
551 3303 674 3374 Epistola
692 3305 730 3358 ad
752 3304 884 3360 Numidas
905 3319 948 3358 re·
1001 3303 1122 3358 ordinati
1144 3302 1262 3372 luerint,
1285 3306 1315 3358 ct
1337 3304 1519 3375 postmodum
1535 3301 1637 3376 perfidi
1653 3319 1685 3358 ac
1698 3301 1818 3358 rebelles

125 3397 275 3452 falluntur
296 3415 312 3444 ι(
325 3397 373 3468 qui
389 3397 538 3452 haereticos
560 3401 702 3452 asserunt.
725 3417 740 3446 »
764 3396 867 3468 Tangit
883 3412 949 3452 eos·
1001 3403 1097 3452 contra
1119 3397 1271 3454 Ecclesiam
1295 3397 1435 3468 steterint,
1457 3397 1500 3452 vel
1523 3397 1598 3471 apud
1623 3396 1775 3454 hereticos
1800 3413 1818 3451 a

125 3491 196 3546 dem
222 3489 380 3561 Cyprianus
405 3489 435 3544 iu
454 3491 575 3561 Epistola
595 3491 633 3546 od
648 3492 788 3558 Quintum.
818 3513 832 3540 a
852 3490 950 3546 Nescio
1002 3491 1251 3566 pseudoepiscopis
1272 3497 1301 3548 et
1324 3491 1497 3548 antichristis
1510 3495 1608 3548 contra
1621 3490 1725 3546 Christi
1741 3488 1818 3547 ordi·

125 3582 951 3656 etenim,inquit,quapraesumpticueducunturquidam
1000 3586 1148 3641 nationem
1177 3585 1297 3658 prolana
1325 3585 1503 3642 ordinatione
1533 3583 1661 3658 promoti
1688 3585 1762 3653 sint,
1791 3587 1820 3640 et

125 3677 164 3733 de
176 3676 295 3748 collegis
305 3676 418 3746 uostris,
432 3682 463 3731 ut
473 3679 576 3750 putent
588 3677 693 3749 eosqui
707 3677 785 3748 apud
798 3677 950 3734 haereticos
1000 3685 1101 3735 contra
1118 3680 1206 3736 altare
1231 3697 1319 3735 unum
1333 3684 1418 3752 atquc
1440 3678 1569 3735 divinum
1596 3677 1732 3735 sacrificia
1748 3677 1819 3734 loris

126 3768 235 3843 156
253 3769 332 3825 tincti
348 3776 425 3838 sunt,
446 3769 557 3842 quando
577 3770 614 3825 ad
631 3787 684 3826 nos
706 3770 847 3838 veneunt,
862 3769 951 3842 bapti·
1001 3772 1069 3829 lalsa
1099 3789 1133 3830 ac
1156 3773 1408 3846 sacrilegaollerre
1432 3774 1523 3829 conati
1546 3773 1611 3842 sint,
1636 3789 1684 3828 eos
1704 3787 1819 3844 quoque

124 3865 188 3919 rari
208 3880 271 3920 uon
288 3869 429 3934 oportere.
452 3886 466 3914 »
486 3865 542 3919 Nec
564 3866 659 3920 umen
680 3863 732 3920 hac
757 3863 950 3920 institutorum
1001 3860 1096 3936 157
1118 3863 1171 3918 hac
1189 3862 1354 3918 conditione
1367 3862 1471 3936 suscipi
1494 3878 1558 3918 cunr
1580 3865 1771 3930 revertuntur,
1787 3863 1819 3916 ut

123 3959 268 4013 variante
282 3973 335 4029 pax
350 3962 379 4012 et
393 3957 484 4029 gratia
498 3957 657 4026 dissiluere,
671 3961 704 4012 ut
724 3975 756 4014 er
773 3958 897 4029 Epistola
912 3959 951 4014 rid
1001 3957 1214 4014 communicent
1236 3957 1309 4026 laici,
1334 3963 1362 4013 et
1377 3957 1443 4013 satis
1468 3957 1592 4012 habeant
1615 3955 1690 4028 quod
1715 3955 1818 4012 admit·

124 4057 299 4126 Stephanum
323 4055 536 4127 perspiritum«
562 4056 703 4110 Caeterum
721 4055 836 4124 scimus,
858 4055 951 4128 iuquit
999 4051 1149 4106 tunturad
1172 4067 1271 4122 pacem
1296 4051 1344 4124 qui
1368 4051 1466 4107 hostes
1488 4049 1567 4124 pacis
1579 4050 1750 4119 exstiterint,
1765 4064 1817 4104 uec

124 4149 303 4222 Cyprianus,
322 4149 463 4221 quosdam
482 4148 561 4221 quod
580 4149 669 4205 semel
690 4149 862 4206 imbiberent
877 4149 951 4206 nolle
1000 4143 1107 4200 debere
1132 4161 1180 4200 eos
1202 4150 1379 4201 revertentes
1401 4162 1436 4202 aa
1457 4145 1534 4218 apud
1555 4161 1607 4200 nos
1630 4142 1816 4200 ordinationis

126 4244 291 4314 deponere,
309 4263 323 4296 a
342 4258 394 4299 nec
408 4243 586 4314 propositum
603 4263 617 4294 a
630 4259 714 4298 suum
729 4243 811 4302 sanila
826 4246 949 4311 mutare,
1000 4243 1028 4294 et
1040 4238 1155 4294 honoris
1168 4255 1246 4294 arma
1262 4238 1386 4295 retinere
1409 4239 1511 4311 quibus
1530 4241 1629 4294 coutra
1644 4254 1695 4293 nos
1707 4251 1817 4311 pugna·

124 4337 178 4392 sed
191 4337 270 4390 salvo
285 4335 361 4391 iuter
378 4336 501 4409 collegas
519 4336 596 4409 pacis
609 4339 639 4392 et
661 4335 820 4392 concordiae
839 4337 950 4393 vinculo
1000 4332 1132 4418 verint.»

125 4430 268 4504 quedem
282 4431 409 4502 propris,
420 4447 485 4502 quse
499 4430 576 4502 apud
589 4432 720 4486 sesemel
736 4431 793 4487 siut
805 4435 948 4502 usurpata,
1035 4425 1077 4481 Ad
1093 4428 1145 4482 hoc
1159 4430 1273 4500 tempus
1286 4428 1392 4484 relcrre
1407 4443 1494 4501 cogor
1513 4426 1690 4500 legationem
1705 4427 1814 4500 episcc·

124 4523 270 4580 retinere.
292 4545 307 4574 n
328 4525 485 4580 Nonnullae
505 4541 540 4580 es
562 4525 654 4580 Airiea
678 4523 826 4596 episcopos
854 4528 987 4622 petereD
999 4535 1101 4591 porum
1124 4537 1194 4593 quos
1215 4521 1368 4578 concilium
1391 4523 1554 4578 Africanum
1578 4522 1614 4578 ad
1635 4521 1815 4594 Stephanum

124 4617 265 4674 ridentur
277 4617 338 4674 haec
352 4618 486 4691 Cypriani
499 4618 585 4672 rerba
599 4618 629 4673 iu
644 4619 766 4689 Epistola
778 4619 816 4674 od
828 4619 948 4674 Juoaia-
999 4613 1087 4670 misit.
1110 4617 1164 4670 llos
1185 4615 1295 4688 legatos
1316 4615 1474 4688 episcopos,
1501 4615 1541 4671 eit
1564 4615 1753 4682 Firmilianus‚
1775 4613 1815 4668 sic

125 4727 219 4768 narn:
239 4711 300 4766 «Et
312 4727 388 4766 nunc
401 4710 476 4783 apud
486 4711 624 4783 quosdam
635 4712 669 4768 de
682 4711 787 4767 nostris
805 4711 949 4768 haeretico-
999 4709 1122 4782 suscepit
1145 4711 1322 4782 Stephanus,
1346 4731 1359 4760 a
1383 4715 1413 4764 ul
1438 4725 1485 4764 eos
1512 4725 1564 4764 uec
1590 4709 1625 4764 ad
1651 4723 1814 4764 sermonem

125 4822 193 4861 rum
207 4804 351 4878 baptisma
363 4811 532 4877 occupatum
552 4805 694 4862 asseritur.
712 4826 726 4855 u
742 4807 796 4860 Per
814 4806 948 4861 eumdem
998 4803 1098 4858 saltem
1119 4803 1251 4874 colloquii
1275 4802 1435 4858 communis
1454 4801 1630 4871 admitteret,
1651 4801 1746 4857 adhuc
1770 4799 1814 4856 iu·

122 4898 300 4954 luhaimum
333 4899 410 4954 veuit
434 4899 462 4954 in
481 4899 613 4971 Cypriani
635 4915 737 4955 manus
756 4900 875 4970 epistola
894 4899 946 4955 od·
998 4912 1116 4968 super...
1139 4896 1305 4970 preciperet
1329 4895 1502 4953 fraternitati
1534 4897 1672 4952 universae
1695 4913 1732 4952 ue
1752 4895 1815 4968 quis

123 5008 219 5048 nanu
240 4993 440 5064 rebaptizantes
457 4993 571 5064 scripta.
585 4993 639 5049 Sed
660 5009 694 5048 ea
710 5009 762 5048 nec
774 5009 791 5047 a
804 4993 948 5066 Stephano
998 5005 1046 5046 eos
1060 4990 1089 5046 in
1106 4990 1224 5046 domum
1241 5006 1321 5048 suain
1335 4990 1493 5062 reciperet,
1517 4993 1548 5046 ut
1562 4990 1741 5047 venientibus
1753 5007 1813 5047 nou

124 5103 217 5159 papa,
239 5085 349 5142 neceb
370 5086 427 5142 ullo
444 5103 479 5142 aa
502 5086 698 5143 transmarinis
718 5087 857 5159 episcopis
870 5088 948 5157 (turm
998 5083 1092 5140 solum
1106 5101 1163 5157 pax
1186 5091 1215 5140 et
1228 5085 1403 5154 commuuio,
1426 5084 1475 5140 sed
1491 5091 1521 5140 et
1542 5088 1648 5140 tectum
1664 5088 1694 5141 et
1716 5084 1815 5157 hospi-

123 5180 203 5236 eninr
218 5183 297 5236 recu
319 5179 365 5234 ria
383 5181 586 5252 Carthaginem
601 5181 635 5236 ad
650 5180 826 5252 Cypriauuru
848 5196 946 5252 perse·
997 5177 1070 5232 tium
1091 5182 1247 5248 negaretur
1261 5199 1276 5230 n
1299 5177 1338 5250 (p.
1356 5178 1427 5250 lb'o).
1448 5177 1583 5245 Oueritor
1605 5180 1694 5238 ctiam
1711 5179 1813 5236 Firmi·

126 5273 239 5342 nisset),
256 5273 307 5328 sed
330 5273 366 5329 ab
383 5275 516 5332 llirorum
530 5275 626 5347 aliquo
639 5273 752 5332 videtur
770 5274 945 5330 elucubrata.
997 5271 1092 5326 lienus
1107 5272 1184 5344 qnod
1208 5272 1382 5346 Cypriaoum
1406 5273 1596 5346 Stephanus«
1620 5273 1816 5346 pseudochris-

126 5369 188 5438 lpse
203 5367 294 5422 etiam
307 5367 460 5424 labcianus
472 5385 530 5424 non
541 5368 659 5425 omuino
674 5367 882 5424 assentiebatur
892 5369 945 5440 Cy·
999 5367 1058 5420 tum
1077 5369 1107 5424 et
1129 5362 1398 5439 pseudoapostolum
1411 5369 1440 5422 et
1460 5366 1591 5424 dolosum
1617 5367 1781 5442 operarium
1797 5391 1811 5418 n

127 5461 238 5532 priano,
252 5459 303 5516 md
315 5460 467 5517 adversum
483 5461 698 5534 rebaptizationi
711 5461 841 5518 animum
855 5461 945 5533 signi·
997 5459 1103 5520 dicaret
1121 5461 1158 5532 (p.
1186 5461 1256 5533 tsi).
1277 5461 1341 5516 llaec
1361 5461 1489 5532 prolecto
1508 5461 1684 5518 incredibilia
1705 5467 1810 5527 essent,

127 5554 239 5619 licebat,
252 5553 320 5626 quia
336 5555 566 5618 Novatiaoenscs‚
580 5556 603 5611 si
617 5571 689 5627 quos
702 5572 736 5611 es
750 5555 900 5614 Catholicis
916 5555 946 5612 in
997 5553 1050 5608 uisi
1065 5553 1225 5610 niterentur
1246 5553 1368 5611 duorum
1388 5555 1539 5612 hominum
1553 5555 1728 5627 testimonio,
1744 5556 1808 5628 qui·

128 5655 221 5718 portes
236 5663 303 5702 suas
318 5646 475 5719 allicerent,
491 5649 649 5705 horrendos
661 5663 710 5704 eos
722 5649 829 5706 scelere
844 5649 943 5721 rebap·
996 5647 1049 5703 bus
1069 5647 1140 5704 tides
1154 5647 1286 5720 derogari
1301 5665 1357 5705 non
1379 5649 1477 5720 possit,
1492 5649 1688 5706 Firmilianum
1703 5649 1765 5706 dico
1780 5655 1809 5706 et

130 5740 267 5796 luebant.
995 5741 1178 5814 Cyprianum‚
1202 5741 1252 5814 qui
1275 5740 1430 5798 Firrniliani
1445 5743 1594 5815 epistolam
1610 5744 1697 5802 latine
1709 5743 1810 5800 reddi-

165 5835 268 5892 llecem
281 5837 310 5894 al
330 5837 393 5892 octo
408 5834 533 5910 episcopi
558 5835 688 5894 Nrrmidae
699 5836 878 5894 occasionem
891 5837 943 5908 Cy·
995 5835 1046 5904 dit,
1062 5839 1113 5891 orit
1126 5835 1223 5892 suttcrn
1240 5835 1407 5892 auctoritate
1427 5851 1479 5894 sua
1493 5837 1645 5910 evulgavit.
1669 5838 1725 5896 Sed
1745 5855 1812 5896 esa-
