4076 6190
136 1215 185 1268 tat

231 269 265 328 la
726 327 730 335 ,
887 268 919 323 D.
936 267 1263 326 nnunnurttnanant
1878 269 1912 326 lt

229 397 309 466 Lupa.
327 409 393 466 pag.
410 393 480 463 itt),
495 395 526 448 ul
539 391 653 464 'grande
668 392 811 464 piaculum
825 409 841 448 a
855 393 994 449 Marciano
1013 395 1171 450 Arelatensi
1183 395 1340 451 admissum
1358 397 1484 468 putarat,
1501 394 1576 468 quod
1597 394 1686 468 ipsius
1705 394 1790 466 culpa
1805 395 1835 448 et
1850 409 1911 448 cru-

232 483 346 539 delitate
359 482 441 538 multi
456 497 490 537 ex
502 481 639 538 fratribus
660 483 721 537 sine
738 497 806 552 pace
826 482 909 537 annis
929 483 1123 554 superioribus
1143 484 1279 540 obiissent
1300 483 1361 556 (Ep.
1385 488 1480 554 exurit.
1499 487 1591 556 Atque
1607 485 1668 538 lraec
1688 499 1772 540 eausa
1786 488 1918 538 sanctiam

229 571 379 643 ldartyrem
393 569 511 625 adduxit
525 574 566 641 ut,
581 570 706 626 instante
718 570 1073 645 persecutione4344
1083 573 1152 628 Galli
1168 577 1196 627 et
1207 572 1366 639 Volusiani,
1379 574 1471 644 lapsos
1487 573 1539 626 sub
1550 573 1644 642 Decio,
1654 572 1704 645 qui
1717 571 1918 644 paenitentiam

229 675 315 732 agere
329 676 346 714 a
361 657 454 729 primo
472 659 569 731 lapsus
590 659 635 714 dic
658 675 718 715 non
741 659 919 728 destiterant,
934 662 969 716 ad
988 677 1088 734 pacem
1102 662 1275 718 admitteret.
1301 663 1371 718 Eum
1395 661 1472 716 enim
1495 661 1633 718 idoneum
1647 660 1683 716 ad
1706 659 1917 716 confessionem

228 747 331 805 Christi
344 747 473 803 futurum
487 762 543 802 non
567 747 687 818 putabat
701 749 749 820 qui
771 765 828 804 non
842 749 931 820 prius,
946 767 1013 822 pace
1028 769 1043 804 a
1057 749 1250 805 sacerdotibus
1263 754 1389 822 accepta,
1404 749 1543 821 Spiritum
1563 749 1652 804 Patris
1665 749 1835 820 recepisset3
1851 752 1916 804 turn

227 851 294 892 vero
316 836 459 891 metuebat
478 851 525 905 nc,
546 836 665 908 siquis,
688 835 793 894 relictis
814 837 957 909 omnibus,
975 839 1089 910 fugiens
1108 844 1137 895 et
1154 839 1183 894 iu
1200 839 1325 894 tenebris
1348 844 1434 910 atque
1456 838 1485 892 in
1510 838 1662 893 solitudine
1692 837 1863 892 constitutus
1886 837 1917 891 in

227 925 352 982 latrones
369 925 444 981 forte
463 924 639 996 incurrisset,
659 930 708 982 aut
724 928 752 982 in
771 927 898 984 febribus
912 926 985 983 etin
999 928 1139 1000 languore
1162 927 1337 995 decessisset,
1358 926 1411 981 sibi
1433 927 1625 998 imputaretur
1650 926 1725 998 quod
1745 931 1803 988 tans
1823 925 1918 980 bonus

227 1014 309 1070 miles
323 1014 385 1068 sine
405 1029 476 1085 pace
495 1017 523 1070 et
535 1015 596 1070 sine
614 1014 875 1072 communicatione
890 1017 1052 1074 decessisset
1069 1018 1130 1088 (Ep.
1147 1017 1209 1087 arv).
1230 1017 1267 1072 Es
1286 1016 1330 1071 luis
1347 1020 1428 1087 patet
1441 1030 1526 1087 quarn
1541 1030 1644 1087 parum
1665 1032 1713 1069 cos
1728 1013 1828 1068 salutis
1848 1030 1919 1068 cura

229 1103 360 1160 sollicitet
371 1103 420 1175 qui
434 1103 488 1159 hoo
499 1108 708 1160 sacramentum
722 1103 922 1173 floccifaciunt,
937 1109 965 1160 et
980 1121 1015 1160 ex
1029 1111 1275 1162 monumentorum
1287 1103 1352 1158 albo
1368 1108 1548 1174 expungunt,
1562 1120 1633 1175 quos
1652 1103 1676 1158 si
1691 1102 1802 1174 quises
1828 1101 1918 1174 lapsis

152 1209 167 1230 ··
230 1193 296 1248 olim
308 1192 453 1262 caruisset,
465 1208 523 1248 non
536 1207 569 1247 ex
579 1193 613 1248 iis
627 1193 720 1248 solum
730 1209 853 1266 quorum
867 1193 960 1249 adhuc
973 1193 1085 1250 infirma
1099 1195 1188 1250 virtus
1202 1199 1272 1262 erat,
1285 1192 1334 1249 sed
1348 1209 1381 1248 ex
1392 1193 1426 1247 iis
1440 1191 1526 1248 etiarn
1541 1209 1663 1264 quorum
1680 1191 1806 1263 perlecta
1826 1190 1918 1246 cbari-

151 1315 211 1346 ..
228 1287 272 1338 tas
282 1281 416 1338 omnibus
429 1281 515 1337 rebus
530 1297 582 1354 pro
594 1281 704 1340 Christo
719 1281 887 1354 abjiciendis
901 1283 1038 1353 elucebat,
1053 1283 1192 1338 damnum
1202 1283 1309 1355 grande
1324 1282 1415 1337 risum
1429 1281 1538 1337 fuisset.

128 1391 132 1396 .
153 1379 176 1407 ωδ

142 1419 193 1440 ..a

193 1352 225 1472 ἶ
262 1407 408 1464 Confessio
419 1410 600 1479 peccatorum
616 1409 788 1481 aCypriano
802 1407 960 1464 vindicatur
970 1412 1002 1464 ut
1016 1425 1082 1480 pars
1095 1409 1269 1466 sacramenti
1282 1407 1401 1462 omnino
1412 1406 1573 1464 necessaria
1587 1408 1618 1460 et
1630 1422 1646 1461 a
1660 1408 1717 1462 [teo
1732 1406 1915 1478 prescripta;

172 1501 205 1572 *²3
228 1498 361 1555 bormtur
376 1498 467 1569 lapsos
489 1501 522 1552 ut
544 1519 557 1549 a
573 1498 678 1569 singuli
698 1499 889 1555 confiteantur
906 1498 1042 1554 delictum
1063 1514 1159 1565 suurn,
1179 1499 1249 1554 dum
1268 1497 1360 1553 adhuc
1381 1496 1430 1567 qui
1452 1495 1574 1566 deliquit
1595 1495 1624 1549 in
1645 1494 1748 1550 saeculo
1770 1500 1823 1564 est,
1845 1493 1914 1550 dum

183 1587 190 1594 ”
229 1587 345 1643 admitti
358 1585 496 1641 confessio
516 1587 577 1659 ejus
591 1590 694 1659 potest,
713 1587 781 1642 dum
793 1586 945 1642 satisfactio
958 1591 987 1642 et
1001 1587 1126 1642 rerunsio
1139 1587 1213 1642 facta
1226 1604 1276 1658 per
1291 1585 1449 1640 sacerdotes
1466 1584 1541 1650 apud
1555 1585 1645 1640 Deum
1661 1588 1741 1655 grata
1756 1586 1798 1638 est
1818 1603 1832 1633 a
1849 1583 1909 1654 (tib.

174 1699 178 1708 ¹
194 1681 195 1686 ’
230 1677 263 1732 de
276 1677 367 1747 Lupa,
382 1692 411 1747 p.
433 1673 504 1748 rel).
523 1677 624 1731 Narrat
643 1677 672 1731 in
687 1677 789 1732 eodem
808 1676 879 1731 libro
892 1676 1007 1732 ultionis
1021 1675 1124 1732 diuinae
1136 1676 1271 1732 miracula
1290 1676 1319 1730 in
1340 1691 1389 1732 eus
1403 1690 1495 1745 nuper
1509 1674 1583 1729 edita
1596 1672 1647 1745 qui
1665 1677 1782 1744 peccata
1801 1673 1912 1728 occulta

228 1764 407 1822 sacerdotum
433 1764 589 1836 cognitioni
611 1765 836 1834 subtraxerant;
866 1765 978 1821 etiamsi
1008 1766 1100 1822 scelus
1121 1766 1290 1838 cogitatione
1311 1764 1373 1820 sola
1397 1767 1559 1834 susceptum
1579 1763 1634 1831 sit,
1661 1762 1690 1817 id
1715 1762 1911 1820 sacerdotibus

93 1879 96 1888 ·
164 1855 166 1860 ’
227 1851 782 1910 declarandumetconlftendurndocet.
804 1854 960 1924 «Denique
976 1857 1083 1926 quanto
1098 1853 1195 1911 etlide
1211 1852 1505 1926 mm'ores,inquit(p.
1522 1851 1595 1922 teo),
1619 1851 1766 1906 ettimore
1777 1851 1913 1907 meliores

227 1947 294 1998 sunt
307 1943 365 2014 qui,
383 1941 511 2014 quamuis
526 1941 604 1996 nullo
618 1941 746 1996 sacrificii
761 1945 811 1998 aut
823 1941 911 1998 libelli
929 1942 1056 1998 facinore
1069 1941 1224 2011 constricti,
1246 1941 1383 2014 quoniam
1398 1947 1495 1996 tamen
1518 1941 1552 1996 dc
1571 1940 1624 1996 hac
1642 1939 1685 1994 rel
1706 1938 1912 2010 cogitaverunt,

228 2031 281 2087 hoc
300 2031 394 2102 ipsum
414 2029 490 2102 apud
514 2029 678 2086 sacerdotes
700 2031 749 2086 Dei
769 2031 901 2088 dolenter
922 2033 950 2086 cl
970 2030 1136 2102 simpliciter
1157 2031 1340 2099 confitentur,
1362 2029 1576 2101 exomologesin
1590 2028 1769 2084 conscientiae
1790 2026 1910 2091 faciunt,

227 2117 316 2174 animi
333 2119 376 2174 sui
399 2118 510 2190 pondus
531 2121 686 2190 exponunt,
712 2119 864 2176 salutarem
884 2118 1025 2174 medelam
1040 2119 1132 2191 parvis
1153 2120 1219 2176 lieet
1238 2123 1266 2174 et
1286 2119 1404 2175 modicis
1423 2119 1588 2174 vulneribus
1608 2117 1770 2191 exquirunt,
1788 2115 1911 2171 scientes

229 2205 364 2279 scriptum
378 2223 439 2262 esse
454 2223 460 2262 :
474 2208 606 2263 Deusara
621 2207 762 2263 irridetur.
777 2229 792 2259 »
806 2208 890 2263 Miror
903 2212 1050 2264 auctorem
1067 2208 1200 2264 editionis
1223 2207 1389 2264 oxoniensis
1413 2223 1530 2279 negasse
1553 2223 1586 2262 cx
1610 2207 1664 2262 hoe
1684 2206 1747 2261 loco
1762 2202 1914 2260 confessio·

228 2312 294 2352 nem
309 2295 498 2352 auncularcm
512 2296 660 2368 consequi.
682 2293 758 2362 Quin
770 2296 857 2352 etiam
871 2297 1019 2353 sententie
1032 2313 1091 2352 suae
1104 2301 1206 2353 testem
1222 2297 1289 2352 citat
1301 2297 1503 2354 Lombertum:
1519 2317 1533 2347 a
1549 2295 1762 2352 Eruditissimus
1773 2291 1911 2350 Lamber-

228 2388 274 2439 tus
291 2407 305 2435 n
320 2383 415 2456 inquit
427 2384 456 2438 in
476 2389 544 2440 nota
557 2385 592 2440 ad
608 2384 684 2439 bunc
697 2384 801 2453 locum,
820 2407 834 2436 a
850 2391 924 2440 recle
940 2385 1007 2440 bitrc
1026 2385 1135 2456 colligit
1153 2385 1273 2441 crimina
1286 2391 1397 2442 secreta
1417 2385 1593 2441 confessione
1610 2390 1639 2442 et
1653 2385 1819 2456 paenitentia
1835 2383 1913 2454 apud

228 2475 317 2531 Deum
330 2473 479 2547 expianda,
492 2489 545 2528 nec
557 2473 748 2530 auricularem
762 2475 984 2543 confessionem,
999 2475 1076 2546 quod
1088 2475 1178 2530 soluit
1188 2474 1341 2544 Pamelios,
1359 2474 1460 2530 exinde
1473 2475 1581 2529 confici.
1597 2495 1611 2524 u
1628 2477 1663 2529 nt
1675 2473 1801 2546 proiecto
1815 2474 1914 2528 Peme·

228 2561 298 2618 lium
313 2562 388 2617 inter
402 2566 431 2617 et
445 2561 629 2618 Lambertum
645 2562 764 2618 mirifice
784 2566 925 2631 convenit,
945 2579 978 2619 ac
996 2563 1107 2619 disertis
1125 2564 1218 2620 verbis
1239 2563 1409 2620 Lombertus
1427 2567 1603 2620 secretarum
1615 2563 1821 2635 cogitationum
1843 2577 1911 2616 con-

228 2651 383 2706 fessionem
403 2649 598 2706 sacerdotibus
621 2652 727 2707 lacman
749 2651 834 2708 fuisse
855 2652 990 2709 declarat.
1016 2655 1071 2710 Nec
1092 2670 1160 2710 sane
1187 2670 1222 2709 ex
1247 2652 1340 2708 verbis
1361 2651 1495 2724 Cypriani
1514 2651 1591 2706 aliud
1610 2651 1672 2706 erui
1698 2653 1801 2724 potest.
1824 2650 1911 2716 Nam,

228 2756 295 2796 cum
322 2743 432 2796 constet
453 2741 662 2797 confessionem
689 2742 865 2798 occultorum
886 2743 1039 2798 criminum
1064 2743 1178 2814 publice
1201 2745 1230 2797 et
1252 2742 1384 2798 omnibus
1405 2741 1590 2798 audientibus
1614 2741 1717 2796 factam
1744 2743 1793 2795 aut
1811 2739 1912 2793 saltem

227 2829 424 2902 praescriptam
444 2847 501 2885 non
524 2829 622 2899 fuisse,
642 2830 704 2886 lucc
719 2831 819 2886 clarius
842 2834 886 2886 est
907 2847 955 2887 eos
973 2832 1021 2904 qui
1036 2829 1225 2902 cogitationes
1243 2829 1330 2884 malus
1343 2827 1419 2900 apud
1441 2827 1605 2883 sacerdotes
1624 2827 1844 2894 confitebantur,
1862 2823 1913 2897 qui

228 2917 438 2988 exomologesin
460 2918 643 2974 conscientie
662 2918 812 2989 faciebant,
834 2919 882 2990 qui
898 2921 987 2976 animi
1006 2921 1050 2977 sui
1071 2920 1184 2992 pondus
1203 2917 1382 2990 exponebant
1401 2919 1430 2972 ct
1444 2916 1608 2972 vulneribus
1625 2916 1767 2972 medelam
1779 2913 1911 2985 exquire·

228 3005 307 3078 baut,
318 3011 433 3078 peccata
446 3023 498 3062 sue
513 3007 629 3063 auribus
644 3007 764 3079 alicujus
773 3010 926 3066 sacerdotis
940 3010 1110 3082 deposuisse.
1124 3011 1265 3064 Praeterea
1280 3005 1380 3078 negari
1394 3021 1451 3060 non
1466 3008 1558 3076 potest
1572 3003 1798 3060 circumstantias
1814 3017 1913 3056 omnes

226 3095 447 3168 inpoenitentia
471 3097 663 3169 imponenda,
688 3104 826 3170 tanquam
848 3099 974 3154 aurificis
997 3104 1112 3166 statera,
1139 3096 1316 3154 examinatas
1335 3093 1438 3163 luisse;
1465 3093 1493 3148 id
1518 3093 1625 3150 diserte
1650 3095 1771 3148 testatur
1793 3089 1911 3162 Cypria-

227 3201 282 3241 nus
298 3186 327 3240 in
348 3185 436 3256 Epist.
458 3202 502 3242 an.
522 3189 559 3241 at
576 3185 722 3257 quomodo
738 3187 898 3243 sacerdotes
917 3189 1133 3243 convenientem
1154 3186 1259 3258 cuique
1277 3183 1474 3255 paenitentiam
1495 3182 1531 3237 ob
1551 3183 1661 3238 occulta
1677 3185 1793 3253 peccata
1806 3178 1912 3252 potuis·

228 3278 291 3329 sent
313 3273 475 3344 imponere,
496 3274 549 3329 nisi
570 3274 626 3329 illis
644 3274 716 3345 lapsi
741 3274 922 3330 conscientiae
940 3291 1000 3332 suae
1018 3273 1209 3345 ,inspiciendas
1228 3273 1341 3344 cupiam
1362 3269 1520 3327 fecissent?
1542 3272 1575 3326 ln
1598 3286 1656 3341 quo
1671 3267 1788 3342 quidem
1812 3267 1912 3322 obser-

226 3361 355 3416 vandum
372 3367 416 3418 est
429 3363 503 3418 hauc
523 3363 730 3435 cogitationum
743 3361 952 3418 confessionem
971 3378 1030 3418 nnn
1042 3362 1147 3418 eximio
1162 3361 1289 3434 quodam
1302 3367 1331 3415 et
1347 3376 1405 3415 non
1420 3359 1585 3433 prescripto
1600 3357 1715 3431 pietatis
1730 3355 1842 3425 ardore,
1863 3356 1913 3410 sed

227 3449 407 3522 adimplendi
430 3451 567 3522 precepti
590 3451 679 3506 divini
702 3451 870 3508 necessitate
896 3451 1046 3520 contineri,
1070 3471 1084 3500 a
1107 3449 1226 3508 scientes
1247 3449 1384 3522 scripturn
1409 3464 1469 3506 esse
1481 3489 1489 3518 ,
1504 3446 1545 3504 ait
1570 3446 1750 3520 Cyprianus:
1769 3447 1839 3501 Deus
1859 3459 1914 3498 aon

228 3541 401 3596 irridetur.»
1936 3549 1939 3554 ¹

265 3677 325 3740 Quo
337 3675 459 3732 sanctior
471 3678 534 3731 erat
547 3675 714 3747 Cyprianus,
731 3693 765 3732 eo
776 3675 973 3732 vehementius
985 3677 1059 3732 cavit
1075 3693 1111 3732 ne
1126 3681 1337 3733 sacramentum
1353 3675 1429 3748 quud
1448 3675 1484 3731 ad
1498 3673 1647 3730 hominum
1660 3673 1783 3728 salutem
1798 3669 1911 3726 institu-

229 3767 356 3830 tumeat,
380 3763 407 3818 in
423 3779 524 3818 eorum
544 3763 702 3836 perniciem
723 3767 947 3821 converteretur.
963 3766 1044 3832 Quod
1061 3773 1157 3822 autem
1172 3766 1248 3821 illius
1269 3767 1320 3820 bac
1340 3765 1369 3820 in
1391 3781 1421 3820 re
1445 3765 1571 3820 studium
1584 3761 1726 3829 excitarit,
1747 3765 1777 3816 ct
1798 3758 1912 3816 eximiae

231 3849 367 3906 doctrinae
386 3852 508 3923 posteris
528 3850 686 3922 prodendas
705 3855 884 3909 occasionem
903 3854 992 3922 dedit,
1014 3855 1141 3927 nequitie
1165 3855 1219 3910 fuit
1243 3855 1444 3909 nonnullorum
1467 3853 1698 3925 presbyterorum
1719 3848 1778 3920 qui,
1800 3851 1861 3902 tum
1882 3850 1914 3901 ut

230 3939 370 4011 Cypriane
390 3939 551 3995 molestiam
566 3939 740 4009 exhiberent,
757 3946 818 3996 tum
832 3946 865 3997 ut
878 3942 996 4014 gratiam
1009 3943 1085 4013 apud
1100 3943 1233 3999 homines
1248 3959 1320 3998 nouo
1340 3941 1461 4013 aucupio
1480 3941 1597 4008 inirent,
1612 3939 1707 4010 lapsos
1720 3952 1808 3992 onere
1821 3935 1912 4007 poeni·

232 4028 331 4084 tentia
344 4026 483 4084 levarunt.
502 4029 531 4083 tn
548 4027 689 4098 ejusmodi
705 4030 836 4086 homines
850 4031 941 4086 studio
956 4031 1082 4087 veritatis
1096 4047 1232 4088 accensus
1245 4031 1284 4086 sic
1297 4030 1444 4086 inuehitur
1455 4029 1485 4086 S.
1502 4029 1608 4100 llartyr
1629 4027 1658 4081 in
1678 4026 1727 4082 lib.
1743 4025 1776 4081 dc
1794 4027 1910 4095 Lepsia:

233 4118 364 4172 «Pacem
386 4117 487 4187 putant
506 4131 566 4171 csse
585 4115 679 4187 inquit
703 4117 742 4188 (p.
768 4117 839 4188 tao),
860 4135 945 4192 quam
966 4119 1083 4191 quidam
1104 4120 1196 4176 uerbis
1216 4119 1358 4177 fallacibus
1381 4119 1542 4174 venditent.
1568 4117 1629 4172 Non
1653 4118 1696 4171 est
1717 4131 1771 4186 pax
1793 4114 1840 4168 ifle
1863 4113 1911 4167 sed

231 4205 351 4268 bellum,
375 4221 427 4261 nec
446 4205 578 4260 Ecdesioe
592 4205 725 4276 jungitur
743 4207 790 4278 qui
818 4208 854 4262 ab
877 4209 1030 4280 Evangelio
1055 4214 1212 4280 separatur.
1238 4208 1311 4272 Quid
1334 4208 1470 4280 injuriam
1490 4206 1661 4262 beneficium
1687 4203 1817 4259 vocanti
1840 4201 1912 4274 quid

234 4292 410 4365 impietatem
432 4293 568 4348 vocabulo
585 4291 699 4364 pietalis
722 4296 892 4366 appellant?
913 4297 982 4369 quid
995 4297 1036 4352 eis
1058 4297 1107 4368 qui
1131 4297 1201 4352 llere
1217 4295 1327 4367 jugiter
1349 4302 1378 4352 et
1399 4311 1502 4367 rogare
1521 4294 1671 4349 [lominum
1685 4307 1769 4347 sunna
1793 4290 1913 4358 debent,

233 4381 391 4452 intercepta
408 4381 583 4451 paenitentiae
603 4382 806 4439 lamentatione
828 4385 1038 4441 communicare
1061 4401 1090 4441 se
1106 4385 1265 4441 simulanti
1285 4385 1341 4440 lloc
1362 4383 1583 4456 suntejusmodi
1604 4381 1688 4454 lapsis
1709 4378 1785 4452 quod
1804 4378 1913 4451 gmndo

234 4469 375 4542 frugibus,
389 4469 467 4540 quod
480 4469 626 4525 turbidum
640 4469 717 4526 sidus
731 4471 889 4542 arboribus,
903 4472 978 4545 quod
992 4473 1130 4528 armentis
1144 4471 1281 4544 pestilens
1290 4471 1414 4540 vastitas,
1431 4471 1507 4544 quod
1521 4471 1642 4542 navigiis
1656 4481 1729 4524 sera
1738 4469 1891 4540 tempestas
1905 4483 1912 4521 :

237 4557 368 4616 scledum
392 4561 506 4614 emmae
529 4559 588 4631 spei
609 4559 750 4630 adimunt,
765 4561 933 4618 arborama
957 4563 1050 4619 radice
1063 4562 1239 4629 subvertunt,
1262 4577 1392 4618 sermone
1418 4559 1548 4616 morbido
1562 4576 1595 4614 ac
1618 4559 1723 4614 lethale
1750 4555 1916 4630 contagium

236 4651 365 4720 serpunt,
383 4662 485 4702 navem
499 4647 631 4719 scopulis,
645 4665 682 4703 nc
703 4649 733 4704 in
746 4655 863 4722 portum
877 4655 1035 4724 perveniat,
1057 4653 1180 4708 illidunt.
1198 4653 1260 4708 Non
1282 4653 1412 4708 concedit
1434 4667 1532 4723 pacem
1545 4650 1664 4706 facilitas
1678 4648 1742 4716 ista,
1757 4647 1808 4703 sed
1829 4647 1913 4714 tollit,

236 4752 287 4796 uec
299 4734 586 4794 communicationem
603 4737 712 4806 tribuit,
727 4738 778 4794 scd
791 4739 913 4811 impedit
929 4742 965 4797 ad
984 4743 1116 4800 salutem.
1134 4742 1292 4798 Persecutio
1307 4745 1350 4797 est
1363 4742 1424 4797 haec
1437 4741 1491 4796 alia
1504 4743 1532 4795 at
1545 4741 1599 4796 alia
1610 4737 1741 4808 tentatio,
1756 4752 1808 4809 per
1826 4752 1913 4810 quam

180 4833 193 4864 -“
236 4826 346 4884 subtilis
369 4825 500 4882 inimicus
525 4825 733 4900 impugnandis
744 4827 839 4884 adbuc
853 4830 937 4902 lapsis
959 4833 1065 4888 occulta
1084 4833 1264 4904 populatione
1277 4836 1422 4904 grassatur
1436 4833 1466 4885 ut
1485 4829 1654 4886 lamentatio
1673 4827 1862 4900 conquiescat,
1883 4829 1914 4882 ut

237 4914 316 4970 dolor
329 4915 419 4984 sileat,
434 4919 466 4968 ut
480 4914 577 4971 delicti
591 4916 732 4972 memoria
749 4925 907 4988 evanescat,
923 4921 955 4975 ut
968 4920 1173 4991 comprimatur
1188 4924 1337 4993 pactorum
1352 4920 1486 4993 gemitus,
1508 4921 1649 4974 statuetur
1658 4916 1742 4973 fletus
1754 4916 1912 4985 oculorum,

236 5018 291 5062 nce
305 5002 460 5056 Dominum
473 5003 597 5072 grauiter
612 5002 753 5059 offensum
772 5005 860 5078 louga
872 5012 900 5064 et
917 5008 1000 5080 plena
1018 5009 1184 5082 poenitentia
1199 5009 1379 5082 deprecetur,
1394 5025 1460 5065 cum
1473 5008 1594 5080 sciptum
1608 5006 1645 5062 sit
1659 5023 1666 5062 a
1691 5009 1824 5063 Memento
1842 5005 1915 5062 uude

238 5089 374 5158 curidum,
388 5096 414 5145 et
425 5105 475 5160 ope
490 5093 690 5161 penitentiam.
705 5093 789 5150 Pium
800 5111 858 5150 non
872 5097 994 5154 referam
1006 5114 1072 5154 cum
1092 5097 1193 5171 cuique
1212 5097 1296 5156 bceat
1309 5097 1443 5170 Cypriani
1464 5095 1637 5153 sententiam
1652 5096 1742 5152 oculis
1754 5109 1870 5152 cernere
1884 5093 1915 5150 in

239 5177 381 5250 preclaris
399 5176 454 5232 illis
467 5177 571 5233 litteris
591 5195 661 5250 quas
683 5179 717 5236 dc
740 5197 826 5238 causa
846 5184 992 5256 lapsorum
1012 5187 1047 5243 ad
1069 5186 1189 5256 clerum,
1213 5188 1249 5243 ad
1268 5185 1394 5260 plebem,
1416 5186 1453 5242 ad
1474 5186 1649 5242 confessores
1670 5187 1757 5257 atque
1781 5184 1817 5240 ad
1840 5183 1915 5256 ipsos

239 5263 326 5322 etiam
338 5266 430 5336 lapsos
443 5264 565 5336 scripsit.
579 5266 636 5320 ltec
650 5266 745 5323 minor
766 5270 912 5342 Evangelii
927 5275 1009 5346 rigor
1021 5274 1151 5330 enitescit
1164 5273 1194 5330 in
1214 5274 1316 5331 litteris
1335 5275 1533 5331 confessorum
1546 5275 1750 5345 Romanorum,
1774 5271 1916 5345 imprimis

238 5367 306 5410 reru
329 5353 359 5408 in
378 5353 482 5408 eximia
505 5353 578 5408 Cleri
601 5353 720 5412 Romani
733 5357 857 5428 Epistola
870 5361 956 5433 (inter
966 5361 1148 5435 cyprianicas
1161 5362 1236 5434 xxxa)
1247 5379 1333 5435 quam
1352 5377 1404 5434 per
1417 5365 1512 5420 totum
1525 5363 1625 5420 orbem
1637 5367 1778 5420 terrarum
1802 5361 1917 5416 missam

239 5441 326 5504 tuisse
339 5441 462 5497 dicimus
473 5457 506 5498 ex
519 5441 606 5512 Epist.
621 5457 658 5498 nn
671 5444 813 5516 Cypriani.
828 5467 843 5498 a
858 5449 938 5505 Absit
950 5451 1028 5507 enim
1040 5451 1076 5506 ab
1090 5450 1214 5507 Ecclesia
1226 5451 1364 5523 lfomana,
1377 5450 1522 5524 inquiunt,
1533 5451 1663 5523 rigorem
1674 5467 1759 5507 suurn
1774 5453 1835 5507 tam
1853 5463 1919 5522 pro·

239 5529 452 5588 meracitate
471 5529 625 5599 dimittere,
640 5536 669 5586 ct
683 5547 782 5587 narres
795 5536 953 5594 severitatis
966 5555 1064 5594 aversa
1077 5539 1145 5594 fidei
1165 5539 1315 5612 majestate
1322 5539 1487 5611 dissolvere,
1502 5544 1535 5596 ut
1546 5557 1611 5597 cum
1624 5540 1718 5597 adhuc
1732 5557 1791 5597 non
1805 5543 1917 5598 tantum

236 5618 360 5689 jaceant,
373 5617 422 5673 sad
437 5622 466 5674 et
479 5618 583 5673 cadant
596 5633 761 5676 eremorum
774 5621 897 5680 fratrum
912 5627 1014 5694 ruina,
1029 5631 1181 5699 properata
1193 5628 1279 5685 nimis
1292 5630 1420 5688 remedia
1433 5629 1724 5688 communicationum
1739 5631 1836 5704 utiqrae
1859 5647 1917 5686 non

238 5703 386 5777 profutura
407 5709 589 5777 prestantur,
612 5711 641 5763 et
661 5723 734 5762 nora
758 5725 809 5780 per
829 5712 1054 5769 miscricordiam
1078 5715 1177 5772 felmm
1198 5717 1315 5774 vulnera
1335 5719 1478 5776 veteribus
1500 5719 1734 5792 transgressionis
1753 5720 1917 5776 vulneribus

238 5795 449 5875 imprimantur,
466 5797 497 5854 ut
510 5795 620 5858 miseris
638 5796 673 5858 ud
688 5797 863 5856 eversionem
879 5802 1018 5878 majorum
1041 5804 1180 5878 eripiatur
1200 5812 1229 5861 et
1240 5808 1418 5879 poenitentia.
1434 5810 1488 5867 Ubi
1508 5809 1587 5866 enim
1608 5809 1716 5882 poterit
1729 5809 1917 5892 indulgentie
