4172 6186
244 256 311 321 lltlt

920 253 1007 320 abir.
1026 241 1124 323 oxon.
1145 255 1253 324 nete.

1853 257 1924 324 lato

239 401 292 442 suo
313 384 463 451 quicquam
482 377 619 436 Eccleale
643 378 777 436 Romane
800 383 977 450 significarit.
1000 386 1055 440 Sed
1065 388 1179 475 Αιοιιι,
1192 388 1413 454 perseverabant.
1430 384 1565 454 Martyres
1587 385 1673 456 igitur
1688 401 1785 440 omnes
1812 389 1931 442 conlas-

240 455 417 526 poslmcdnm
435 453 663 520 carthaginensis
683 454 785 517 clerus,
806 455 877 506 datis
899 457 934 508 ad
952 457 1054 511 Roma·
1107 472 1184 512 sores
1199 464 1285 523 arant,
1298 461 1348 513 sed
1369 461 1542 512 confessores
1560 459 1686 512 nondum
1704 465 1850 526 martyres,
1866 464 1925 512 nisi

240 543 311 582 uum
332 525 440 586 litteris,
458 523 525 589 quid
545 524 599 576 sibi
621 524 730 576 consilii
750 523 912 588 Cyprianus
928 529 1057 592 cepisset,

240 600 357 664 aparuit.
383 599 426 647 Ac
451 594 572 647 subinde
605 595 747 646 Romanus
775 593 989 662 Carthaginensi
1017 611 1059 650 re-

239 671 360 734 scripsit,
374 679 405 718 se
425 679 483 718 non
504 667 622 718 minimo
644 666 738 717 dolore
759 667 843 730 tangi,
861 668 938 733 quod
956 674 1057 733 pastor,

240 741 343 794 ovibus
363 738 511 800 derelictis,
533 737 653 789 latebras
676 738 809 800 petiisset.
833 738 895 789 Hoc
918 751 984 790 vero
1002 741 1059 803 agi-

237 817 285 866 tur
301 811 418 875 epistola
439 807 610 873 precedenti,
631 821 716 872 quam
738 808 863 860 llorellio
886 808 981 860 debari
1005 814 1060 860 tes·

239 887 314 934 tatur
334 879 483 942 Pamelius,
510 883 539 930 et
557 880 728 944 ipsissimam
748 891 810 930 esse
833 893 919 943 quam
942 880 1060 944 Cypria-

237 967 292 1006 nus
313 954 342 1004 in
362 964 463 1002 manus
484 963 550 1002 suaa
571 963 628 1000 non
647 950 708 1000 sine
727 949 820 1014 aliqua
841 951 947 1002 fraudis
967 953 1060 1016 suspi-

240 1021 495 1086 cionaparrenisse
509 1022 681 1084 conquestus
695 1025 751 1082 est,
770 1023 799 1070 at
818 1021 925 1072 remisit
942 1022 1059 1074 Romam

239 1093 411 1160 presbyteris
425 1105 459 1143 ac
479 1091 611 1152 diaconis,
626 1096 660 1141 ιιι
677 1097 911 1155 recognoscerent
929 1107 965 1144 an
986 1098 1061 1145 esset

240 1167 290 1217 illa
312 1164 416 1215 clerica
440 1175 491 1214 sua
509 1176 595 1226 quam
616 1161 773 1213 Clementis
792 1162 986 1225 perferendam
1004 1168 1059 1216 tra·

241 1235 379 1288 diderent.
405 1233 482 1296 Quid
504 1237 600 1284 autem
626 1233 745 1284 Romani
773 1234 975 1298 rescripserint,
1002 1248 1059 1288 non

241 1307 389 1358 ιιοιιοιιιιιο.
414 1305 476 1354 Ηοο
501 1307 609 1354 tantum
630 1304 741 1366 assequi
763 1305 925 1367 conjectura
948 1306 989 1356 ias
1017 1309 1061 1356 ast

246 1377 390 1443 epistolam
413 1389 493 1426 suam
510 1375 657 1440 agnovisse
678 1374 827 1426 Romanos.
849 1375 918 1426 Eam
934 1389 1000 1428 varo
1018 1379 1060 1428 sic

245 1449 399 1514 pupugisse
419 1447 541 1496 animam
565 1447 704 1510 cypriani,
728 1449 760 1496 nt
781 1459 896 1498 necesse
921 1447 975 1498 sibi
997 1459 1060 1498 esse

246 1521 360 1570 duxerit
379 1518 486 1568 litteras
498 1516 533 1567 ad
545 1529 592 1567 eoa
605 1519 706 1578 lacere,
724 1515 828 1581 quibus
843 1521 870 1568 et
881 1522 960 1570 actus
974 1521 1018 1573 aui
1033 1521 1061 1570 al

242 1589 397 1654 discipline
421 1592 449 1637 et
478 1587 632 1652 diligentie
669 1589 739 1639 ratio
771 1588 944 1640 redderetur.
979 1589 1060 1652 Quod

243 1672 312 1712 sane
327 1659 456 1724 prestitit
472 1659 589 1722 epistola
603 1671 667 1722 que
687 1659 741 1710 hac
754 1660 877 1713 aditione
887 1661 997 1727 (Oxou.)
1010 1662 1060 1713 ha·

243 1728 409 1782 beluriss.»

1106 534 1138 581 ut
1148 531 1288 594 eleganter
1303 532 1493 584 Tertullianus
1506 535 1597 593 vocat,
1617 533 1697 583 initio
1714 531 1762 584 lib.
1776 531 1812 582 ed
1830 533 1928 592 llari„

1108 601 1252 666 designati,
1268 605 1296 654 et
1310 603 1387 668 alibi,
1401 603 1543 655 candidati
1557 604 1718 668 martyrii.»

1138 672 1271 736 consessio
1298 679 1384 726 tomen
1403 689 1527 740 presens.
1552 675 1713 726 Persecutla
1738 689 1754 726 a
1777 675 1931 740 magistra-

1107 744 1183 795 tibus
1203 744 1349 798 ordinariis
1372 747 1516 807 intentata,
1538 747 1573 797 ad
1597 745 1727 797 exsilium
1748 745 1931 798 solummodo

1108 816 1250 936 pfficgult.
1264 815 1417 869 Proconsul
1432 817 1580 880 accadens,
1602 819 1739 868 tormenta
1759 817 1787 868 et
1809 822 1932 868 mortem

1109 898 1125 936 a
1165 887 1172 936 i
1196 887 1224 936 it.

1141 957 1260 1019 Quodam
1275 959 1336 1022 jam
1359 959 1475 1022 compara·
1494 963 1643 1010 coronatos.
1662 955 1785 1020 Quinam
1810 957 1852 1008 illi
1871 957 1933 1009 iue-

1109 1032 1175 1079 runt
1196 1029 1331 1081 discimus
1354 1043 1389 1080 ex
1410 1030 1526 1080 Lucianl
1548 1028 1665 1094 epistola
1678 1043 1689 1078 .·
1712 1030 1816 1079 Bassus
1842 1027 1931 1078 nimi-

1109 1112 1181 1161 rum,
1202 1100 1382 1165 Mappalicus,
1401 1101 1544 1164 Fortunio,
1565 1099 1679 1162 Paulus,
1700 1099 1836 1159 Fortuna,
1861 1099 1932 1148 Vio-

1110 1171 1224 1234 torinus,
1238 1172 1339 1224 Victor.
1360 1173 1508 1235 Hersnlus,
1529 1171 1675 1234 Credulus,
1696 1171 1818 1232 Harena,
1837 1169 1932 1220 Dona·

1109 1247 1169 1305 tus,
1196 1245 1315 1307 Firmus,
1344 1245 1465 1308 Ventus,
1490 1243 1626 1306 Fructus,
1653 1242 1745 1305 iulis,
1771 1241 1928 1303 Martialis,

1109 1314 1211 1366 Aristo.

1146 1386 1209 1436 Voce
1220 1383 1311 1438 libero.
1326 1385 1388 1449 Qua
1409 1399 1439 1440 se
1456 1385 1631 1438 Christianos
1647 1397 1697 1449 pro
1713 1382 1849 1435 ιιιιιοιιοιι
1863 1395 1936 1447 pro-

1109 1455 1267 1507 litabantur.

1140 1528 1216 1578 Dans
1229 1527 1392 1580 credentibus
1405 1533 1515 1590 entem,
1529 1530 1660 1594 pannium
1673 1539 1700 1578 sa
1714 1525 1797 1578 credit
1811 1523 1934 1588 aoeipars

1110 1599 1159 1663 qui
1174 1599 1261 1650 sumit.
1279 1597 1327 1650 Sic
1336 1611 1421 1663 supra
1432 1599 1481 1650 lib.
1496 1600 1532 1650 ad
1546 1601 1646 1651 Donni.
1661 1613 1668 1647 ε
1682 1616 1697 1646 ι
1708 1597 1853 1662 Quonim
1862 1595 1932 1646 lidei

1110 1669 1220 1732 capacis
1236 1666 1386 1730 afferimus,
1403 1671 1512 1720 tantum
1535 1670 1631 1734 gratie
1652 1667 1814 1720 mandantis
1835 1665 1934 1716 hauri-

1112 1752 1217 1790 mus.»

277 1799 444 1852 Dracontius.
464 1797 604 1864 Rigalliua
620 1801 659 1853 ait
679 1802 864 1868 :santique
884 1805 950 1854 sunt
969 1767 1101 1855 ransc-B
1143 1811 1334 1874 nsusprsstot
1354 1821 1475 1874 comem.
1497 1810 1561 1861 vid.
1583 1823 1648 1876 que
1664 1822 1748 1874 snpra
1769 1807 1825 1859 hac
1846 1805 1884 1858 de
1904 1819 1936 1858 re

243 1873 336 1924 tiones
347 1873 417 1934 iste,
432 1871 563 1922 diacones
584 1877 612 1924 et
628 1871 804 1924 diaconibus.
819 1875 855 1924 Et
872 1879 966 1926 tamen
980 1874 1065 1926 habe·

195 1997 196 2002 χ
245 1944 315 1995 bant
337 1942 503 2007 Apostolum
526 1945 556 1992 in
578 1943 719 2005 manibus,
735 1944 809 2007 apud
833 1957 914 2008 quem
933 1945 1035 2010 legitur
1055 1960 1061 1993 ι

245 2011 352 2063 διάκονοι
364 2017 393 2064 at
409 2011 527 2069 διακόνοις
542 2016 571 2066 at
582 2013 714 2070 διακόνους.
730 2015 766 2065 Ει
779 2018 809 2065 in
829 2017 918 2067 vetari
935 2017 1064 2066 versione

246 2084 356 2148 Latina,
380 2084 499 2146 diaconi,
524 2083 655 2136 diacones
673 2089 704 2136 et
722 2086 863 2138 diaconos.
886 2087 987 2138 Nescio
1008 2099 1063 2151 quc

249 2158 332 2218 pacto
360 2154 511 2206 maluerint
542 2155 634 2208 dlcare
672 2155 804 2208 diacones
832 2161 860 2209 el
891 2155 1063 2208 diaconibus.

249 2225 323 2276 Sane
346 2225 516 2276 vocabulum
539 2228 734 2291 episcoporum
761 2229 935 2280 reverentius
958 2227 1065 2278 habue-

248 2301 322 2350 ruut.
353 2295 409 2358 Qui
442 2301 535 2346 aulem
564 2300 709 2362 episcopas
742 2299 857 2362 dixere,
884 2313 941 2350 non
970 2299 1066 2351 dixere

249 2371 390 2430 diaconas,
413 2367 463 2416 sed
485 2367 665 2418 diaconissas.
685 2387 700 2415 »
722 2370 874 2422 iustiniani
893 2371 1008 2422 Novella
1025 2383 1065 2430 ιιι,

249 2440 329 2504 quasi
342 2440 468 2501 epicoeno
480 2451 591 2502 genere,
608 2438 732 2495 διακόνους
747 2439 847 2504 &penae
864 2441 957 2502 ιιιοτὸν,
976 2457 1063 2490 τεσσα-

249 2509 352 2576 ράκοντα
365 2509 390 2556 δὲ
404 2509 506 2568 θηλείας.

282 2583 346 2631 Cam
358 2580 391 2630 de
404 2595 504 2630 essessa
523 2580 584 2631 boni
598 2583 649 2633 nirs'
660 2583 764 2647 college
782 2585 841 2634 nsei.
855 2585 991 2649 nigrinus
1003 2584 1043 2636 ait
1058 2597 1065 2632 ι

249 2653 405 2706 Excessum
432 2665 493 2704 esse
518 2657 650 2717 morem,
678 2667 742 2718 que
767 2668 833 2706 mox
862 2656 1067 2708 consummatio

250 2729 360 2780 dicitur.
383 2727 480 2779 lllortis
496 2741 598 2779 noman
619 2733 756 2793 quantum
776 2735 905 2794 poterant
927 2729 1069 2782 evitabant

252 2799 414 2862 Christiani,
435 2800 471 2850 ob
493 2813 572 2863 spem
592 2802 804 2852 resurrectionis
825 2806 853 2853 et
872 2803 937 2852 vitoe
958 2801 1067 2864 sampi-

251 2877 348 2924 terne.
362 2871 460 2935 ltaque
473 2883 523 2934 pro
537 2875 657 2933 mortuo,
672 2875 861 2935 premissum
875 2875 903 2922 et
912 2886 961 2937 pro
972 2875 1069 2931 morte,

252 2941 362 2994 obitum
376 2945 403 2990 et
415 2953 562 2990 excessum
575 2941 715 2992 dicebant.
731 2943 880 3006 Decioque
894 2943 930 2994 de
944 2945 1002 2994 arte
1014 2941 1070 2993 cel-

253 3011 389 3064 culatcria
403 3009 549 3073 vocabulo,
565 3016 790 3063 consummatum
803 3019 830 3066 et
846 3013 1070 3065 consummatio-

1112 1879 1251 1932 babentur
1263 1881 1281 1932 l.
1298 1894 1327 1944 ιι,
1340 1882 1401 1932 adu.
1415 1881 1517 1932 indens
1533 1895 1557 1932 o.
1571 1882 1596 1932 a.

1144 1963 1172 2012 ln
1197 1960 1318 2012 omnibus
1341 1963 1476 2013 continens
1504 1967 1550 2012 ert.
1572 1959 1709 2026 Rigaltius
1734 1959 1774 2010 alt
1801 1973 1807 2007 :
1833 1957 1937 2008 rastas

1113 2032 1150 2082 ed
1172 2031 1232 2082 Cor.
1259 2031 1286 2093 l,
1307 2030 1384 2081 πάντα
1408 2031 1584 2096 ἐγκρατεύεται.
1611 2031 1644 2081 Et
1672 2028 1788 2093 Valente
1813 2028 1904 2078 nereio
1931 2042 1937 2075 :

1114 2102 1149 2153 ab
1168 2103 1299 2154 omnibus
1322 2115 1353 2154 aa
1369 2103 1499 2155 abstinet.
1521 2102 1633 2165 Quibus
1646 2101 1790 2153 subnectit
1809 2099 1938 2150 Priorias

1114 2174 1190 2239 quod
1205 2191 1221 2223 a
1236 2175 1343 2227 confert
1357 2175 1405 2226 hic
1419 2187 1538 2240 agonem
1550 2172 1741 2225 Christianum
1762 2185 1830 2223 cnm
1844 2173 1937 2221 certa-

1114 2245 1237 2296 minibus
1255 2246 1412 2311 gentilium,
1435 2247 1485 2310 qui
1504 2245 1653 2310 diligenter
1672 2242 1860 2294 observabant
1873 2242 1936 2292 vic-

1114 2321 1175 2367 tum
1190 2319 1218 2368 et
1242 2317 1459 2368 exercitationes
1479 2316 1615 2381 pugilum,
1636 2314 1740 2378 quibus
1761 2325 1820 2363 non
1842 2313 1938 2362 omnis

1116 2387 1212 2447 cibus,
1250 2387 1301 2438 sed
1348 2386 1525 2450 dimanarint,
1564 2391 1598 2437 ut
1635 2390 1717 2437 vocat
1756 2383 1938 2444 aristoteles,

1115 2457 1320 2522 imponebatur.
1349 2459 1433 2508 Panis
1461 2469 1558 2509 eorum
1592 2455 1745 2520 coliphium
1771 2453 1939 2505 ιοοοιιοιιιι.

1116 2528 1302 2580 abstinebant
1319 2533 1412 2580 autem
1432 2542 1448 2580 a
1466 2526 1657 2592 voluptatibus
1674 2525 1806 2576 omnibns
1824 2528 1940 2589 propter

1117 2602 1344 2653 exercitationem
1363 2601 1496 2665 corporis,
1515 2602 1548 2650 ut
1562 2601 1653 2650 innuit
1668 2599 1801 2650 Clemens
1813 2597 1936 2648 Alexan·

1117 2673 1223 2734 drinus,
1246 2673 1343 2724 Strorn.
1363 2686 1408 2734 ιιι·,
1431 2673 1519 2734 Ριοιο,
1541 2672 1590 2721 lib.
1617 2683 1646 2722 ιιι
1673 2670 1707 2720 de
1729 2668 1837 2734 llepub„
1861 2668 1940 2718 idem

1116 2743 1202 2794 habel
1230 2757 1236 2791 :
1267 2741 1346 2792 Τοῦτο
1371 2745 1412 2807 μὲν
1436 2743 1479 2792 nei
1504 2745 1526 2792 al
1553 2743 1623 2792 ἀλλοι
1652 2741 1754 2800 ἀσκηταὶ
1786 2741 1870 2790 lesere
1903 2739 1940 2788 brt

1117 2814 1152 2878 τῷ
1187 2813 1294 2876 μέλλοντι
1326 2813 1419 2877 σώματι
1453 2811 1480 2862 οὗ
1517 2813 1576 2870 ιξοιν
1610 2811 1707 2876 ἀφετέον
1740 2811 1788 2860 τῶν
1822 2810 1942 2859 τοιούτων

1117 2884 1237 2934 ἁπάντων.
1252 2885 1415 2950 Voluptates
1433 2885 1564 2948 intelligit
1580 2886 1609 2935 et
1626 2884 1726 2934 noxiam
1745 2880 1907 2934 illecebras
1926 2899 1941 2928 s

1119 2957 1170 3006 His
1183 2955 1246 3006 addi
1258 2961 1375 3020 possunt
1389 2969 1453 3021 que
1467 2956 1656 3006 Tertullianus
1669 2955 1756 3006 habat
1774 2957 1805 3004 ln
1825 2953 1940 3004 Fsrlscrt.

1119 3027 1156 3078 ad
1176 3029 1291 3091 Martpr.
1310 3040 1316 3075 :
1336 3026 1488 3077 «Athlete
1511 3029 1690 3090 segregantur
1710 3023 1745 3074 ad
1768 3024 1941 3074 amedaram

252 3095 319 3134 nem
333 3094 481 3144 annorum,
500 3081 619 3144 dierum,
636 3082 824 3148 nossemque
843 3085 921 3135 velut
934 3096 1069 3136 nummo·
1120 3098 1313 3162 disciplinam,
1336 3100 1368 3148 ut
1390 3097 1482 3149 rosan
1502 3096 1668 3149 οιιιιοιιιο
1688 3100 1791 3146 vacans
1813 3111 1819 3144 :
1845 3095 1941 3146 eontr-

253 3167 316 3205 rum
328 3165 445 3205 numero
461 3155 490 3202 in
504 3166 664 3216 supremam
676 3167 815 3205 summam
828 3156 945 3207 collecto
959 3133 1107 3220 compa-C

253 3224 496 3346 ιοιοοιιοίεοιιιιιο
512 3235 587 3287 sepe
604 3225 679 3288 apud
697 3227 901 3278 Tertullianum
921 3228 1072 3278 occurrunt

253 3309 285 3348 nc
307 3309 369 3346 elne
404 3313 435 3344 .»

286 3367 479 3421 consummatio
506 3366 610 3416 noneste
636 3369 799 3430 processerit.
834 3368 971 3434 Rigaitlus
997 3367 1035 3418 ait
1062 3381 1069 3415 ι

254 3435 378 3488 Tantaene
400 3437 439 3485 ἐπὶ
470 3435 563 3500 Ῥώμης
584 3439 705 3502 papruplqr
725 3439 895 3496 τελιιωθένιος.
917 3439 1009 3492 Euseb.
1033 3453 1070 3503 vl,

252 3511 292 3562 39.
316 3508 436 3571 liesfinue
458 3523 467 3556 :
489 3507 608 3558 Fabiano
626 3511 653 3558 t'n
674 3509 736 3560 urbe
757 3511 836 3562 llosno
855 3513 983 3575 martyrio
1000 3523 1072 3561 roro·

254 3583 325 3631 nato.

288 3650 426 3715 resposita·
437 3648 596 3698 memoriam.
614 3647 752 3713 Rigaltius
766 3651 805 3701 ait
819 3665 826 3700 ι
850 3649 993 3702 «Fabiani
1013 3651 1072 3716 epi·

258 3724 337 3788 scopl
358 3721 437 3773 Rom.
460 3730 545 3783 quem
566 3719 650 3769 eham
672 3721 853 3785 prepositum
875 3725 958 3774 vocat
982 3722 1074 3772 clerus

258 3798 338 3848 Rom.
351 3792 468 3857 epistola
482 3791 667 3854 precedente,
678 3797 706 3842 at
720 3792 820 3843 eodem
831 3794 944 3844 nomine
959 3797 1074 3844 cetere

258 3875 370 3932 quoque
406 3861 598 3912 Ecclesiarum
630 3866 749 3913 rectores
781 3863 911 3927 appellat,
936 3865 1075 3928 προιοιῶτο

258 3939 364 3988 dixerat
376 3932 513 3984 lustinus.
527 3931 725 3983 Presidantem
746 3933 945 3997 Tertullianus,
963 3935 1072 3999 Apatna.

257 4011 285 4063 ls
296 4014 339 4063 est
352 4010 500 4073 episcopus
514 4009 562 4071 qui
577 4011 605 4058 et
620 4019 748 4058 summus
768 4006 899 4061 sacerdos
920 4008 956 4060 ab
974 4008 1075 4061 eodem

258 4081 430 4133 Tertulliano
445 4078 555 4130 dicitur.
569 4092 585 4127 s

289 4153 352 4214 laegr'
363 4151 441 4200 etiam
455 4149 525 4197 alios
543 4148 658 4200 litterae
673 4149 813 4216 Rigaltlns
827 4153 885 4202 ait:
900 4152 1075 4204 «Assentior

258 4220 392 4282 Pamclio,
403 4231 459 4269 non
475 4217 543 4269 allas
557 4219 644 4272 imese
656 4235 739 4285 quam
749 4222 939 4287 precedentes
951 4223 1075 4289 epistole

260 4291 394 4348 secunde
405 4291 532 4356 paginas.
547 4307 563 4338 s

291 4367 321 4416 in
333 4361 424 4429 quibas
444 4375 487 4411 nso
505 4363 551 4426 qui
568 4364 729 4428 scripserint,
753 4380 797 4417 nee
814 4367 850 4416 ad
871 4381 932 4433 quas
950 4367 1076 4430 scriptum

259 4439 305 4488 sit.
324 4435 459 4500 Rigaltids
471 4435 510 4484 alt
526 4449 532 4483 :
550 4451 565 4482 a
588 4431 745 4490 Dicendum
758 4440 844 4505 lgltur
862 4442 890 4490 ιιι
914 4439 1076 4492 authentico

1119 3173 1222 3291 agentur
1235 3167 1381 3289 a1uxuria,
1396 3181 1412 3218 a
1426 3166 1497 3219 cibis
1511 3166 1689 3230 lautioribus,
1707 3179 1723 3216 a
1743 3168 1812 3229 potu
1831 3167 1940 3230 jncun-

1140 3253 1207 3302 ιοιο,
1221 3258 1235 3287 »
1247 3253 1262 3290 a
1275 3252 1298 3290 c.

1150 3320 1341 3384 assumptionis
1357 3331 1429 3370 rnsa.
1442 3317 1520 3382 Legit
1533 3318 1684 3383 ὰνιιλιιιιοι,
1699 3317 1729 3368 ln
1743 3316 1848 3368 amnis
1862 3316 1941 3368 sodi-

1121 3393 1202 3445 cibus
1225 3389 1363 3446 malem<
1389 3391 1524 3450 occurrit;
1550 3389 1606 3440 rid.
1631 3389 1680 3440 lib.
1702 3401 1742 3449 in,
1766 3389 1805 3439 ad
1830 3388 1943 3450 Quina.

1121 3477 1181 3528 cap.
1194 3463 1239 3522 ιιι
1251 3461 1378 3526 Τοιιιιιι.,
1392 3463 1422 3512 in
1438 3461 1581 3525 scarpim,
1594 3459 1688 3521 habat,
1701 3460 1811 3523 Tempsis
1822 3458 1944 3523 disjunc-

1123 3536 1211 3585 tionis.

1154 3612 1258 3677 Planpit
1269 3611 1362 3663 ruinas
1378 3613 1404 3661 οι
1413 3609 1506 3672 [mern
1518 3609 1706 3674 plurimorum.
1719 3607 1862 3674 Rigaltins
1877 3609 1920 3658 ait
1937 3622 1944 3656 :

1122 3699 1139 3734 e
1155 3682 1203 3734 Sic
1214 3681 1329 3747 epistola
1340 3681 1512 3745 precedenti
1526 3693 1534 3732 ι
1549 3682 1624 3732 later
1634 3680 1824 3744 plangentium
1831 3680 1944 3730 minas.

1123 3754 1228 3806 liuinas
1243 3753 1311 3803 dicll
1325 3753 1442 3802 tratrem
1455 3753 1609 3815 lapsorum,
1622 3764 1694 3816 quoa
1707 3753 1845 3802 tormenta
1858 3749 1945 3813 deje-

1123 3827 1230 3886 cerunt,
1239 3835 1272 3876 ac
1280 3833 1330 3887 per
1343 3823 1478 3876 sevitiam
1489 3826 1704 3884 tormentorum,
1714 3821 1795 3874 thura
1806 3821 1946 3873 dederant

1122 3893 1216 3957 idolis,
1237 3899 1285 3946 aut
1305 3893 1449 3947 Christum
1467 3898 1645 3958 negaverant.
1668 3893 1767 3947 Ruine
1786 3893 1944 3956 lapsorum,

1123 3965 1222 4016 iunera
1232 3967 1406 4030 negatorum.
1418 3982 1434 4014 ι

1155 4048 1213 4098 Pae
1229 4046 1409 4110 supervenerit
1431 4047 1569 4112 illgaltius
1587 4044 1652 4096 sit:
1676 4045 1744 4096 ena
1764 4057 1820 4108 qua
1843 4046 1947 4107 pater-

1123 4117 1243 4170 iamllias
1266 4119 1296 4168 in
1317 4117 1442 4182 Epistola
1470 4119 1606 4183 affluente
1632 4128 1683 4181 per
1701 4117 1833 4179 jusanam
1858 4113 1945 4164 illum

1125 4189 1240 4240 annum
1261 4188 1449 4252 maudaverat,
1475 4187 1519 4238 hia
1545 4187 1662 4238 verbis:
1687 4186 1739 4237 Die
1760 4185 1802 4236 illl
1821 4197 1947 4236 securus

1123 4261 1169 4323 sit,
1182 4259 1249 4324 quia
1260 4272 1316 4324 pax
1330 4263 1447 4311 ventura
1459 4263 1508 4311 est.
1526 4275 1542 4307 a

1155 4343 1262 4404 Accepto
1293 4343 1351 4404 post
1386 4338 1502 4404 glorians
1540 4339 1691 4390 commeatu.
1723 4335 1862 4402 Rigaltins
1896 4337 1949 4400 ait,

1126 4413 1223 4464 «Post
1242 4411 1360 4476 gloriam
1383 4410 1490 4464 scillcet
1513 4410 1665 4461 voluntatis
1684 4408 1799 4470 integre
1819 4412 1850 4458 et
1872 4419 1949 4459 con-

259 4509 395 4562 omissum
408 4507 495 4557 luisse
511 4507 631 4558 titulum.
646 4508 717 4570 Que
732 4511 802 4561 torte
818 4525 855 4562 an
868 4512 952 4564 luerit
970 4514 1073 4565 Roma·
1085 4496 1116 4572 D
1126 4483 1250 4536 mentm
1263 4481 1390 4546 ⁸¹⁰ri⁰⁸⁰³
1411 4495 1476 4546 ΨΒ
1494 4494 1547 4532 ¹¹⁰⁸
1565 4493 1660 4532 mm
1676 4480 1735 4530 ⁰⁰⁰
1757 4478 1823 4529 ω
1838 4483 1949 4544 mmy'

259 4591 361 4632 norum
372 4579 466 4631 cautio
476 4577 538 4630 sive
552 4577 707 4644 prudentia,
721 4582 795 4632 inter
808 4583 934 4646 pericula
943 4584 1075 4636 Deciane

260 4649 472 4718 persecutionis.
486 4667 501 4696 ι

291 4723 416 4776 trondem
431 4721 519 4772 advos
533 4721 807 4785 representantem
823 4725 922 4776 remisi.
937 4726 1078 4790 ngaltius

262 4797 301 4846 ait
316 4809 322 4844 ι
338 4792 564 4844 «authenticam
577 4793 653 4857 dicit,
672 4795 706 4845 da
721 4797 803 4860 cuius
818 4801 910 4848 tamen
924 4797 980 4848 tide
994 4797 1076 4851 dubi·

261 4871 352 4932 tabat;
381 4868 430 4920 sed
452 4867 636 4919 nihilominus
657 4870 861 4936 aumantioam,
892 4874 1077 4928 sumendam

263 4944 377 4996 omnino
399 4944 473 4992 esset
504 4951 568 5004 que
598 4941 682 4993 allata
711 4943 803 4996 luerat
830 4959 846 4995 a
875 4943 1038 4998 Clementia.
1061 4963 1078 4998 s

261 5014 374 5078 Duplici
393 5013 506 5064 nomine
529 5013 644 5077 epistola
665 5016 726 5066 hec
743 5017 845 5068 clerica
863 5017 992 5082 dicanda,
1011 5022 1078 5084 quie

263 5090 323 5141 scil.
346 5103 363 5140 e
387 5089 462 5142 claro
487 5089 612 5140 Romano
640 5089 675 5142 ad
701 5089 950 5157 Carthaginensem
978 5094 1078 5162 dirige-

262 5164 355 5222 retur;
368 5165 429 5212 tum
443 5163 536 5224 etiam,
546 5161 630 5226 idque
643 5164 794 5228 precipue,
809 5166 875 5230 quia
888 5178 937 5229 per
947 5168 1078 5219 nuntium

263 5235 350 5284 sacris
371 5235 516 5286 ordinibus
533 5235 674 5286 initiatum
697 5237 781 5288 missa
803 5236 895 5288 inerit.
916 5237 958 5289 De
980 5239 1078 5291 ordine

263 5303 364 5442 ἓοιιιιιι
383 5307 572 5370 epistolarum,
590 5307 772 5360 consulantur
790 5308 856 5359 anni
880 5309 936 5362 ιιι).
956 5312 1078 5376 Annales,

292 5389 348 5429 ιιιι.

558 5443 734 5534 nrlsrona
749 5481 783 5533 x.

295 5556 456 5623 llartpridus
471 5561 497 5609 et
511 5559 711 5621 confessoribus.
732 5561 863 5614 Nicolaus
880 5563 969 5615 Faber
990 5564 1079 5616 adno-

263 5631 304 5684 tat
317 5630 394 5696 quod
407 5644 423 5679 ο
435 5631 607 5682 confusores
624 5629 690 5683 dlcli
707 5637 774 5684 sunt
792 5635 851 5700 qui,
866 5647 960 5688 coram
971 5637 1078 5702 judici-

263 5705 319 5760 bus
334 5705 505 5774 interrogati,
526 5705 669 5760 Christum
682 5709 799 5775 pralassl
819 5714 898 5764 erant
917 5725 923 5761 ι
942 5716 1079 5778 martyras

263 5779 313 5850 qul
334 5777 480 5836 Christum
503 5779 620 5850 proten
640 5784 668 5837 et
684 5785 836 5850 preterea,
858 5787 891 5839 ut
910 5783 1078 5854 abnegarent

1127 4569 1180 4618 rea,
1193 4555 1245 4605 atsi
1264 4567 1315 4619 per
1330 4555 1418 4618 ipsius
1440 4551 1641 4618 indulgentiam
1660 4551 1713 4601 Del
1728 4563 1783 4614 pax
1805 4561 1948 4613 superre-

1126 4627 1200 4678 nerit
1210 4639 1266 4676 non
1280 4629 1438 4690 exspectata
1455 4638 1508 4676 naa
1525 4627 1643 4690 sperata,
1658 4634 1722 4688 que
1740 4620 1822 4672 nobis
1839 4621 1951 4672 tribnat

1126 4699 1313 4749 commeatum
1331 4695 1515 4760 permanendi
1531 4694 1624 4746 adhue
1639 4695 1667 4744 in
1681 4691 1785 4744 secula
1802 4693 1874 4742 stin
1890 4691 1949 4744 Ee

1126 4769 1213 4820 clesia
1228 4766 1313 4818 laude
1334 4765 1475 4828 florentes,
1491 4767 1551 4830 ipso
1567 4768 1625 4830 jam
1646 4764 1752 4816 seculo
1769 4764 1949 4827 proculcato.

1126 4840 1175 4894 Sic
1196 4838 1277 4903 alibi,
1298 4840 1323 4890 si
1341 4842 1445 4904 accepta
1468 4851 1533 4902 paea
1556 4841 1712 4888 commeatus
1736 4849 1752 4884 ο
1775 4837 1831 4886 Deo
1855 4835 1947 4894 datar,

1126 4908 1180 4961 boc
1198 4913 1250 4968 est,
1273 4909 1299 4959 si
1318 4909 1416 4960 iratres
1438 4910 1469 4958 in
1489 4907 1613 4973 pericula
1634 4907 1740 4969 mortis,
1762 4909 1828 4970 post
1846 4919 1951 4971 accep·

1125 4985 1183 5032 tam
1205 4980 1241 5032 ab
1268 4979 1398 5031 Ecclesia
1418 4991 1531 5045 pacem,
1552 4980 1613 5030 Deo
1642 4977 1761 5042 volente,
1785 4978 1950 5042 pericnlum

1126 5051 1254 5114 evadant,
1278 5063 1412 5102 concesso
1434 5050 1490 5100 illls
1515 5063 1532 5100 a
1554 5049 1613 5102 Deo
1634 5047 1749 5100 vivendi
1772 5055 1948 5112 commeatu,

1126 5122 1310 5174 nihilominus
1324 5134 1395 5187 pace
1414 5121 1550 5182 truantur,
1566 5133 1652 5184 quam
1670 5119 1799 5171 Ecclesia
1818 5125 1950 5172 contem-

1127 5193 1249 5258 platione
1268 5192 1366 5243 mortis
1386 5191 1632 5257 appropinquantis
1646 5190 1809 5242 indulserat.
1822 5189 1860 5241 Et
1877 5191 1951 5243 libro

1127 5267 1159 5315 de
1170 5263 1335 5316 liortalitate
1351 5277 1360 5312 :
1377 5265 1443 5316 curn
1459 5263 1571 5326 qnidam
1585 5263 1616 5314 de
1629 5259 1736 5327 collegis
1757 5267 1782 5312 st
1803 5275 1950 5314 mnsam·

1127 5334 1232 5387 dotibus
1241 5335 1338 5386 nostris
1348 5334 1503 5400 infirmitate
1511 5333 1626 5397 defesse
1637 5338 1661 5384 et
1672 5335 1704 5383 de
1711 5336 1951 5400 appropinquante

1126 5411 1212 5460 marta
1225 5406 1351 5458 sollicitus
1372 5409 1542 5456 commeatum
1562 5405 1613 5455 sibi
1627 5409 1791 5469 precantur,
1812 5405 1843 5455 id
1865 5411 1952 5469 esta

1127 5479 1187 5530 Deo
1203 5481 1309 5543 peterat
1325 5476 1464 5543 indulgeri
1484 5477 1550 5538 sibl,
1567 5479 1600 5528 ut
1621 5475 1714 5528 adhuc
1727 5475 1907 5541 aliquamdiu
1920 5479 1952 5530 in

1128 5551 1199 5600 vivis
1213 5552 1396 5616 permaneret.
1411 5564 1427 5600 s

1160 5637 1197 5690 ob
1209 5639 1324 5705 gloriam
1334 5642 1484 5694 coronetur.
1498 5638 1659 5694 Gloriosurn
1669 5641 1824 5703 ceremon,
1837 5640 1953 5695 scillcet

1128 5715 1329 5778 temperantias,
1344 5712 1489 5776 cmtltatls,
1500 5711 1613 5777 piatatis
1626 5712 1656 5763 in
1671 5723 1749 5778 pace.
1766 5715 1950 5778 sensenna.

1127 5786 1272 5858 patientta
1286 5791 1315 5842 et
1327 5785 1394 5842 tidai
1407 5785 1438 5841 iu
1452 5787 1658 5854 congresslom.
