4012 6192
95 285 139 346 tit
636 281 855 342 sermones.
875 309 911 326 —-
930 279 1189 342 Pnouaconann.
1709 293 1761 349 gae

96 409 266 482 adsenptum,
282 424 358 464 nnnc
377 407 506 464 omnium
524 406 632 477 judicio
652 407 814 463 restituitur
827 405 895 479 legi·
906 417 936 492 Α
946 423 1025 479 gum,
1040 407 1164 463 eGrcsco
1178 408 1276 465 Latine
1293 427 1311 465 a
1330 428 1359 467 se
1378 411 1531 482 redditum,
1547 414 1654 487 legenti
1668 420 1760 475 mani-

95 507 155 562 timo
175 503 281 578 parenti
296 501 410 560 Ruitino
429 500 551 571 Torano,
564 501 752 573 Aquileiensis
770 499 895 557 ecclesie
945 499 1048 556 testum
1065 509 1117 558 est.
1136 505 1201 558 lloec
1214 503 1343 574 proeiatio
1359 506 1425 562 ideo
1439 507 1514 563 inter
1527 523 1614 580 opera
1628 511 1761 583 Cypriani

96 599 262 673 presbytero;
276 597 311 653 de
328 597 382 652 hac
395 595 579 668 Expositionc
595 595 756 652 Gennadius
769 595 798 649 in
813 595 894 651 Goto-
945 595 1041 651 forsan
1063 597 1214 668 adoptata,
1239 597 1304 654 licet
1328 601 1468 672 precipiti
1495 603 1618 658 nimiunn
1639 606 1760 676 judicio,

96 695 144 765 logo
159 695 282 751 Virorum
299 692 450 746 illustrium
470 689 613 756 meminit,
633 689 701 744 dum
718 689 759 745 ait
774 706 780 744 :
796 709 810 738 c
824 687 893 744 Pro·
946 689 1100 762 aliquando
1116 691 1179 760 luit,
1195 691 1269 763 quod
1283 691 1314 747 in
1328 694 1423 748 codice
1438 695 1601 752 colbertino
1616 700 1683 754 ¹453
1701 701 1759 771 sig·

95 788 147 861 prio
161 791 256 842 erstem
268 785 376 853 labore,
387 784 477 840 immo
491 783 590 856 gratiae
601 781 650 838 Dei
664 783 751 852 nono,
764 781 897 855 exposuit
945 789 1020 853 nato,
1044 784 1097 840 hoc
1118 785 1180 856 ejus
1195 785 1311 841 initium
1329 786 1365 841 sit
1383 804 1389 842 :
1410 789 1565 859 Cyprianus
1578 794 1678 862 Vigitio
1697 795 1760 862 sra-

96 882 161 938 idem
174 879 303 936 linitione
319 877 496 949 Symbolum,
511 882 542 934 ut
556 878 583 933 in
605 877 666 950 ejus
681 876 894 949 comparatione
944 881 982 934 tri
1000 878 1133 934 salutem!
1158 880 1246 935 Porro
1267 884 1350 936 vetus
1372 881 1395 936 is
1418 881 1553 955 Dialogus
1574 885 1686 942 Grmcus
1708 893 1759 956 est,

94 975 133 1030 alii
144 990 198 1031 nou
211 971 308 1046 813
321 971 483 1044 exposuisse
497 970 664 1028 credentur.
680 993 695 1022 n
708 972 785 1027 lotar
800 969 895 1027 liiero-
945 987 1010 1026 cum
1021 971 1158 1045 Origenes
1172 971 1222 1029 lib.
1239 990 1266 1029 rr
1284 982 1380 1031 contro
1399 977 1502 1035 Cabum
1516 977 1647 1047 ejusdem
1660 983 1759 1036 merni-

94 1071 163 1141 nymi
175 1083 260 1140 opere
276 1065 457 1139 supposititia
472 1065 557 1121 etiam
574 1081 650 1120 nunc
665 1067 759 1124 exstat
770 1063 840 1138 (ti).
944 1064 1020 1122 nerii
1035 1067 1101 1138 (tii.
1123 1067 1190 1132 ouis
1204 1067 1352 1142 qualisque
1373 1070 1459 1125 luent
1476 1070 1523 1125 ille
1543 1071 1648 1142 Celsos,
1664 1074 1713 1145 qui
1729 1091 1762 1130 ea

123 1161 582 1218 i'll.lractatusdelinreticorum
597 1161 744 1230 baptismo,
759 1157 895 1213 adversus
943 1159 973 1214 in
999 1159 1131 1216 latinum
1159 1177 1324 1218 sermonem
1348 1179 1437 1232 versa,
1465 1165 1636 1236 pretatione
1663 1165 1760 1240 814

93 1257 115 1312 S.
134 1255 261 1328 Cypriani
284 1253 453 1310 sententiam
476 1252 678 1310 edoctissimo
701 1251 821 1324 lligeitio
838 1251 894 1324 pri·
943 1252 1017 1308 bene
1039 1253 1135 1326 longa,
1150 1254 1252 1328 Vigiiio
1269 1257 1400 1328 episcopo
1414 1257 1470 1330 (iti
1486 1262 1653 1331 nuncupata
1672 1262 1761 1330 nuxit,

94 1367 163 1405 mum
177 1350 205 1404 io
221 1349 315 1404 lucem
329 1347 431 1417 editus,
447 1346 550 1402 veteris
564 1348 609 1401 est
621 1345 750 1411 nucmris,
769 1345 893 1417 quiante
945 1363 1001 1402 non
1015 1351 1138 1418 constet;
1153 1348 1180 1404 id
1196 1349 1288 1405 solum
1307 1351 1398 1423 liquet
1421 1367 1455 1406 cx
1476 1353 1607 1422 plurimis
1621 1354 1762 1425 praefatio-

95 1443 232 1516 Augustini
251 1448 391 1515 tempora,
414 1440 589 1512 etcypriani
604 1440 700 1496 lorsen
715 1443 797 1495 aetate
815 1438 893 1494 vixit.-
944 1439 988 1496 nis
1013 1441 1102 1510 locis,
1129 1457 1194 1497 eum
1216 1443 1379 1516 rigentibus
1406 1444 1499 1500 adbuc
1527 1447 1760 1517 persecutionum

96 1539 163 1592 Hune
180 1536 303 1591 libellum
325 1536 359 1590 de
378 1535 578 1605 liebcptismote
598 1531 738 1600 Beluzius,
757 1536 894 1588 monente
944 1533 1128 1605 temporibus,
1151 1539 1180 1592 et
1206 1543 1272 1592 ente
1298 1543 1459 1610 susceptam
1482 1539 1517 1594 ab
1541 1539 1760 1612 imperatoribus

96 1631 206 1704 primum
218 1629 346 1701 Philippo
355 1628 477 1696 bsbbeo,
488 1627 624 1700 scriptum
635 1627 722 1683 irrisae
731 1628 827 1682 censet
837 1623 893 1698 (ii)
944 1625 1032 1683 iidem
1044 1628 1234 1686 Christianam
1249 1631 1402 1703 scripsisse.

95 1725 123 1780 ab
135 1724 240 1792 Ursino,
256 1722 397 1779 monacho
408 1721 485 1789 Atro,
501 1737 587 1794 qoem
606 1720 765 1778 Gennadius
779 1720 807 1776 in
821 1719 894 1774 libro
982 1721 1023 1776 ill.
1042 1723 1170 1778 Tertium
1191 1723 1314 1796 deniqne
1330 1727 1460 1783 odumsus
1478 1729 1586 1784 Judeos
1605 1731 1759 1786 tractatum

95 1818 315 1890 descriptoribus
339 1817 532 1874 menacensis
558 1817 636 1872 inter
660 1815 810 1887 scriptores
841 1797 980 1870 aerissob
995 1815 1118 1872 nimiam
1132 1817 1197 1888 styli
1216 1817 1424 1877 dissonantiam
1440 1821 1581 1893 cypriano
1597 1822 1684 1878 tribui
1699 1837 1758 1879 non

94 1913 175 1984 quarti
188 1912 248 1982 jem
270 1909 426 1967 desinentis
444 1909 584 1980 nominet,
601 1914 629 1966 et
650 1909 792 1980 scripsisse
805 1907 894 1964 tradit
944 1925 1024 1982 posse
1041 1909 1130 1965 critici
1151 1911 1259 1983 pariter
1279 1915 1478 1982 consentiont3
1496 1913 1628 1971 observet
1642 1915 1759 1988 insuper

95 2006 213 2062 adsersus
239 2004 360 2077 eosqui
383 2003 598 2076 rebaptizandos
623 2003 772 2059 haereticos
797 2003 893 2058 decer·
943 2004 982 2061 Gl.
1007 2004 1148 2075 Dupinius
1170 2005 1282 2062 duobus
1302 2007 1346 2062 bis
1368 2007 1398 2063 in
1419 2007 1569 2080 operibus.
1590 2010 1757 2082 prolatione

95 2103 164 2169 nunt,
187 2105 271 2172 atque
294 2097 422 2155 docuisse
446 2098 663 2170 rebaptizandos
684 2113 741 2152 non
761 2112 822 2153 esse
844 2113 894 2153 cos
943 2097 1082 2153 nimirum
1096 2098 1200 2171 Vigilio
1213 2099 1358 2172 inscripta,
1375 2107 1403 2157 et
1425 2105 1547 2158 tractatu
1567 2103 1697 2160 aduersus
1713 2107 1759 2160 Ju-

95 2192 134 2264 qui
145 2193 185 2249 vel
199 2193 357 2248 innomine
371 2192 538 2264 simpliciter
547 2191 662 2260 Christi,
675 2191 719 2247 vel
731 2191 760 2246 in
774 2190 893 2246 nomine
943 2192 1023 2256 dnos,
1039 2191 1109 2248 nihil
1126 2209 1290 2265 congruens
1303 2197 1334 2250 et
1346 2194 1468 2252 solidum
1482 2197 1603 2269 reperiri
1619 2197 1685 2270 (ti).

94 2287 179 2356 Patris,
199 2289 227 2342 et
250 2286 325 2357 Filii,
344 2294 373 2342 et
393 2286 517 2358 Spiritus
538 2285 638 2354 sancti,
657 2283 785 2358 quemvis
803 2300 893 2358 pravo
978 2285 1009 2340 x.
1025 2285 1157 2343 Carmina
1177 2287 1284 2344 Genesis
1304 2293 1329 2344 ct
1350 2289 1466 2346 Sodoma
1483 2289 1618 2362 inscripta
1640 2291 1756 2364 Cypria·

95 2397 177 2451 nasu,
190 2381 382 2454 baptizentur,
396 2380 430 2436 iis
442 2384 538 2436 eutem
552 2385 616 2453 post
631 2379 790 2452 simplicem
805 2378 894 2434 Trini·
944 2395 1015 2434 num
1036 2385 1180 2436 auctorem
1205 2381 1309 2438 habere
1326 2382 1467 2438 l’amelius
1488 2383 1643 2440 arbitratus
1656 2387 1709 2454 cst,
1724 2401 1758 2442 eo

95 2476 149 2530 tatis
166 2476 374 2532 confessionem
396 2475 525 2531 suiticere
547 2475 581 2530 ad
605 2475 724 2530 salutem
753 2489 893 2529 manuum
943 2475 1019 2546 qood
1047 2491 1063 2528 a
1090 2474 1214 2546 Georgio
1242 2475 1370 2532 Fabricio
1397 2494 1429 2533 ec
1452 2477 1576 2534 llorellio
1600 2485 1629 2534 et
1653 2478 1682 2534 in
1708 2496 1756 2536 co·

95 2569 293 2641 impositionem
306 2569 373 2642 (te).
944 2566 1006 2623 dice
1022 2583 1076 2623 ms.
1092 2567 1274 2624 bibliothece
1294 2569 1445 2626 Victorinee
1465 2571 1539 2644 epod
1560 2572 1684 2630 Parisios
1704 2573 1757 2646 ipsi

123 2663 319 2721 persuaserunt
335 2663 518 2737 potissimum
534 2661 659 2732 baluzio,
675 2665 706 2716 ut
724 2661 892 2733 opusculum
944 2661 1120 2732 tribunatum
1148 2663 1281 2735 quodque
1303 2664 1412 2737 aliquot
1435 2664 1553 2736 phrases
1578 2665 1757 2739 cyprianicas

95 2757 138 2812 boc
159 2757 255 2814 Ursino
279 2757 427 2825 tribueret,
449 2757 516 2812 licet
539 2755 705 2812 GuilleImue
727 2756 800 2810 Cave
824 2753 893 2810 iliud
944 2755 972 2810 in
986 2753 1086 2810 iisdem
1107 2755 1332 2827 deprehendisse
1352 2757 1404 2814 sibi
1425 2757 1579 2816 videretur.
1594 2761 1698 2816 Verum
1711 2759 1756 2818 he

94 2852 158 2922 quod
170 2851 358 2908 invalescente
380 2849 581 2924 persecutione
600 2849 736 2921 scriptum
751 2848 892 2916 rideatur,
944 2848 1071 2904 rationes
1095 2848 1191 2921 exigui
1214 2852 1352 2908 momenti
1372 2854 1454 2922 sunt,
1479 2868 1572 2925 neque
1599 2858 1758 2910 memorata

96 2961 145 3000 aro
157 2945 286 3018 Cypriani
301 2951 417 3014 asserat,
430 2945 477 3000 illa
490 2943 576 3000 rerba
593 2961 599 2999 :
616 2965 630 2994 u
645 2949 708 3016 post
722 2943 892 2998 totsaeculo-
944 2943 1071 2999 carmina
1092 2947 1189 3000 sancto
1209 2945 1327 3018 llartyre
1349 2949 1393 3002 sai
1413 2945 1499 3020 digna
1518 2950 1594 3019 snut,
1615 2951 1644 3003 et
1666 2949 1758 3021 ignoti

95 3042 266 3096 mutantem
282 3039 385 3096 seriem
400 3059 413 3090 n
431 3054 496 3112 qun
511 3039 605 3110 ipsum
623 3038 699 3093 inter
710 3043 738 3093 ct
749 3035 894 3110 apostolos
943 3037 1093 3110 cujusdem
1122 3039 1247 3095 auctoris
1269 3055 1330 3096 csse
1356 3040 1460 3096 rectius
1488 3041 1654 3099 creduntur.
1682 3041 1758 3100 Nihil

95 3134 288 3202 intercesserit;
321 3133 480 3205 elisamqne
513 3135 596 3205 putat
627 3131 710 3188 Cerei
742 3131 1312 3246 censuramcparitersuedet,aiterum
1332 3133 1402 3190 item
1418 3151 1534 3190 carmen
1554 3135 1758 3192 cdSenmorem

94 3228 179 3285 erinde
192 3230 280 3302 quod,
293 3231 326 3284 nt
336 3228 396 3301 ipse
409 3227 476 3283 alies
489 3227 524 3283 de
535 3229 664 3299 tompore
676 3225 786 3281 concilii
801 3223 893 3280 Elihc·
943 3241 978 3282 ex
991 3224 1152 3282 Christiana
1164 3227 1302 3300 religione
1316 3226 1352 3282 ed
1367 3227 1443 3285 idola
1457 3244 1638 3299 conversum,
1657 3233 1758 3286 Sancto

96 3323 167 3378 ritani
181 3323 360 3389 ostendisset,
379 3321 487 3378 mentio
507 3321 713 3394 persecutionis
734 3319 806 3374 iacta
818 3318 891 3374 enti·
943 3322 1041 3375 nostro
1057 3320 1212 3390 vindicare,
1228 3321 1270 3378 uti
1287 3338 1338 3378 nec
1356 3325 1492 3394 Dymnum
1509 3323 1542 3379 de
1558 3323 1640 3380 cruce
1653 3325 1761 3380 Domini

94 3417 175 3488 quitus
191 3418 279 3474 luerit
295 3417 331 3472 ab
350 3415 384 3472 iis
405 3417 491 3473 eiiam
511 3414 560 3488 qui
578 3413 627 3470 diu
642 3415 708 3487 posi
725 3411 892 3470 exstinctam
943 3413 987 3468 vel
1010 3412 1044 3470 de
1067 3415 1170 3471 Poscbo
1194 3417 1313 3484 Domini,
1338 3417 1377 3472 uti
1400 3417 1552 3488 Pemelins,
1574 3418 1618 3471 rei
1642 3415 1758 3489 Lignum

94 3513 305 3581 persecutionem
330 3511 434 3566 virere.
466 3509 604 3582 Rigaltius
632 3510 766 3575 econtra,
799 3506 895 3562 editor
942 3511 1015 3571 uite,
1037 3506 1080 3564 uti
1103 3508 1247 3565 Fabricius
1266 3509 1411 3581 legerunt,
1435 3527 1533 3582 quem,
1558 3512 1658 3567 eodem
1685 3513 1758 3568 testo

94 3605 255 3676 broniensis,
274 3603 482 3675 tillemontius,
496 3604 613 3672 Caseus,
628 3604 756 3658 bleranus
777 3607 805 3656 ct
828 3600 891 3657 Gal·
943 3600 1081 3673 Pamelio,
1110 3603 1201 3659 codex
1224 3604 1362 3660 Dunensis
1386 3605 1530 3661 Victorino
1558 3605 1706 3674 adscribit,
1730 3609 1759 3662 ct
1851 3647 1857 3660 .

93 3697 468 3771 lendiuserbitrentur'opus
488 3697 691 3754 succentoris
711 3696 894 3767 ahevocy·
944 3701 1008 3767 post
1036 3696 1115 3768 cujus
1140 3698 1229 3754 tinem
1256 3699 1328 3754 alter
1356 3698 1447 3756 codex
1481 3698 1606 3756 Cornelii
1633 3699 1759 3756 Gualteri

94 3794 173 3864 priaui
185 3811 286 3868 parum
302 3793 433 3850 distantis
446 3793 509 3864 (20).
943 3789 1032 3845 habet
1048 3807 1054 3844 :
1070 3791 1148 3846 Getis·
1167 3792 1301 3864 Cypriani
1313 3795 1430 3864 episcopi
1450 3797 1475 3848 et
1495 3796 1625 3864 martyris
1637 3795 1761 3864 Hymnus

122 3889 182 3945 Vlil.
204 3891 264 3946 iton
289 3887 382 3961 magis
404 3887 434 3944 S.
453 3885 586 3959 Cypriani
607 3885 742 3958 operibus
763 3883 894 3956 genuinis
943 3883 976 3938 de
988 3885 1092 3940 Poscis
1109 3887 1218 3940 Domini
1230 3887 1265 3944 N.
1287 3888 1311 3940 J.
1330 3885 1442 3950 Christi,
1457 3891 1506 3942 out
1519 3888 1665 3942 securrdum
1678 3903 1758 3958 quos·

94 3984 220 4039 eemnseri
245 3985 365 4056 possunt
391 3981 537 4037 Tractatns
562 3981 595 4036 dc
618 3981 752 4036 Donatus
774 3981 841 4037 Sino
868 3983 894 4034 et
942 3979 1007 4034 dom
1038 3981 1173 4035 Victorini
1199 3979 1413 4036 Pietobronensis
1434 3979 1475 4052 (id
1504 3983 1547 4035 esi
1570 3981 1759 4037 Pctcbonensis

94 4075 157 4142 Sion,
177 4077 306 4135 <aduersus
325 4077 453 4143 Judaeos5
478 4075 550 4132 liber
574 4073 609 4130 ad
629 4073 762 4146 Vigilium
785 4073 891 4146 episco·
942 4071 986 4126 rel
1004 4071 1217 4142 Pctcuionensisi
1231 4075 1359 4144 episcopi,
1382 4073 1462 4144 cuja«
1483 4073 1601 4128 nomine
1621 4075 1708 4129 etiem
1727 4074 1757 4130 in

94 4186 150 4240 yrum
173 4172 205 4228 de
225 4172 342 4228 Judoim
363 4169 568 4240 incredulitate,
587 4173 615 4224 et
632 4169 777 4224 Tractatns
794 4168 891 4223 ndum·
942 4165 1003 4221 eliis
1016 4181 1084 4221 mss.
1101 4165 1247 4222 codicibus
1265 4171 1373 4224 exstare
1392 4167 1506 4224 dicitur.
1525 4171 1555 4224 ln
1576 4167 1679 4224 Daluzii
1699 4167 1758 4224 cdi-

93 4277 130 4318 ms
148 4265 252 4322 tudens
277 4267 326 4338 qui
349 4265 468 4322 insecuti
492 4267 559 4319 srrnt
586 4261 738 4319 Dominum
763 4267 891 4317 nostrum
943 4260 1019 4316 tione
1040 4261 1144 4316 Veneta
1160 4261 1532 4318 VictoriumPiciavienscm
1546 4263 1672 4336 praeseri.

93 4357 173 4414 iesum
192 4361 348 4416 Christum.
370 4361 439 4414 Nam
463 4357 589 4430 primum
609 4373 627 4412 a
644 4357 705 4412 riro
720 4355 893 4427 compositus
977 4354 1022 4409 lll.
1038 4353 1091 4409 etii
1106 4357 1242 4410 tractatus
1255 4357 1396 4429 cypriano
1414 4355 1543 4429 inscripti
1565 4373 1623 4412 non
1642 4360 1757 4414 tentum

94 4455 144 4520 est,
178 4455 227 4526 qui
258 4453 453 4510 Rebhinorum
486 4456 515 4508 et
544 4451 749 4508 cabalistarum
786 4449 892 4506 deliriis
942 4454 1009 4504 sunt
1021 4448 1193 4521 supposititii
1209 4449 1259 4504 sed
1273 4451 1360 4506 ctiam
1374 4467 1465 4523 nugas
1484 4456 1512 4507 et
1525 4450 1673 4506 mendacia
1692 4467 1756 4509 con·

93 4545 165 4602 iidem
178 4548 344 4618 adhibebat,
361 4561 511 4620 nugasque
523 4545 658 4618 Cypriani
678 4543 797 4617 ingenio
810 4543 1045 4620 pror-Dtinent.
1073 4544 1116 4599 Sic
1143 4561 1215 4617 opos
1241 4545 1273 4600 dc
1297 4544 1379 4601 Cena
1406 4543 1558 4599 ridiculum
1585 4559 1617 4598 ac
1643 4543 1756 4618 ineptiis

93 4655 131 4692 sris
150 4640 277 4715 indignas
297 4641 503 4717 complectitur.
524 4642 650 4698 Alterum
672 4639 838 4711 opusculum
860 4639 892 4693 de
943 4638 1079 4694 refertum
1107 4644 1164 4706 cst,
1193 4655 1250 4695 non
1278 4639 1361 4694 modo
1391 4638 1488 4710 itaque
1513 4641 1609 4692 sancto
1635 4637 1755 4709 llartyre

93 4733 275 4793 incredulitate
294 4737 424 4800 ludoico,
445 4752 503 4792 non
528 4735 582 4790 nisi
609 4735 807 4807 praelationem
830 4748 891 4788 esse
942 4737 1050 4802 nostro,
1076 4734 1126 4789 sed
1150 4749 1200 4790 nec
1222 4732 1382 4789 Christiano
1407 4730 1524 4786 homine
1550 4729 1672 4803 dignum
1695 4735 1753 4801 cst;

93 4829 393 4898 cujusdamcbristiani
412 4829 497 4899 senis,
512 4829 562 4902 qui
581 4845 642 4885 sese
662 4829 773 4884 Celsum
800 4825 889 4882 nomi-
941 4828 1026 4883 loetus
1050 4827 1155 4884 scilicet
1182 4827 1327 4899 cujusdam
1357 4826 1522 4898 nugatorie,
1547 4841 1634 4880 sacrm
1662 4825 1754 4897 Scrip·

93 4928 145 4993 nat‚
156 4924 183 4980 in
201 4926 312 4982 imonis
332 4923 496 4994 Christiani,
518 4929 546 4980 et
565 4922 672 4996 Papisci
691 4921 781 4979 Jrrdai
803 4921 892 4978 dialo-
943 4927 1014 4978 turae
1028 4921 1152 4978 historiis
1166 4921 1203 4977 ed
1218 4921 1330 4992 ineptas
1343 4919 1454 4975 tabulas
1469 4935 1533 4976 suas
1548 4917 1640 4984 ebusi,
1654 4923 1685 4975 ui
1705 4921 1756 4975 mi·

117 5129 161 5192 (ii)
185 5129 316 5184 Similiter
336 5130 414 5183 hunc
433 5129 535 5183 tibrum
555 5141 621 5182 cum
642 5125 746 5180 liulilnl
761 5127 892 5193 operibus
974 5126 1024 5190 (iri)
1038 5125 1122 5178 Hunc
1135 5125 1267 5191 vigilium
1279 5125 1420 5177 Pamelins
1432 5124 1627 5178 'tridentinum
1642 5126 1754 5190 episco-

93 5197 216 5252 debimns.
231 5201 304 5253 lton.
942 5213 1009 5266 pum
1028 5200 1115 5250 luisse
1137 5199 1267 5263 conjicit;
1289 5199 1349 5262 sed,
1364 5197 1438 5264 qnod
1459 5197 1557 5249 Celsus
1578 5197 1681 5263 Vigilio
1704 5211 1755 5250 suo

118 5273 161 5332 ira)
176 5273 279 5324 Betuzii
297 5277 355 5325 not.
372 5287 399 5334 o,
419 5273 448 5324 ln
463 5272 602 5337 Anonymi
619 5271 721 5323 librum
743 5270 775 5322 ds
791 5269 891 5334 Deiop-
942 5271 976 5323 de
988 5272 1082 5322 tuturo
1096 5271 1228 5336 martyrio
1249 5269 1410 5336 gratuletur,
1425 5281 1546 5333 eumque
1559 5269 1597 5320 eit
1617 5269 1667 5321 Dei
1684 5271 1756 5334 jndi-

93 5341 191 5404 timon,
206 5357 268 5408 pag.
281 5345 329 5396 735
343 5344 409 5396 edit.
423 5340 521 5396 Venei.
540 5343 609 5394 itte.
942 5343 985 5394 cio
1000 5345 1148 5405 martyrem
1164 5341 1332 5394 destinatum
1346 5341 1441 5404 inisse,
1456 5353 1522 5392 cum
1539 5339 1660 5390 mirabili
1673 5341 1755 5392 modo

117 5411 161 5476 itii
175 5413 245 5466 Vide
259 5420 323 5466 tom.
338 5415 459 5480 praeced.
941 5414 1089 5478 episcopos
1117 5413 1286 5465 constitutus
1314 5416 1375 5476 est;
1403 5411 1433 5463 id
1457 5411 1560 5478 Vigilio
1594 5409 1756 5464 Tridentino

118 5482 163 5546 iro)
183 5483 285 5536 heran.
308 5487 336 5536 in
366 5486 422 5536 Vita
443 5485 470 5536 8.
491 5482 629 5549 cypriani,
648 5482 722 5548 μδ,
738 5495 799 5549 png.
825 5482 889 5544 ¹¹⁷3
941 5485 1026 5550 aptari
1038 5498 1094 5534 non
1108 5488 1198 5550 potest
1210 5501 1217 5547 ;
1227 5497 1310 5550 quem
1322 5483 1426 5536 saeculo
1439 5487 1595 5538 rvexeunte
1606 5483 1632 5533 ln
1644 5495 1754 5534 summa

93 5553 197 5609 Gelani.
217 5559 338 5612 Bibliotis.
359 5560 405 5612 ss.
427 5559 544 5621 Petrum,
567 5564 633 5611 torn.
655 5559 701 5620 lll,
725 5559 890 5624 prolegom..
941 5557 1076 5608 Ecclesia
1091 5569 1159 5621 pace
1179 5557 1319 5608 virentem
1340 5567 1423 5607 nemo
1443 5567 1492 5622 spe
1507 5558 1534 5607 et
1546 5555 1752 5622 exspectatione

94 5639 147 5692 pag.
158 5629 198 5694 23,
214 5636 242 5683 et
253 5631 362 5684 Welch.
376 5633 472 5684 Hister.
489 5632 537 5682 der
549 5633 665 5692 Kelesa,
681 5637 699 5682 t.
717 5631 751 5694 il,
765 5645 827 5698 pag.
845 5629 892 5681 368
941 5633 1091 5693 martyrem
1108 5627 1202 5680 dicere
1217 5628 1315 5693 potuit.

93 5711 161 5766 seqq.
973 5699 1022 5765 (Ἠ)
1034 5699 1135 5768 Duptn.
1154 5699 1220 5752 Diti.
1234 5701 1354 5760 Auctor,
1372 5697 1473 5763 tom.1,
1488 5711 1549 5766 pag.
1562 5697 1609 5751 iti
1624 5695 1686 5751 edit.
1703 5696 1749 5750 tots

121 5773 167 5836 (it)
178 5775 241 5828 vid.
256 5777 317 5832 illst.
335 5776 451 5844 risone.
468 5778 564 5840 enlin,
580 5781 646 5831 tom.
666 5777 687 5844 1,
707 5775 741 5832 de
763 5775 891 5831 Aristone
942 5771 1038 5827 Goion.

95 5841 194 5916 telles,
209 5849 283 5904 artic.
297 5863 325 5918 n,
337 5865 399 5920 pag.
412 5851 469 5916 ³86,
481 5849 536 5904 tus.
