3986 6208
81 277 118 328 iii
582 261 683 326 LIBER
704 269 748 325 on
768 267 880 324 OPERE
900 265 941 322 ET
961 257 1200 322 Etttttositiis.
1683 262 1734 322 bii
1814 337 1816 344 Ι

78 397 136 466 qnod
151 396 191 450 itii
204 395 309 464 plactis
332 401 356 449 ot
375 395 441 464 filiis
457 395 511 448 tuis
529 393 632 447 misnia
647 397 676 450 ai
689 394 795 460 ferirent
803 391 864 460 ias·
878 401 1072 474 Aprorccnre
1089 389 1231 444 dicentem
1246 405 1253 442 ε
1270 407 1285 437 c
1299 387 1358 458 ligo
1382 403 1434 458 pro
1456 386 1518 442 istis
1536 403 1606 459 quos
1620 403 1734 444 mecum

77 495 151 546 titiam
173 495 196 544 et
218 490 401 558 eleemosynas,
426 493 452 543 et
473 489 526 542 sint
547 501 672 542 memores
697 490 760 548 Dei,
783 491 808 542 et
828 487 868 540 tc·
919 483 994 537 rides
1017 499 1069 537 ncc
1091 482 1186 552 alapas
1207 481 1312 551 accepi,
1333 497 1385 535 nec
1402 481 1516 552 flagella
1536 483 1668 550 sustinui,
1684 497 1737 538 nec

75 586 182 638 iredicant
204 599 297 638 nemen
317 583 372 652 ejus
394 584 467 638 omni
492 587 607 651 tempore
632 581 718 649 (Tot,
743 597 798 646 arv,
823 583 866 650 iii,
919 574 1734 648 crncempertnli,nccsanguinemindi,neciamilian1

78 681 117 747 di.
141 677 307 732 utiterum:
330 677 457 732 Omnibus
480 677 659 731 diebusvitae
680 679 742 738 tuae,
763 676 805 744 tili
826 675 868 728 rti-
918 687 1013 726 meam
1029 670 1121 742 pretio
1136 669 1274 741 passionis
1292 672 1321 724 et
1342 669 1452 724 cruoris
1473 669 1599 738 redemi,
1614 671 1665 726 sed
1681 687 1734 726 nec

76 773 201 834 lectissime,
226 773 308 825 Deum
332 772 363 825 in
387 776 474 826 mente
497 769 574 836 babo,
599 774 624 824 et
648 769 705 824 noli
727 769 868 838 preterire
918 779 1038 836 regnum
1060 763 1114 818 iliis
1136 765 1250 818 coeleste
1270 762 1417 834 promitto,
1441 777 1494 818 nec
1516 763 1552 819 ad
1567 765 1734 836 paradisum

72 871 186 937 precepta
212 865 277 934 eius.
297 866 437 920 Iustitiam
456 867 502 932 scic
529 864 654 918 omnibus
683 863 777 918 diebus
803 865 868 916 vita
918 859 1046 913 restituta
1070 857 1281 912 immortalitate
1306 856 1539 925 dominicium,
1562 863 1592 913 et
1615 875 1736 915 munera

73 966 121 1020 toa.
144 966 167 1014 et
188 959 244 1013 noli
269 959 409 1013 ambulare
430 960 504 1012 oiim
527 959 685 1028 iniquilatis
708 972 715 1010 :
739 959 867 1027 qiccniam
919 951 989 1006 mibi
1016 967 1102 1022 qnam
1128 950 1260 1022 pretiosa,
1281 967 1367 1022 qnam
1390 952 1518 1021 grandia,
1541 967 1626 1022 quam
1648 953 1736 1008 nimio

72 1058 148 1123 canite
160 1057 183 1108 te
196 1069 230 1108 ca
248 1055 370 1122 ueritate,
391 1054 444 1107 crit
462 1056 598 1122 respectus
617 1063 727 1122 operum
747 1054 865 1105 tuorum.
918 1051 946 1100 et
967 1046 1051 1116 longo
1076 1045 1175 1099 labore
1196 1044 1327 1116 quesita,
1342 1043 1595 1115 sumptuosissimis
1615 1061 1735 1117 appara—

72 1147 258 1202 insubstantia
275 1153 322 1202 trrrr
333 1148 381 1216 sac
399 1147 605 1214 eleemosynam,
619 1152 644 1201 et
668 1145 727 1200 noli
746 1149 867 1199 ‹comtes-e
917 1139 992 1194 tibus
1005 1143 1184 1210 comparant,
1199 1139 1282 1194 rebus
1296 1137 1353 1193 snis
1371 1140 1412 1193 vel
1427 1138 1560 1211 obligatis
1577 1139 1608 1194 in
1631 1155 1736 1195 mune-

70 1244 150 1308 iacicm
170 1245 245 1296 trram
266 1242 300 1295 ab
327 1241 384 1296 ullo
407 1256 536 1311 paupere.
551 1242 595 1295 lto
614 1243 659 1308 liet
682 1245 714 1294 ut
733 1253 781 1294 nec
804 1255 821 1292 a
843 1245 867 1293 ie
917 1232 955 1288 ris
968 1234 1179 1304 comparatione
1194 1234 1237 1288 vel
1255 1232 1395 1288 venditis:
1415 1249 1447 1288 ac
1468 1233 1522 1288 nisi
1545 1233 1630 1291 editio
1649 1233 1736 1294 hone·

71 1341 192 1390 cantalar
213 1337 298 1402 {acics
319 1337 375 1390 liei.
397 1336 480 1390 Proui
507 1334 648 1396 habueris,
668 1333 720 1402 pli,
743 1335 782 1387 sie
808 1335 864 1400 sac.
917 1332 961 1382 sta
984 1326 1149 1382 successerit
1173 1327 1205 1395 ¹¹,
1233 1326 1368 1381 corrriciis
1394 1343 1426 1381 ac
1454 1326 1541 1382 sibilis
1569 1327 1735 1400 ejiciuntur,

71 1430 94 1484 Si
115 1429 159 1482 tibi
177 1430 262 1496 firmil
284 1431 391 1500 copiosa
415 1429 581 1494 substantie,
601 1427 668 1497 plus
689 1441 723 1482 esc
744 1427 795 1480 iila
818 1427 866 1493 sac
917 1421 1057 1476 etiurore
1077 1421 1209 1494 populari
1230 1437 1439 1492 nonnunquam
1461 1437 1536 1492 pene
1559 1423 1734 1494 lapidantur,
1793 1411 1800 1424 ’

70 1524 242 1592 decumanum
263 1541 272 1578 ε
297 1525 322 1578 si
347 1525 476 1592 cuiquam
502 1521 648 1590 iniussu,
676 1535 709 1576 ea
735 1521 784 1576 boc
807 1523 866 1590 ipsc
916 1516 989 1570 Titos
1014 1515 1084 1570 mles
1110 1514 1299 1582 numerarios,
1324 1514 1446 1582 Christo,
1470 1515 1638 1572 demonstra
1666 1517 1734 1588 (ts),

72 1619 149 1686 ceiam
185 1619 363 1672 communica.
400 1620 433 1672 Et
472 1631 505 1671 ne
543 1617 663 1670 timueris
700 1631 759 1670 cum
795 1616 866 1682 sacis
917 1609 978 1664 illos
999 1609 1100 1664 divites
1112 1610 1146 1676 ¹³,
1160 1608 1222 1663 ilios
1244 1609 1365 1680 copiosis
1391 1609 1493 1680 opibus
1516 1609 1678 1678 affluentes,
1699 1628 1735 1666 an

71 1712 262 1780 eleemosynam
283 1713 424 1782 premium
438 1711 509 1765 enim
532 1709 628 1765 bonum
641 1711 747 1780 reponis
768 1709 819 1763 tibi
836 1712 865 1764 in
917 1703 946 1758 in
970 1703 1090 1758 Ecclesia
1117 1702 1286 1775 praesidente
1311 1707 1339 1758 ct
1365 1708 1510 1774 spectante
1537 1709 1564 1760 te
1589 1705 1733 1776 ejusmodi

71 1805 125 1858 diem
143 1808 314 1868 necessitatis,
335 1807 402 1876 quia
423 1805 588 1873 eleemosyna
611 1819 628 1858 o
649 1808 732 1858 morte
757 1805 864 1870 liberat,
877 1772 904 1844 Β
917 1813 1022 1852 muniis
1050 1797 1156 1865 edant,
1184 1796 1381 1868 oppigneratis
1406 1797 1453 1852 vcl
1477 1797 1617 1854 distractis
1644 1799 1730 1854 rebus

70 1905 142 1954 elnon
154 1902 263 1968 patitur
277 1901 316 1954 ire
339 1901 370 1953 in
389 1899 534 1968 cebennam
550 1899 571 1952 ⁸.
591 1901 688 1954 Munus
709 1899 865 1953 benamesi
916 1891 983 1960 suis,
998 1892 1055 1946 imo
1070 1891 1106 1946 ad
1126 1892 1252 1946 caelestes
1273 1891 1420 1946 thesauros
1443 1895 1552 1946 mulcta
1577 1891 1605 1946 in
1628 1893 1733 1948 melius

70 1993 210 2062 elemosyna
228 1994 354 2049 omnibns
375 1994 425 2063 qui
442 1993 553 2058 sumunt
571 2007 629 2048 eam
652 2007 743 2047 corirm
763 2007 866 2047 summo
916 1985 1095 2058 possessione
1123 1984 1276 2040 translatis.
1306 1987 1336 2040 ln
1365 1984 1426 2038 istis
1458 1985 1626 2040 muneribus
1660 1988 1731 2042 meis

71 2088 110 2140 lico
122 2088 207 2156 ilat„
223 2103 262 2150 iv,
278 2086 364 2156 etot.
917 2079 1031 2135 caducis
1046 2085 1129 2150 atquc
1148 2079 1268 2134 terrenis
1287 2095 1372 2135 nemo
1393 2079 1528 2150 pascitur,
1544 2097 1628 2135 nemo
1648 2082 1735 2136 vesti·

97 2180 152 2235 xxi.
167 2182 253 2246 Quale
278 2197 383 2236 nsunus
403 2183 454 2248 est,
476 2181 580 2234 iratres
596 2179 763 2246 charissimi,
787 2179 867 2250 cnjus
916 2178 973 2242 tur,
988 2189 1074 2229 nemo
1089 2173 1145 2228 cibi
1158 2173 1278 2246 alicirjus
1289 2175 1442 2246 autpotius
1452 2173 1554 2230 solatio
1566 2175 1733 2231 sustinetur.

71 2273 231 2330 editicllteo
254 2278 402 2346 spectante
422 2274 600 2329 celebraturi
614 2274 643 2329 Si
664 2275 693 2328 in
717 2273 866 2345 gentilinm
917 2271 1024 2325 Cuncta
1046 2267 1122 2322 inter
1145 2268 1272 2322 iurarem
1298 2267 1408 2323 edentis
1432 2273 1458 2323 et
1484 2269 1636 2339 spectantis
1661 2285 1736 2325 erro·

72 2383 169 2423 munere
184 2369 296 2440 grande
318 2374 345 2424 ct
368 2369 525 2440 gloriosum
549 2367 662 2423 videtur
684 2368 867 2440 proconsules
918 2377 979 2416 reni
1008 2360 1129 2432 prodiga
1157 2367 1185 2416 ct
1211 2363 1298 2416 stulta
1328 2362 1505 2432 voluptatum
1537 2364 1735 2419 frustrantium

72 2463 104 2514 rei
122 2463 304 2534 imperatores
321 2463 427 2518 habere
444 2465 598 2532 presentes
614 2461 680 2533 (it),
696 2465 725 2517 ei
746 2478 868 2533 appara·
918 2457 1041 2510 vanitate
1056 2454 1226 2527 depereunt.
1243 2455 1301 2510 illic
1324 2455 1352 2510 in
1374 2455 1548 2528 pauperibus
1563 2457 1619 2512 tuis
1638 2461 1668 2512 tu
1688 2473 1736 2513 ve·

71 2559 105 2607 tas
120 2572 148 2609 ac
161 2563 293 2628 sumptus
312 2557 388 2628 apud
408 2555 585 2611 munerarios
603 2555 659 2629 (43)
679 2556 769 2627 major
783 2561 825 2611 est
838 2559 868 2610 ut
918 2551 993 2606 stiris
1013 2555 1042 2604 et
1063 2549 1196 2622 pasceris,
1222 2549 1251 2604 in
1275 2554 1410 2604 aternam
1436 2550 1523 2606 vitam
1547 2553 1735 2623 operantibus

72 2649 160 2717 possint
172 2649 284 2721 placere
297 2649 464 2721 majoribus,
478 2651 586 2720 quanto
606 2649 745 2704 illustrior
766 2665 866 2704 mune·
918 2643 1077 2716 polliceris;
1094 2650 1122 2698 et
1136 2644 1180 2698 vix
1196 2643 1237 2698 tui
1252 2643 1324 2698 meis
1336 2644 1521 2714 perstantibus
1539 2647 1562 2681 ¹⁴
1579 2646 1733 2717 adaequan-

73 2741 101 2794 ris
110 2747 133 2795 et
144 2744 231 2814 major
243 2749 288 2798 cst
300 2744 388 2815 gloria
398 2744 487 2798 Deum
500 2746 528 2798 et
540 2743 683 2798 Christum
695 2748 867 2815 spectatores
918 2743 975 2806 tur,
993 2738 1042 2810 qui
1058 2754 1074 2792 a
1088 2741 1117 2792 ta
1131 2735 1232 2792 divinis
1246 2737 1425 2793 mercedibus
1440 2743 1468 2794 ct
1480 2739 1605 2810 premiis
1619 2740 1739 2795 coelcsti-

72 2833 175 2891 habero!
193 2837 306 2901 Ouanto
330 2834 426 2910 618
447 2836 509 2891 istic
530 2842 558 2891 ci
582 2839 732 2907 apparatus
754 2835 869 2891 uberior
918 2833 970 2888 bus
984 2832 1174 2887 honorantur.

9 2945 10 2956 ¹
72 2933 220 3002 asumptus
235 2931 345 3002 largiar
359 2929 536 2986 exhibendus
550 2936 592 2985 est
606 2929 653 2984 nbi
666 2929 701 2984 ad
714 2935 863 3002 spectacu-
954 2924 1050 3000 619
1069 2925 1160 2982 iiliitl.
1177 2923 1250 2990 Ouid
1267 2925 1303 2980 ad
1322 2926 1383 2981 bac
1398 2927 1616 2998 respondemus,
1632 2929 1734 2986 iratres

72 3023 301 3080 lnmccnrcniunt
320 3025 455 3080 coelorum
476 3024 610 3094 Virtutes,
625 3025 798 3079 conveniant
817 3041 866 3080 an·
919 3019 1099 3076 charissimi?
1124 3019 1267 3091 sacrilega
1292 3019 1438 3074 sterilitate
1457 3021 1478 3055 ¹³
1502 3025 1531 3077 et
1552 3023 1674 3095 quadam
1693 3027 1736 3080 te·

73 3118 115 3185 geli
126 3135 232 3188 ornnes,
248 3118 300 3174 nbi
317 3119 484 3174 munerario
499 3115 1073 3216 riarirquadrigevelconsu—Cnebrarum
1107 3117 1192 3168 nocte
1221 3115 1369 3185 coopertas
1396 3113 1516 3170 divitum
1545 3122 1656 3173 mentes
1682 3132 1738 3190 qua

9 3199 10 3240 ἒ
72 3209 129 3265 lalus
153 3215 269 3283 petitur,
286 3213 336 3268 sed
356 3214 414 3268 rita
430 3219 536 3268 aeterna
557 3215 718 3284 presumi,
734 3229 785 3268 nec
799 3230 864 3284 cap·
918 3209 1028 3266 reticere
1056 3207 1252 3276 deiendimus,
1278 3224 1334 3279 qne
1361 3208 1540 3264 exsiccatione
1565 3225 1735 3284 purgamus,

9 3315 10 3380 j
72 3306 131 3358 tatur
144 3309 234 3362 inanis
250 3311 282 3362 et
295 3307 487 3378 temporarius
501 3305 679 3378 iarorvnigi,
693 3306 742 3362 sed
763 3323 866 3378 perpe·
918 3303 967 3376 qui
981 3302 1087 3357 diaboli
1109 3302 1196 3356 servis
1219 3301 1347 3356 nrinorcs
1369 3317 1477 3371 sumus,
1494 3306 1526 3358 ul
1547 3303 1659 3360 Christo
1683 3321 1735 3377 pro

9 3419 10 3434 r
72 3403 137 3454 inum
151 3401 303 3472 praemium
321 3401 402 3472 regni
416 3399 536 3456 coelestis
550 3402 561 3436 ⁸
574 3400 728 3472 accipitur!
917 3397 1009 3469 pretio
1022 3395 1160 3468 passionis
1177 3400 1205 3450 et
1217 3395 1364 3468 sanguinis
1378 3395 1468 3452 vicem
1487 3413 1540 3453 nec
1562 3398 1592 3453 in
1617 3399 1737 3454 modicis

9 3651 10 3656 ἵ
73 3589 214 3645 nummaria
240 3588 315 3660 nihii
340 3589 412 3644 circa
437 3589 561 3644 fructum
587 3589 684 3645 salutis
717 3593 868 3661 operantes
918 3601 1014 3639 servos
1034 3599 1099 3638 sncs
1122 3585 1268 3656 oporteret
1289 3582 1434 3654 instruxit,
1456 3585 1640 3657 operantibus
1661 3603 1736 3658 prae-
1838 3579 1842 3588 ’

96 3493 163 3548 iili.
184 3497 290 3568 Atque,
314 3498 346 3549 nt
366 3494 462 3566 pigros
485 3501 513 3551 et
532 3495 639 3550 steriles
660 3501 689 3552 et
711 3495 867 3567 cupiditate
918 3490 1132 3563 rependamus?
1146 3491 1288 3561 Praecepta
1309 3488 1354 3544 iile
1368 3489 1550 3558 nobisdedil,
1563 3491 1737 3564 quidfacere

74 3683 145 3752 magis
173 3684 303 3755 pudeat,
336 3689 366 3737 nt
396 3683 459 3754 pius
491 3683 695 3738 conscientiam
725 3683 867 3739 sordidam
920 3679 1011 3733 mium
1032 3677 1183 3750 pollicitus,
1205 3683 1232 3733 ct
1252 3677 1422 3750 supplicium
1446 3679 1592 3735 sterilibus
1613 3681 1735 3736 cornmi-

73 3773 196 3832 dciecaris
209 3795 242 3833 ac
266 3777 451 3848 turpitudinis
465 3794 523 3832 suae
537 3778 625 3832 rubor
640 3777 730 3833 caedat
743 3779 764 3846 ⁹,
785 3786 872 3849 ponat
921 3777 1015 3837 natus,
1030 3772 1202 3826 sententiam
1227 3787 1304 3826 suam
1326 3772 1453 3842 protulit,
1473 3773 1541 3845 qnid
1559 3775 1737 3844 judicaturos

9 3877 10 3896 ³
73 3872 244 3944 unnsquisque
263 3871 320 3943 (ab)
343 3877 408 3927 anie
430 3872 526 3928 oculos
548 3887 615 3926 siros
636 3871 781 3927 diabolum
806 3887 870 3926 crim
921 3868 957 3922 sit
970 3870 1037 3922 ante
1051 3865 1189 3938 praedixit.
1206 3865 1274 3930 Qum
1291 3870 1383 3937 potest
1397 3868 1539 3923 excusatio
1555 3869 1577 3904 ¹⁶
1597 3883 1657 3924 csse
1681 3885 1737 3926 ces·

9 3947 11 4008 ἷ
72 3964 140 4017 serris
159 3967 215 4020 suis
238 3967 276 4032 ¹⁰,
297 3965 326 4019 id
352 3970 395 4021 est
420 3982 484 4020 cam
508 3966 615 4039 populo
641 3959 809 4037 perditionis
835 3979 867 4020 sc
920 3961 1004 4030 santi,
1019 3977 1083 4033 qnae
1103 3959 1231 4015 defensio
1244 3959 1343 4028 sterili,
1361 3959 1414 4015 nisi
1430 3961 1507 4032 quod
1532 3978 1591 4018 non
1612 3963 1736 4018 iaciente

73 4059 165 4127 martis,
191 4061 219 4114 in
245 4057 378 4114 medium
406 4058 545 4131 prosilire,
574 4059 688 4131 plebem
711 4059 815 4115 Christi
834 4060 869 4127 ¹¹,
920 4073 1002 4112 servo
1027 4053 1105 4127 qnod
1131 4054 1153 4089 ¹⁷
1179 4053 1354 4124 precipitur,
1384 4055 1521 4110 [lominus
1549 4055 1636 4116 saciet
1661 4058 1737 4128 quod

72 4159 232 4218 presentari
249 4153 399 4225 judicante
419 4153 491 4225 ipso,
505 4153 725 4226 comparationis
739 4158 870 4208 examine
922 4151 1056 4217 minatur,
1083 4147 1133 4220 qui
1155 4151 1185 4202 et
1205 4147 1294 4203 dicit:
1313 4147 1378 4204 Cum
1400 4151 1502 4204 amerit
1521 4149 1605 4206 Filius
1624 4151 1737 4207 bominis

750 4333 855 4399 Variae
876 4331 1046 4397 lectiones.

95 4479 149 4532 ⁸Sic
161 4486 190 4535 tn
202 4487 284 4538 West.
302 4490 319 4536 Α
325 4503 346 4537 r.
362 4488 423 4538 Bru.
438 4491 505 4539 Pam.
517 4489 571 4539 ΝΟ.
585 4494 609 4538 t.
622 4489 703 4540 Saris.
727 4485 793 4537 Voss.
805 4491 829 4535 a.
852 4485 923 4535 Lam.
941 4482 1002 4534 aaa.
1017 4483 1042 4545 l,
1062 4487 1086 4542 t,
1107 4487 1131 4545 e,
1145 4487 1167 4533 i.
1185 4485 1243 4534 Ver.
1257 4481 1420 4534 Gehennam
1434 4482 1516 4544 lmpr.
1550 4479 1559 4513 ⁷
1572 4480 1659 4545 Cujus
1673 4496 1740 4545 prce·

73 4548 197 4606 hitioiiod.
226 4560 248 4607 1.
285 4557 682 4624 enccoeiesrsrcgnnmcsn.
717 4557 835 4609 ⁹Rubcr
860 4555 1139 4607 accedatPem.Voss.
1158 4557 1179 4606 t.
1219 4555 1238 4585 ¹⁰
1259 4553 1410 4605 Diabolum
1427 4566 1492 4603 curn
1508 4552 1613 4615 angelis
1633 4552 1737 4603 Vesci.

74 4623 350 4693 ''Christopraesente
381 4631 447 4678 Voss.
472 4627 776 4689 immmenso.
813 4631 831 4661 ¹¹
855 4626 1012 4678 accesserit
1041 4627 1122 4677 Sacis.
1161 4624 1475 4676 '¹Demonsiranirites
1498 4625 1543 4673 Ar.
1570 4623 1735 4673 Westlam.

73 4691 133 4742 ilar.
150 4697 227 4747 saria
243 4700 302 4750 flod
324 4701 457 4760 t,a,e,i.
496 4703 514 4732 ⁴⁴
531 4699 849 4765 Meisperdentibnsir.
870 4700 950 4750 Wrst.
967 4698 1022 4748 lind
1042 4701 1063 4746 t.
1090 4699 1143 4747 Ver,
1159 4697 1233 4748 corb.
1253 4696 1400 4746 Man.ttor.
1437 4693 1623 4758 “sacrilegas
1638 4693 1738 4743 sterili·

74 4767 127 4814 tates
138 4769 201 4820 tnnc.
215 4771 280 4821 aaa.
297 4775 322 4828 t,
339 4775 350 4821 i
369 4773 425 4822 Ver.
463 4773 481 4804 ¹⁶
500 4771 569 4834 Qnae
581 4777 671 4837 potest
684 4784 745 4824 esse
754 4769 878 4822 defensio
888 4770 971 4821 saris.
989 4771 1054 4819 Voss.
1067 4770 1088 4818 1.
1102 4767 1166 4818 bod.
1182 4768 1206 4828 1,
1217 4767 1241 4830 t,
1253 4767 1277 4829 3,
1290 4767 1313 4816 l.
1351 4763 1370 4797 ⁴⁷
1383 4763 1470 4816 Servo
1484 4763 1602 4829 quiquid
1617 4764 1678 4813 otii.

706 4920 818 5004 Steph.
839 4919 962 4984 leuzii
984 4923 1082 4983 notae.

98 5047 131 5106 ili
159 5053 329 5115 imperatores
350 5054 445 5107 babere
464 5062 611 5120 presentes.
631 5057 720 5120 Supra
743 5057 821 5121 epist.
842 5055 1037 5141 &Drinensis
1057 5051 1208 5104 Homiliam
1229 5052 1257 5100 in
1271 5049 1371 5115 cipiliis
1386 5047 1493 5100 Natalis
1516 5045 1632 5098 Domini.
1649 5045 1739 5109 Quin·

74 5127 116 5180 pag
143 5123 177 5184 ii,
203 5125 330 5176 (lirratus
354 5126 457 5178 dicitnr
481 5127 602 5179 adfuisse
627 5128 772 5178 certamini
791 5141 866 5177 mar·
918 5124 1100 5188 titianuslib.
1118 5135 1176 5184 vnr,
1198 5136 1258 5186 cap.
1280 5123 1304 5182 3,
1327 5119 1411 5172 tradit
1436 5122 1594 5184 angustum
1616 5119 1739 5182 primum

75 5189 158 5248 tirritu.
179 5195 336 5260 Cassianus,
353 5198 400 5248 lib.
414 5212 453 5255 v1.
473 5211 534 5262 cnp.
548 5199 582 5248 b:
606 5214 622 5248 a
640 5200 777 5248 Dominus
799 5212 867 5262 pug·
918 5198 1064 5262 fuissequi
1078 5196 1150 5246 dixit
1162 5193 1354 5244 munerarium.

74 5267 125 5340 narn
157 5269 315 5319 certaminis
350 5272 436 5320 nostri
460 5272 563 5335 jugiter
586 5275 701 5334 spectet.
728 5288 741 5316 s
766 5273 870 5321 Auctor
951 5270 1000 5332 (a)
1025 5267 1111 5319 Ponat
1134 5264 1327 5330 unnsquisque.
1352 5263 1404 5314 Hic
1427 5262 1508 5313 locus
1529 5260 1647 5312 refertur
1668 5261 1742 5327 sputi

74 5325 186 5393 Epistola
200 5339 237 5388 mi
254 5341 454 5401 Demetriadem,
468 5343 541 5392 inter
556 5355 639 5406 opera
659 5343 747 5393 sancti
770 5341 869 5393 Hiero·
920 5345 1047 5392 sanctum
1066 5339 1254 5402 Augustianis
1278 5335 1325 5386 lib.
1347 5347 1382 5397 iv,
1403 5337 1500 5386 contra
1519 5331 1587 5384 diras
1609 5333 1741 5398 spatulas

76 5406 137 5462 tymi
152 5422 156 5454 :
171 5409 271 5460 «Huic
286 5416 360 5462 tanto
375 5413 534 5477 spectaculo
548 5413 611 5465 ride
631 5427 714 5478 quem
735 5414 869 5474 animum,
920 5411 1135 5476 Pelopidam-um,
1147 5423 1208 5473 cap.
1225 5409 1249 5458 8.

75 5483 142 5552 illim
163 5480 265 5532 debeas
283 5483 379 5534 afferro
403 5484 542 5544 virtutem,
562 5488 588 5536 et
615 5485 775 5536 certaminis
797 5497 868 5548 meg·
953 5483 1001 5547 (ii)
1026 5483 1187 5532 Demomtra.
1209 5479 1308 5529 Postea
1334 5477 1459 5539 sequitur
1480 5477 1508 5526 in
1533 5475 1656 5526 editione
1683 5475 1741 5526 ida·

75 5547 212 5602 citudinem
225 5553 458 5618 despectantium
472 5555 606 5618 dignitate
622 5555 727 5605 metire.
742 5572 755 5600 n
921 5556 1045 5614 nutiann,
1068 5569 1081 5598 u
1104 5553 1252 5615 Praeceptis
1274 5549 1329 5599 tuis
1351 5549 1475 5598 munitos
1495 5551 1523 5598 ot
1547 5560 1596 5610 pro
1620 5548 1741 5596 terrenis

102 5617 142 5678 (Β)
158 5623 330 5676 bianum-ios.
349 5627 538 5690 Hieronymus
553 5627 581 5676 in
599 5626 722 5692 Epistola
738 5627 773 5676 art
791 5625 871 5675 Pani-
922 5625 1045 5678 coeiestin
1060 5627 1231 5688 recepturos.
1245 5640 1258 5666 s
1275 5622 1311 5670 nt
1325 5633 1375 5684 ego
1386 5633 1451 5670 enm
1465 5617 1590 5669 Moreliio
1601 5629 1740 5681 expungo,

77 5691 188 5742 nortiam
211 5695 246 5745 de
274 5697 445 5748 Dormitione
469 5699 593 5749 Pautinoe
620 5713 626 5746 :
653 5715 667 5743 s
698 5697 872 5748 Munerurius
922 5698 987 5762 quia
1003 5696 1050 5746 illa
1074 5707 1130 5745 uon
1147 5695 1241 5745 iuveni
1265 5693 1294 5743 in
1316 5692 1439 5755 antiquis
1461 5687 1631 5741 editionibus
1649 5697 1742 5750 neque

77 5767 212 5822 muneram
234 5771 262 5816 et
286 5769 426 5833 egentium
449 5768 622 5820 candidatus.
645 5784 661 5817 s
689 5769 759 5819 Vide
782 5767 872 5819 Sene-
922 5769 950 5820 in
976 5767 1033 5819 ullo
1058 5779 1154 5818 eorum
1180 5769 1307 5816 veterum
1328 5763 1530 5827 exemplarium
1553 5759 1656 5824 quibus
1674 5769 1741 5808 ustis

78 5837 136 5894 tem,
156 5834 200 5886 lib.
219 5849 238 5888 u
262 5837 294 5890 dc
310 5839 453 5908 metetis,
466 5854 527 5908 cap.
547 5841 588 5905 ti,
608 5845 636 5893 et
660 5840 772 5892 ttaximi
795 5840 873 5891 Tau·
923 5853 996 5902 snm,
1011 5837 1246 5892 etdesnntetism
1262 5836 1290 5887 in
1303 5847 1404 5886 novom
1418 5831 1589 5900 anglicanis.
