4090 6188
254 281 325 388 lon
421 357 423 370 ·
732 319 835 416 naua.
855 281 1034 378 rosunum
1052 315 1204 376 ormam.
1223 281 1381 374 curasan.
1400 315 1446 374 ιιι.
1851 283 1911 381 ἰἰιι

259 415 316 532 qui.
331 409 524 510 conditionem
549 447 584 505 de
612 447 684 504 iacto
711 463 769 504 non
797 447 973 520 praetiterit,
998 459 1068 516 quo·
1122 444 1197 512 suut,
1214 446 1242 496 et
1265 457 1330 514 qum
1355 413 1408 496 hoc
1434 440 1495 512 ipso
1518 417 1638 495 consilio
1660 437 1784 508 instituta
1805 448 1866 500 sunt
1885 454 1913 504 ut

258 564 381 620 cumque
408 547 523 602 tandem
552 559 649 599 rarum
675 547 778 600 eventu
802 541 888 597 fuerit
914 539 1069 611 impeditus
1122 536 1266 610 passiones
1293 539 1401 591 nostras
1427 536 1637 607 repraesentent
1659 538 1742 606 etque
1765 538 1911 610 spondeant,
2001 539 2002 554 ¹

259 649 301 699 est
320 640 436 696 omnino
452 639 653 694 certissimum.
677 640 707 693 ln
730 637 784 691 illis
804 637 961 708 presertim
983 634 1073 706 pactis
1124 633 1153 686 ei
1165 645 1229 702 quae
1239 629 1289 684 Dei
1304 629 1390 684 etiam
1405 629 1556 684 nobiscum
1570 629 1807 700 paciscentissuul
1818 648 1914 705 quoque

258 737 350 792 adhuc
362 733 483 792 validius
498 731 628 806 procedit
645 732 847 803 argumentum
863 745 984 802 quorum
1005 745 1072 782 con·
1124 723 1249 796 symbola
1280 723 1437 794 sponsoris,
1463 723 1557 796 ipsum
1588 728 1736 796 praeterea,
1762 739 1810 795 pro
1831 733 1914 784 mutuo
2001 783 2002 796 ,

259 829 380 886 ditiones
402 845 461 883 non
484 829 550 881 scint
571 825 749 882 conditiones
769 824 922 878 dumtaxat
942 821 978 876 ad
998 821 1072 877 arbi·
1124 818 1197 891 pacti
1213 818 1290 890 jure,
1304 817 1338 872 ad
1360 817 1526 891 prestanda
1547 833 1582 872 aa
1601 833 1665 890 quae
1682 817 1812 889 symbolis
1831 836 1916 892 reprae-
2001 801 2002 818 ¹

257 924 347 979 trium
361 919 759 994 imponentisrequisitoe,sed
773 917 858 973 etiam
875 915 1074 990 dispositiones
1124 914 1274 968 sentantur
1294 911 1458 983 obligantis,
1483 927 1512 967 se
1535 927 1647 984 quoque
1667 915 1776 967 nostras
1793 915 1915 985 passiones
2001 917 2002 988 l

259 1035 294 1074 ex
318 1022 399 1088 parte
422 1015 542 1086 subiecti
560 1013 738 1070 necessariae.
756 1014 826 1068 Cum
847 1011 942 1082 itaque
961 1010 1074 1064 niallam
1124 1021 1177 1078 pro
1197 1005 1255 1061 suis
1276 1007 1454 1078 agniturum,
1476 1009 1504 1061 et
1522 1021 1573 1062 suo
1597 1006 1711 1074 merito,
1731 1021 1781 1062 sua
1803 1011 1914 1066 mercede
2001 1071 2002 1090 ,

258 1113 345 1183 hujus
359 1110 435 1182 pacti
447 1108 590 1165 redundet
602 1108 632 1163 iu
647 1109 737 1162 ileum
752 1105 934 1174 heuelicium,
949 1103 1075 1176 sequitur
1124 1107 1389 1172 compensaturum.
1424 1175 1426 1180 Ι

258 1221 446 1280 quascumque
468 1203 543 1257 Deus
557 1219 573 1256 a
588 1201 670 1257 nobis
693 1199 828 1271 postulat,
849 1215 882 1252 ea
904 1197 994 1253 nostri
1014 1212 1074 1252 esse

258 1316 342 1356 causa
362 1297 529 1364 necessaria,
549 1301 579 1352 ut
597 1293 719 1367 proinde
740 1293 769 1348 ni
792 1293 932 1365 postulata
954 1295 1074 1363 praeste-
1124 1288 1161 1343 tri
1176 1291 1272 1344 monto
1291 1294 1376 1361 alque
1390 1287 1539 1360 principiis
1552 1292 1721 1361 conceptam
1735 1291 1805 1346 hauc
1819 1309 1914 1350 omnem

259 1409 334 1461 mus,
344 1392 412 1464 ipsis
425 1385 798 1463 promissionumbenciiciis
809 1383 973 1442 obtinendis
985 1384 1075 1458 inepti
1124 1382 1211 1438 fuisse
1226 1382 1507 1454 argumentationem
1523 1382 1607 1438 facile
1628 1383 1769 1439 constabit
1787 1385 1809 1439 si
1826 1387 1916 1442 diversa

259 1485 416 1543 reddamur
428 1488 514 1556 atque
530 1482 703 1554 indisposiii.
1126 1475 1303 1532 diversarum
1319 1477 1532 1549 Scripturarum
1546 1483 1653 1534 asserta
1667 1479 1697 1534 in
1718 1495 1804 1534 uuuur
1818 1481 1914 1554 colliga-

296 1579 366 1652 524.
378 1609 412 1620 —
426 1577 534 1642 Quarto
552 1579 648 1648 itaque
665 1581 695 1631 ut
710 1575 905 1647 intelligemus
920 1591 982 1646 quae
994 1573 1075 1630 nobis
1124 1585 1189 1625 mus
1202 1570 1282 1642 quasi
1296 1569 1473 1627 fasciculum.
1490 1573 1702 1643 Repraesentari
1720 1574 1750 1628 in
1765 1573 1916 1647 primianus

257 1673 428 1730 incumbant
448 1672 477 1727 in
496 1671 551 1727 boc
572 1669 732 1742 baptismali
754 1671 836 1742 pacto
859 1668 1037 1724 conditiones
1059 1685 1075 1723 a
1124 1669 1203 1736 ham,
1223 1664 1254 1720 in
1278 1664 1418 1737 baptismo
1442 1681 1507 1721 eum
1533 1667 1646 1723 Christo
1671 1667 1827 1740 passionem
1845 1673 1915 1741 atque

259 1767 343 1824 nobis
358 1783 411 1840 pro
424 1770 521 1821 nostra
537 1765 615 1836 pacti
632 1770 716 1838 parte
731 1763 909 1836 praestandas,
924 1761 1073 1818 attenden-
1127 1762 1261 1824 mortam,
1275 1775 1329 1814 nec
1344 1761 1545 1832 representari
1565 1761 1662 1830 modu,
1679 1777 1778 1816 rerum
1798 1762 1873 1819 etiam
1886 1763 1916 1818 ila

261 1861 332 1917 dum
346 1865 389 1916 est
403 1877 467 1932 quae
485 1859 614 1931 symbola
627 1859 710 1914 sinte
724 1857 805 1913 nobis
817 1857 847 1912 in
861 1857 929 1930 ipsis
941 1857 1014 1929 pacti
1031 1873 1075 1911 so·
1086 1869 1114 1941 B
1127 1851 1337 1923 representari,
1352 1855 1460 1908 uicum
1476 1853 1581 1910 Christi
1594 1854 1727 1927 passione
1740 1860 1843 1910 nostras
1854 1857 1917 1910 uniat

259 1954 403 2010 lemnibus
422 1952 596 2019 adhibenda,
614 1958 643 2007 et
660 1951 729 2024 quid
744 1951 793 2007 illa
806 1951 944 2024 symbola,
961 1967 994 2006 ex
1014 1951 1075 2022 ipso
1126 1945 1338 2019 quodammodo
1357 1951 1386 2002 ei
1406 1963 1575 2004 communes
1590 1948 1740 2023 utriusque
1753 1949 1841 2018 iaciat,
1855 1955 1916 2006 serto

261 2048 312 2105 llei
323 2047 453 2104 instituto
468 2045 641 2120 significant,
654 2051 682 2102 et
696 2062 749 2118 pro
765 2045 876 2118 legibus
891 2043 1075 2116 significatio·
1126 2039 1161 2095 ad
1182 2041 1323 2096 Romanos
1346 2041 1437 2112 capite
1465 2041 1532 2098 salis
1557 2045 1657 2115 aperte
1682 2044 1764 2099 docet
1782 2045 1917 2116 Apostolus.

1160 1195 1234 1266 §ab
1251 1224 1285 1236 -
1303 1195 1337 1249 Et
1353 1210 1420 1248 aero
1436 1193 1659 1264 accrrratissime,
1677 1211 1728 1267 pro
1746 1197 1847 1253 Domini
1860 1215 1914 1254 uos·
2001 1189 2002 1194 ἵ

261 2142 306 2197 nis
318 2141 482 2213 symbolicas
495 2157 559 2213 quae
573 2139 620 2195 illa
631 2138 731 2195 saltem
748 2137 992 2210 elatesigebant.
1007 2139 1077 2202 Quae
1126 2134 1220 2191 Unam
1240 2149 1300 2190 esse
1320 2136 1447 2190 nostram
1463 2135 1624 2210 Christique
1645 2138 1806 2210 passionem
1826 2155 1856 2195 cx
1876 2137 1918 2193 illis
2001 2163 2002 2176 ι

262 2236 338 2293 euim
356 2234 482 2308 symbola
501 2234 531 2288 in
550 2233 627 2306 pacti
650 2231 825 2288 solemnibus
852 2234 1024 2304 usurpantur
1043 2246 1077 2287 ea
1127 2227 1190 2300 ejus
1206 2227 1301 2284 serbis
1322 2231 1455 2285 constat:
1476 2230 1580 2286 Mortui
1596 2245 1691 2288 sumus
1709 2249 1769 2288 cum
1787 2231 1886 2296 cbristo,
1896 2247 1917 2288 ι.

261 2345 319 2386 non
349 2327 530 2402 significandi
557 2327 714 2394 dumtaxat,
741 2325 790 2381 sed
817 2325 961 2398 obligandi
988 2326 1076 2380 etiam
1127 2323 1159 2392 8;
1182 2325 1266 2380 Vetus
1289 2323 1365 2378 bomo
1392 2327 1483 2380 noster
1505 2325 1588 2381 simut
1612 2329 1759 2397 emciptcru
1781 2331 1826 2396 est,
1849 2343 1871 2381 ι.
1891 2329 1916 2394 t;

206 2493 214 2506 Ι
262 2424 354 2496 gratis
375 2421 507 2478 instituta
525 2424 601 2477 sunt.
623 2421 751 2478 titenim
772 2423 951 2476 sacramenta
968 2419 1075 2488 omnia,
1128 2417 1285 2489 Consepulti
1303 2433 1395 2474 sumus
1417 2433 1478 2474 oum
1498 2433 1537 2486 eo,
1557 2436 1583 2475 s.
1605 2420 1633 2474 4.
1650 2421 1686 2476 Et
1708 2419 1820 2494 quidem
1834 2437 1919 2492 repre·

261 2519 318 2574 sire
332 2516 475 2590 mysteria,
491 2533 543 2588 pro
560 2515 647 2572 saeris
662 2515 814 2571 hominum
831 2530 896 2569 cum
910 2514 969 2568 [leo
986 2513 1076 2586 pactis
1127 2511 1290 2568 sentations
1311 2512 1435 2584 quadam
1457 2513 1491 2568 ad
1514 2513 1610 2569 vivum
1629 2516 1721 2570 totam
1737 2515 1807 2570 hanc
1824 2514 1920 2584 transigi

260 2610 448 2682 intelligenda
469 2611 546 2679 sunl,
562 2609 601 2664 ita
619 2611 648 2665 et
666 2609 696 2664 id
711 2607 783 2664 sacri
803 2607 897 2663 omnis
914 2606 1078 2662 commercii
1128 2605 1265 2660 unionem
1278 2605 1326 2660 illa
1338 2607 1481 2663 innuunt:
1494 2607 1852 2679 Cosnptuntutisuctisurnus
1863 2611 1920 2664 sini·

263 2705 421 2778 genuinum
442 2708 485 2759 est
506 2705 537 2759 ut
557 2703 711 2776 symbolice
734 2701 929 2774 potiusquam
950 2701 987 2755 ad
1000 2702 1076 2757 litte·
1128 2699 1246 2754 titudini
1263 2702 1359 2755 mortis
1376 2701 1440 2770 qus,
1457 2717 1484 2757 ι.
1505 2704 1531 2756 5.
1552 2701 1608 2757 Nec
1630 2701 1687 2757 alio
1708 2718 1791 2775 quam
1809 2702 1920 2774 baptismi

260 2817 335 2867 ram,
348 2797 534 2870 intelligenda
550 2797 617 2866 sint,
633 2813 687 2852 nec
700 2797 739 2852 ita
757 2796 862 2864 serbis,
880 2811 966 2867 quam
980 2795 1075 2865 rebus,
1129 2791 1242 2848 officio:
1260 2793 1306 2849 An
1328 2797 1464 2864 tenuatis
1486 2797 1553 2866 quic
1572 2798 1736 2868 quicumque
1754 2799 1876 2868 baptizoti
1887 2811 1920 2852 su·

154 2957 160 2969 ι
261 2908 359 2948 rerum
373 2896 472 2948 mmen
492 2891 612 2946 aliarum
628 2890 772 2962 symbolis,
787 2888 881 2944 officia
902 2889 951 2944 illa
971 2903 1076 2960 reprae-

263 2989 412 3042 senlentur
428 3001 491 3058 qum
512 2985 636 3056 partium
651 2985 727 3040 inter
743 2999 773 3038 se
791 2981 1012 3053 transigentium
1026 2983 1076 3036 ha-

263 3075 368 3131 bentur
382 3075 560 3146 obligatoria.
578 3075 647 3139 (luae
661 3075 757 3145 itaque
771 3071 906 3144 symbolis
920 3072 1076 3144 baptisma·

1128 2902 1188 2942 suan
1210 2889 1239 2942 in
1261 2887 1366 2943 Christo
1386 2890 1458 2954 Jcsu,
1484 2891 1514 2944 in
1536 2895 1622 2944 morte
1640 2892 1731 2961 ipsius
1754 2891 1874 2961 baptizoti
1887 2905 1920 2944 aa·

1128 2983 1210 3036 mus?
1225 2979 1384 3053 Consepulti
1394 2985 1466 3038 enirn
1480 2998 1571 3039 sumtis
1584 2999 1645 3039 cum
1662 2985 1712 3039 illo
1722 3001 1773 3056 pec
1786 2985 1920 3056 baptismum

1128 3077 1159 3130 in
1177 3081 1301 3139 martem,
1317 3092 1344 3130 ι.
1368 3079 1394 3144 3,
1413 3077 1439 3131 4.
1459 3077 1558 3149 Neque
1574 3093 1642 3132 sero
1660 3078 1730 3134 unio
1745 3079 1803 3134 sola
1821 3081 1846 3133 et
1858 3093 1920 3132 mera

261 3167 336 3224 libus
353 3168 550 3239 significantur
564 3183 597 3222 ea
609 3183 663 3223 nos
684 3167 827 3237 spondere
841 3183 858 3221 a
870 3167 951 3220 nobis
972 3165 1077 3220 deinde
1129 3168 1190 3224 haec
1210 3168 1341 3224 habenda
1356 3173 1408 3239 cst,
1427 3173 1456 3226 et
1470 3185 1535 3242 que
1550 3173 1612 3226 tota
1629 3170 1659 3226 in
1678 3171 1824 3227 hominum
1836 3169 1919 3242 imagi·

262 3262 424 3333 praestanda
448 3262 553 3316 virtrrte
575 3260 649 3333 pacti
671 3259 846 3332 baytismalis
866 3239 1117 3330 existimamini]
1132 3263 1250 3318 natione
1263 3266 1349 3335 atque
1363 3263 1552 3320 aestimatione
1565 3264 1722 3322 constituta
1736 3269 1786 3322 est.
1798 3263 1921 3320 Eamdiri·

266 3371 299 3409 oa
315 3372 330 3409 a
345 3356 427 3410 nobis
441 3355 567 3426 praestita
584 3355 632 3426 jus
644 3353 713 3408 inda
738 3353 819 3408 nobis
840 3353 949 3408 iaoirmi
969 3357 1000 3407 ul
1017 3368 1083 3424 pro·

265 3448 352 3502 missa
374 3448 469 3503 divina
483 3447 612 3518 ejusdem
625 3447 703 3511 pacti
725 3447 885 3518 evangelici
904 3435 1005 3504 viriute
1018 3446 1081 3502 vin·

265 3537 405 3591 dicemus.

1133 3371 1196 3413 mus
1214 3357 1337 3428 symboli
1351 3357 1490 3430 sponsorii
1504 3375 1563 3416 esse
1578 3363 1714 3416 uatrrram
1728 3363 1759 3416 ut
1771 3377 1825 3417 uua
1837 3361 1920 3416 inierat

1133 3451 1253 3523 legalem
1269 3451 1423 3523 quamdam
1437 3451 1640 3526 obligationem
1652 3471 1711 3526 qua
1723 3461 1814 3528 partes
1825 3455 1889 3510 iuter
1898 3469 1920 3507 se

1133 3544 1308 3617 paciscentes
1334 3551 1470 3617 praestare
1493 3547 1522 3602 id
1549 3549 1687 3604 teneatur
1715 3549 1789 3622 quod
1812 3545 1921 3622 symbolis

302 3641 377 3711 §25-
391 3670 426 3680 -
438 3639 543 3705 Quinto
561 3640 591 3695 in
614 3640 750 3712 symbolis
768 3641 904 3714 baptismi
929 3641 1018 3698 nostri
1040 3658 1082 3696 sa·
1131 3639 1375 3710 representarint.
1395 3641 1463 3697 inda
1481 3640 1513 3696 iit
1528 3647 1568 3712 ut,
1589 3643 1666 3716 quod
1684 3644 1744 3699 sola
1762 3642 1920 3700 similitudine

266 3731 445 3787 eramentalis
454 3731 640 3800 solemnibus,
651 3749 710 3787 non
725 3748 807 3804 aqum
821 3732 907 3787 solius
917 3733 1085 3804 baptismus·
1134 3732 1198 3788 lieri
1211 3749 1271 3789 non
1293 3734 1397 3807 potuit,
1416 3733 1498 3790 nobis
1515 3737 1612 3792 tamen
1633 3753 1666 3792 ex
1689 3737 1743 3794 hac
1763 3739 1821 3810 ipsa
1840 3751 1921 3808 repre·

266 3829 432 3898 denotatur,
448 3829 499 3884 sed
517 3831 603 3886 etiam
625 3829 673 3886 ille
688 3829 846 3903 sanguinis,
862 3847 962 3886 verum
983 3831 1022 3886 ita
1041 3831 1076 3886 de
1135 3827 1297 3884 sentations
1313 3828 1361 3900 jus
1381 3829 1526 3902 quoddam
1543 3830 1579 3886 ad
1599 3847 1660 3886 rem
1679 3831 1770 3904 ipsam
1788 3831 1921 3905 proveniet,

265 3928 427 3980 noteturut
444 3939 500 3980 uno
519 3923 678 3996 eodemque
695 3925 831 3998 symbolo,
847 3941 906 3980 uuo
926 3925 1083 3997 eodemque
1134 3937 1190 3993 quo
1204 3921 1345 3976 unionem
1364 3922 1457 3994 ipsam
1479 3923 1624 3980 internam
1644 3929 1673 3981 et
1693 3925 1836 3998 mysticam
1852 3921 1921 3978 sindi-

266 4019 420 4074 denotetur
432 4019 583 4086 elemento,
598 4023 630 4074 ut
651 4018 773 4091 proinde
791 4020 827 4074 ad
843 4035 945 4089 uuum,
965 4022 997 4074 ut
1012 4019 1082 4075 dixi·
1134 4029 1198 4070 care
1218 4031 1381 4088 possumus,
1401 4016 1520 4089 ejusque
1539 4017 1685 4074 beneficia.
1708 4021 1747 4076 lio
1765 4021 1822 4092 ipso
1840 4016 1922 4090 priuci-

267 4128 341 4182 mus,
356 4112 551 4184 eumdemque
565 4113 739 4183 baptismum
760 4113 904 4184 pertinere
926 4113 1085 4184 intelligem-
1133 4108 1181 4181 pio
1194 4107 1326 4165 nituntur
1337 4109 1366 4166 id
1385 4125 1476 4183 genus
1490 4111 1640 4168 ratiocinia
1655 4131 1661 4167 :
1677 4115 1710 4172 Si
1727 4116 1795 4170 eaba
1809 4111 1921 4182 complen-

266 4208 324 4259 tur.
342 4205 476 4274 Utenim‚
492 4221 557 4260 cum
571 4222 644 4278 aqua
658 4206 823 4276 adhibetur,
840 4208 1022 4279 peccatorum
1037 4206 1084 4262 de·
1133 4205 1188 4258 tuti
1209 4205 1280 4272 facti
1299 4219 1392 4260 sumus
1411 4205 1588 4262 similitudini
1609 4211 1704 4264 mortis
1727 4210 1797 4280 ejusr
1817 4206 1888 4264 siaiu
1903 4207 1921 4257 cl

269 4298 424 4354 sartionem
445 4297 624 4370 pollicemur,
640 4300 823 4371 futuramque
845 4300 910 4355 vitae
929 4300 1082 4356 sanctimo-
1133 4300 1335 4353 resurreetione
1356 4299 1464 4362 mimus,
1487 4315 1512 4352 ι.
1537 4303 1568 4367 53
1587 4303 1613 4356 si
1631 4306 1722 4357 uatem
1740 4303 1836 4358 monui
1851 4311 1922 4354 sunu

268 4392 350 4447 niam
364 4407 428 4464 quae
446 4395 561 4448 externo
579 4407 661 4464 aque
682 4393 809 4464 symbolo
823 4393 967 4466 satisapte
980 4409 1085 4466 reprea-
1134 4405 1195 4446 cuns
1223 4389 1342 4456 Christo,
1369 4393 1501 4450 credimus
1528 4397 1594 4465 quic
1618 4397 1700 4451 simul
1726 4397 1805 4452 ctiam
1828 4399 1922 4450 uicenos

269 4486 399 4541 sentalur
411 4501 418 4539 :
428 4485 540 4541 itacum
552 4485 582 4540 in
595 4503 699 4558 aquam
710 4486 906 4543 descendimus
919 4491 948 4544 ct
960 4487 1083 4543 vicissim
1134 4500 1194 4540 cum
1211 4485 1323 4555 cbristo,
1340 4501 1366 4541 v.
1386 4489 1412 4542 a.
1426 4485 1481 4544 Nec
1502 4487 1579 4544 enim
1599 4487 1634 4544 de
1653 4488 1709 4544 elia
1726 4492 1815 4546 morte
1831 4488 1870 4543 hic
1886 4481 1921 4555 agi

267 4595 302 4636 ex
317 4578 419 4634 eadem
434 4579 620 4651 emergimus,
640 4581 745 4637 Christi
757 4586 890 4652 mortem,
906 4581 1081 4653 sepulturam
1091 4612 1121 4686 D
1133 4596 1221 4654 quam
1236 4581 1330 4655 typica
1352 4583 1406 4639 hac
1425 4585 1511 4656 atqua
1534 4584 1689 4657 symbolica
1708 4585 1739 4640 in
1754 4585 1880 4658 baptismo
1890 4597 1921 4637 re·

267 4673 567 4746 resurrectionemque
590 4679 845 4746 representamus,
868 4691 978 4748 nosque
997 4675 1082 4731 etiam
1134 4679 1306 4748 praesentata
1326 4677 1387 4749 jam
1411 4677 1597 4735 ostendimus.
1620 4679 1659 4736 lla
1682 4685 1775 4736 morte
1796 4675 1921 4751 symbolica

269 4767 444 4839 spondemus
461 4767 564 4823 horum
584 4768 714 4824 omnium
730 4768 893 4841 participes,
910 4773 1028 4844 paratos
1041 4771 1084 4826 ni·
1134 4770 1283 4828 constabat
1291 4770 1352 4843 jam
1368 4771 1516 4828 defunctos
1535 4789 1594 4829 esse
1617 4775 1693 4846 apud
1714 4790 1783 4846 quos
1800 4774 1837 4828 ita
1852 4785 1919 4841 argu·

269 4861 377 4916 mirum
390 4865 423 4916 ut
440 4877 628 4933 quaecumque
640 4861 687 4918 ille
701 4862 783 4918 uobis
801 4863 961 4934 immiserit,
976 4880 1009 4920 ea
1019 4881 1082 4935 nos,
1134 4867 1280 4921 mentatur
1291 4867 1443 4938 Apostolus
1459 4866 1508 4939 qui
1528 4867 1631 4923 mortis
1655 4867 1791 4923 nimimm
1809 4861 1920 4940 symbolis

271 4955 346 5009 illius
365 4971 446 5010 causa
462 4955 495 5010 ad
518 4960 641 5010 mortem
665 4971 753 5028 usque
777 4955 958 5013 toleraturos.
975 4959 1083 5015 Eodem
1134 4957 1164 5014 in
1176 4959 1317 5031 baptismo
1332 4961 1375 5016 usi
1395 4961 1515 5016 luerent.
1531 4961 1598 5018 inde
1612 4965 1750 5034 tanquam
1769 4979 1784 5017 e
1803 4957 1919 5033 principio

270 5048 408 5118 symbolo,
423 5065 478 5120 qua
492 5048 636 5105 Christum
650 5050 774 5122 respicit,
789 5051 978 5123 intelligimus
990 5053 1084 5108 Chris·
1134 5053 1248 5109 notorio
1259 5052 1389 5126 legitima
1398 5054 1572 5126 procedebat
1581 5055 1789 5127 argumentatio
1802 5055 1823 5109 si
1832 5059 1856 5108 et
1865 5047 1920 5106 illud

268 5145 332 5195 tum
353 5141 405 5197 sibi
420 5143 567 5215 passiones
587 5147 698 5199 nostros
716 5144 934 5217 imputaturum,
954 5149 983 5202 et
995 5163 1083 5219 quam
1135 5146 1383 5220 subintelligamus
1403 5149 1534 5222 symbola
1553 5149 1629 5206 iuter
1651 5149 1841 5222 paciscendum
1857 5159 1920 5200 usur·

269 5236 433 5290 mercedem
447 5237 509 5310 ipse
522 5253 539 5292 a
550 5237 643 5306 Patre,
665 5255 717 5310 pro
734 5255 785 5294 suo
801 5255 865 5295 cum
881 5241 963 5296 Patre
977 5241 1083 5297 ioedere
1134 5244 1202 5314 pata
1218 5257 1278 5298 esse
1294 5243 1382 5298 etiam
1399 5248 1428 5299 et
1441 5244 1502 5316 ipsa
1519 5243 1678 5317 sponsoris.
1695 5245 1750 5300 Nee
1765 5242 1826 5310 alia,
1838 5243 1865 5296 ut
1877 5235 1920 5292 eri·

268 5326 402 5392 vindicat,
431 5331 530 5385 eadem
562 5335 671 5387 nostras
704 5349 819 5404 quoque
848 5335 994 5406 passiones
1022 5351 1083 5391 esse
1135 5336 1231 5405 etima,
1250 5336 1400 5409 hypothesi
1420 5337 1489 5393 illud
1508 5337 1610 5394 nititur
1631 5340 1714 5394 eliam
1735 5337 1854 5410 ejusdem
1871 5347 1920 5403 ape

267 5424 530 5479 remuneraturum.
552 5426 591 5480 lta
613 5425 754 5482 constabit
770 5443 827 5499 qoo
846 5427 912 5498 jure
932 5429 986 5484 sibi
1010 5429 1082 5502 bap·
1135 5429 1198 5485 stoli
1220 5431 1276 5487 alio
1300 5434 1397 5488 henan
1423 5432 1452 5488 in
1480 5433 1544 5489 loco
1572 5432 1777 5489 ratiocinium:
1798 5425 1921 5499 rainaci

269 5515 348 5570 tismi
362 5530 469 5571 nomen
489 5517 635 5574 vindicent
654 5525 757 5576 nostre
777 5521 933 5592 passiones,
956 5537 1020 5578 cum
1047 5523 1084 5579 ad
1135 5528 1354 5590 consurrectione,
1382 5525 1485 5600 inquit,
1519 5543 1580 5583 cum
1608 5527 1723 5591 cbristo,
1752 5539 1808 5597 qua
1834 5533 1921 5579 sursunt

269 5608 360 5681 ipsam
386 5607 523 5682 baptismi
550 5613 762 5668 sacramentalis
790 5614 929 5672 rationem
958 5621 1084 5690 spectent
1136 5623 1200 5674 sunt
1219 5622 1341 5690 quarite,
1365 5621 1419 5676 etc.
1446 5621 1566 5692 (coloss,
1589 5635 1629 5691 ιιι,
1651 5621 1686 5694 l).
1710 5621 1856 5688 Muttinis
1874 5625 1921 5680 “ll

270 5704 541 5760 consummandam.
562 5705 708 5761 Constabit
727 5707 815 5763 eliam
835 5725 892 5781 quo
907 5726 998 5781 porro
1018 5712 1084 5784 J'ure
1135 5713 1368 5779 memoravero,
1385 5717 1439 5771 eto.
1457 5715 1492 5786 (v.
1508 5715 1546 5786 5).
1559 5717 1639 5782 Quod
1655 5715 1715 5772 illos
1727 5715 1787 5785 jam
1802 5708 1920 5783 supponat

272 5797 404 5866 ejusdem
415 5797 467 5853 sibi
481 5797 625 5854 vindicent
637 5799 771 5871 baptismi
783 5802 933 5870 banellcia,
948 5819 1014 5858 oum
1029 5806 1084 5861 illis
1135 5807 1359 5878 consurrexisse,
1374 5807 1409 5864 ad
1424 5809 1500 5866 aliud
1515 5809 1615 5866 relerri
1631 5825 1685 5866 nou
1698 5809 1789 5882 potest
1805 5817 1879 5886 quara
1892 5795 1920 5851 ad

267 5889 364 5948 eham
375 5885 510 5967 symbolis
522 5897 761 5968 representantur
779 5883 874 5969 quaes
886 5879 945 5956 lieo
955 5884 1085 5958 meditato
1136 5901 1330 5960 emersionem
1347 5885 1429 5961 illem
1449 5919 1485 5961 ox
1502 5919 1579 5980 aqua
1597 5901 1754 5979 baptismali
1771 5915 1829 5974 quc
1840 5907 1918 5953 reor
