4090 6188
120 238 190 304 toas
633 233 1286 313 n.areolumaomarnrssna‘rario.
1730 251 1800 325 roae

116 372 156 426 at
178 386 359 444 quocumque
384 372 470 429 modo
494 372 615 447 scriptus
639 373 727 432 fuerit
751 375 797 432 hic
826 375 935 446 titulus,
946 389 977 464 Α
1219 413 1220 416 =
1291 393 1436 438 laricanus
1457 397 1518 437 ra·

118 465 368 522 certumesthanc
382 466 611 524 lucubrationem
625 483 683 524 non
697 469 847 541 epistolam
860 486 934 540 esse,
986 471 1051 539 Quis
1067 475 1154 541 tuerit
1170 477 1365 542 Demetriacus,
1379 479 1417 534 od
1433 495 1511 550 quem
1530 480 1573 536 laic
1595 480 1662 538 liter
1682 482 1801 543 directos

116 557 170 612 sed
186 559 346 623 metatum,
363 575 448 632 quern
464 561 620 633 Cyprianus
639 561 781 634 publicam
796 563 825 618 in
840 563 934 619 lucem
1031 553 1098 621 suff,
1111 569 1149 610 “ll
1160 556 1309 624 proconsul
1321 562 1370 612 “lli
1384 559 1524 625 ‘'an’'ss
1536 559 1641 616 millis
1651 561 1750 630 sudet·

117 650 250 708 emittere
275 656 388 709 coactus
410 658 452 709 est
474 651 607 711 adversus
636 656 862 728 Demetriannm,
885 655 935 729 qui
1020 657 1087 723 Quis
1100 659 1188 716 fuerit
1204 661 1404 719 Demetrianus
1416 679 1475 720 nnn
1492 670 1585 737 potest
1604 666 1721 724 aliunde
1737 685 1799 726 me·

117 745 244 802 nefarios
253 746 406 818 gentilium
416 763 526 804 errores
540 748 607 805 totis
619 748 729 822 ingenii
738 750 845 806 viribus
859 749 935 807 tueri
984 748 1051 819 lius,
1082 767 1167 824 quam
1193 770 1228 810 ex
1255 755 1311 810 boc
1334 754 1407 827 ipso,
1434 755 1469 812 de
1496 774 1552 830 quo
1577 759 1701 832 agimus,
1727 761 1800 818 libro

117 839 283 896 conabatur.
985 846 1130 916 cognosci.
1158 849 1195 902 At
1217 847 1284 904 inde
1314 847 1524 906 evidentissime
1549 851 1693 924 colligitur
1718 853 1801 911 illum

154 932 288 998 Quamvis
321 934 419 990 autem
449 934 535 1006 hujus
567 933 633 992 libri
665 934 811 1007 inscriptio
842 935 936 992 solum
989 939 1124 1010 gentilem
1136 939 1223 997 fuisse
1241 941 1290 1014 qui
1303 941 1487 1014 cyprianum,
1508 947 1571 1001 tum
1594 944 1801 1020 Carthaginen-

118 1025 295 1082 llemetriani
320 1042 427 1083 nomen
449 1029 604 1100 preferat,
625 1031 736 1086 constat
761 1034 857 1086 tamen
875 1045 936 1085 nun
985 1047 1045 1087 sem
1071 1033 1250 1106 episcopum,
1279 1051 1355 1107 saepe
1388 1035 1492 1107 sepius
1524 1044 1705 1096 convenerat.
1739 1039 1801 1096 Non

116 1119 200 1175 illum
222 1121 433 1189 tantummodo,
456 1121 507 1177 sed
529 1139 629 1178 omues
650 1122 740 1178 etiarn
756 1122 885 1178 ethnicos
904 1122 936 1179 in
985 1128 1045 1181 tarn
1059 1125 1149 1182 facilis
1167 1132 1265 1184 autem
1278 1127 1345 1184 huic
1359 1129 1542 1186 Demetriano
1553 1129 1584 1186 in
1596 1129 1673 1187 illius
1686 1132 1806 1189 domum

117 1229 151 1269 eu
163 1214 317 1270 confutari.
335 1214 582 1279 Quemadmodum
604 1215 681 1272 anim
699 1216 780 1272 illum
801 1215 934 1272 nomina·
987 1219 1079 1275 aditus
1091 1220 1240 1292 patuisset,
1253 1221 1308 1276 nisi
1322 1222 1417 1294 aliqua
1432 1223 1552 1295 antiqua
1569 1240 1635 1279 cum
1648 1224 1802 1298 Cypriane,

118 1307 182 1378 tim,
195 1307 234 1363 ita
247 1323 313 1364 sane
326 1307 379 1364 hos
391 1310 553 1380 compellat.
567 1311 598 1365 ln
617 1315 678 1366 tota
694 1309 834 1382 siquidem
850 1310 936 1382 hujus
985 1312 1078 1368 adbuc
1102 1313 1224 1369 fortasse
1246 1315 1370 1382 ethnico,
1396 1315 1590 1374 familiaritate
1616 1316 1716 1376 fuisset
1741 1335 1805 1375 con-

116 1399 310 1471 conclusione,
328 1417 391 1474 quoe
413 1404 489 1458 carte
509 1419 566 1459 non
585 1403 704 1460 minima
724 1407 776 1474 est,
793 1403 935 1476 quoslibet
983 1405 1110 1477 junctus.
1127 1409 1228 1463 verum
1243 1407 1404 1479 quantubic
1417 1408 1521 1480 pietate
1535 1426 1622 1466 suum
1635 1411 1805 1470 Christianos

118 1493 241 1566 gentiles
258 1495 423 1568 alloquitur,
446 1495 633 1569 hortaturque
655 1501 684 1553 ut
702 1496 880 1570 resipiscant,
902 1513 937 1552 ao
985 1498 1116 1571 religioni
1129 1516 1233 1556 nomen
1248 1499 1337 1570 dedit,
1352 1503 1433 1557 tanta
1447 1501 1495 1558 illa
1513 1502 1659 1576 impietate
1681 1521 1715 1560 ac
1734 1521 1801 1577 per-

117 1587 226 1659 rejecto
248 1587 357 1644 nefario
380 1589 499 1646 deorum
522 1591 610 1661 cultu,
631 1589 854 1648 Christianorum
877 1606 937 1648 em·
985 1591 1101 1662 tinacia,
1114 1593 1224 1650 nefasto
1244 1594 1383 1652 falsorum
1400 1595 1522 1652 deorum
1542 1596 1633 1652 cultui
1654 1599 1803 1670 mancipa-

116 1681 281 1755 plectantur
298 1682 481 1754 religionem.
497 1683 570 1749 Quid
589 1699 666 1753 vero,
680 1683 755 1756 quod
774 1683 862 1756 ipsius
882 1683 935 1739 lte-
988 1689 1033 1741 tus
1061 1689 1132 1742 erat.
1159 1686 1202 1741 Ad
1228 1687 1402 1759 cyprianum
1429 1689 1573 1744 enimvero
1603 1689 1706 1763 saepius
1739 1687 1802 1762 qui·

117 1775 252 1831 metriani
263 1775 380 1833 nomine
393 1793 453 1834 non
467 1777 561 1833 miuus
580 1793 680 1833 omues
695 1777 832 1845 ethnicos,
849 1783 975 1856 quamB
987 1776 1068 1849 dem,
1099 1780 1147 1836 sed
1174 1797 1324 1853 nunquam
1348 1780 1552 1854 investigandae
1580 1783 1724 1853 ueritatis,
1753 1786 1804 1840 aut

116 1867 201 1923 illum
216 1867 365 1942 increpare
379 1869 458 1926 bisce
473 1870 565 1926 serbis
579 1869 715 1926 videtur:
733 1889 747 1923 o
762 1872 818 1926 Aut
831 1886 933 1943 super·
983 1871 1090 1944 aliquid
1103 1872 1230 1928 discendi
1243 1890 1325 1928 causa
1340 1877 1466 1942 venerat,
1480 1890 1581 1930 verum
1596 1875 1720 1944 «unico,
1737 1897 1752 1927 »
1768 1883 1799 1933 ut

114 1960 164 2016 bia
192 1961 308 2018 inflatus
334 1979 380 2033 es,
406 1967 456 2020 aut
483 1963 638 2020 vinolentia
664 1964 855 2029 temulentus,
885 1966 935 2019 aut
985 1965 1192 2038 aitCyprIanus
1206 1966 1394 2038 (pag.l85),«
1406 1967 1499 2023 studio
1513 1967 1737 2038 contradicendi,
1748 1991 1763 2021 n
1775 1969 1805 2026 id

114 2053 204 2111 livore
218 2055 340 2125 inuans,
355 2060 405 2112 aut
420 2056 537 2114 libidine
551 2057 686 2125 incestus,
700 2060 750 2113 aut
766 2057 933 2113 crudelitate
985 2061 1037 2127 est,
1051 2060 1083 2114 ut
1095 2059 1217 2132 impium
1238 2059 1379 2115 duntaxat
1399 2060 1536 2116 falsorum
1550 2061 1668 2117 deorum
1684 2064 1803 2133 cultum,

115 2148 279 2206 violentus?
299 2171 314 2201 a
338 2149 479 2223 (cyprian.
502 2167 569 2223 pag.
598 2153 670 2222 tes.)
696 2151 829 2222 Nunquid
855 2151 934 2206 euim
985 2155 1014 2208 el
1027 2151 1166 2208 absurdas
1188 2153 1339 2225 gentilium
1359 2169 1477 2210 suorum
1494 2155 1713 2230 superstitiones
1732 2155 1806 2212 mira

114 2243 314 2300 Demetrianus
334 2244 440 2300 horum
458 2243 587 2300 omniurn
604 2243 759 2300 crimmum
777 2245 935 2301 reuseratt
983 2246 1070 2318 plane
1095 2245 1270 2318 impudentia
1299 2251 1506 2320 propugnaret.
1531 2250 1567 2305 lt
1590 2247 1659 2322 quia
1684 2250 1807 2307 clamosis

112 2339 152 2392 At
165 2342 244 2394 certe
256 2354 321 2395 cum
332 2337 489 2410 Cyprianus
501 2338 683 2394 continenter
696 2337 834 2409 adjecerit
848 2354 854 2393 :
870 2358 884 2412 u
901 2338 935 2394 Et
985 2342 1097 2395 tautum
1129 2341 1250 2407 vocitas,
1280 2339 1422 2396 indomita
1454 2357 1569 2413 prorsus
1596 2341 1801 2415 obstinatione,

114 2430 233 2486 miraris
253 2431 283 2486 in
306 2447 406 2503 poenas
428 2431 544 2502 generis
563 2431 684 2486 humani
704 2431 777 2486 iram
798 2429 848 2486 liei
872 2447 934 2487 cre·
985 2448 1019 2487 ac
1039 2433 1115 2488 nulla
1136 2433 1180 2488 vel
1201 2432 1312 2488 minimi
1333 2433 1472 2490 momenti
1489 2435 1599 2491 ratione
1614 2451 1724 2493 errores
1739 2452 1806 2494 suos

114 2540 208 2596 scere,
218 2540 284 2581 cum
294 2527 405 2581 crescat
418 2525 557 2597 quotidie,
568 2525 645 2597 quod
658 2525 796 2597 puniatur
805 2525 909 2598 (loia),
919 2545 933 2577 o
985 2525 1142 2582 defendere
1173 2525 1333 2596 nitebatur,
1366 2526 1446 2582 illum
1479 2526 1638 2600 Cyprianus
1670 2530 1804 2586 adversus

114 2634 177 2674 non
190 2617 309 2674 obscure
331 2617 475 2690 siguificat
492 2633 551 2673 nun
564 2617 599 2674 ob
613 2619 673 2673 sola
685 2617 868 2686 llemetriani,
885 2618 935 2674 sed
984 2634 1083 2674 verum
1104 2619 1191 2674 Deum
1210 2635 1258 2675 ore
1278 2617 1421 2691 sacrilego
1442 2619 1641 2690 oblatrantem,
1665 2628 1694 2678 et
1709 2623 1804 2678 serbis

112 2711 247 2767 omniurn
277 2711 429 2784 gentilium
457 2711 563 2766 scelera
589 2710 660 2766 iram
686 2711 735 2766 liei
762 2711 935 2766 concitatum
985 2711 1083 2783 impiis
1103 2710 1328 2784 obstrepentem,
1343 2714 1479 2784 tanquam
1493 2714 1669 2786 imperitum,
1685 2731 1803 2786 cacum,

112 2803 214 2876 fuisse,
236 2820 269 2860 ac
290 2803 433 2860 mundum
454 2803 576 2877 publicis
597 2819 765 2860 concussum
784 2803 933 2860 calamita·
985 2804 1123 2874 surdum,
1144 2804 1276 2872 brutum,
1299 2804 1467 2878 indocilem,
1492 2805 1706 2879 impudentem,
1729 2807 1802 2864 insa-

110 2895 202 2953 tibus.
234 2897 293 2954 lluc
318 2896 443 2966 accedit,
470 2898 546 2971 quod
572 2897 719 2954 universos
747 2897 870 2969 gentiles
896 2899 935 2954 sic
986 2915 1067 2966 num,
1094 2897 1226 2970 impium,
1249 2897 1395 2954 furentem
1422 2915 1454 2954 ac
1480 2898 1611 2956 rabidum
1638 2907 1805 2973 aspernatus

110 2990 198 3063 paulo
227 2996 293 3063 post
318 2989 422 3046 affatur
448 3008 455 3047 :
478 3011 493 3041 c
519 2993 589 3048 Ecce
617 2991 743 3065 idipsum
769 2993 854 3064 quale
881 2997 934 3063 est,
986 2995 1038 3048 est.
1051 2993 1103 3047 Tot
1115 2991 1222 3065 quippe
1233 2989 1411 3065 totidemque
1422 2992 1599 3066 suntelugia,
1608 2994 1712 3067 quibus
1721 2994 1803 3052 illum

112 3083 194 3139 unde
209 3084 358 3141 nobiscum
372 3083 496 3141 maxime
515 3099 608 3141 sermo
620 3089 673 3155 est,
689 3085 765 3156 quod
778 3101 830 3141 nos
845 3085 933 3142 iufes·
985 3088 1111 3143 exornat.

110 3177 195 3233 tastis
213 3177 356 3248 innoxios,
373 3178 450 3250 quud
469 3179 500 3234 in
519 3177 724 3234 contumeliam
746 3179 795 3235 lici
816 3155 970 3252 impug-(i
1017 3181 1089 3236 'lum
1118 3196 1187 3252 ergo
1216 3180 1387 3254 Carthagine
1415 3178 1587 3237 furibundus
1616 3180 1664 3238 ille
1691 3168 1800 3254 bomo,

110 3271 202 3341 natis,
231 3276 317 3344 atque
344 3271 504 3345 opprimitis
533 3272 583 3328 liei
614 3287 721 3329 servos.
753 3272 857 3328 Parum
888 3275 932 3328 est
980 3274 1052 3329 sicut
1075 3273 1243 3347 Cyprianus,
1266 3273 1399 3348 degebat,
1412 3289 1537 3346 eumque
1557 3272 1596 3331 ibi
1610 3273 1706 3348 aliqua
1719 3273 1800 3348 judi·

110 3365 192 3438 quod
204 3366 362 3422 furentium
375 3366 513 3422 varietate
526 3366 675 3434 vitiorum,
690 3365 765 3438 quud
778 3365 930 3440 iniquitate
981 3368 1019 3424 cis
1047 3366 1186 3440 dignitate
1215 3370 1332 3424 auctum
1355 3367 1443 3424 fuisse
1469 3384 1569 3424 omues
1596 3385 1633 3426 ex
1656 3369 1710 3426 hac
1738 3371 1801 3442 ipsa

108 3460 245 3516 feralium
260 3458 357 3534 979
376 3459 542 3531 criminum,
555 3461 632 3532 quod
651 3464 833 3517 cruentarum
851 3476 930 3517 eorn-
980 3461 1221 3518 commentatione
1242 3461 1343 3518 cantici
1357 3477 1439 3534 posse
1463 3462 1541 3518 haud
1562 3462 1680 3535 quidem
1698 3463 1793 3520 imma

108 3553 221 3627 pendia
250 3554 418 3626 rapinarum
448 3553 506 3610 vita
532 3557 623 3610 vestra
648 3555 826 3624 maculatur,
851 3555 930 3628 quod
979 3555 1068 3612 ritum
1081 3554 1265 3611 arbitrantur.
1280 3557 1348 3621 Quae
1360 3560 1456 3612 autem
1477 3555 1514 3610 sit
1533 3571 1567 3612 ea
1587 3555 1721 3627 dignitas,
1735 3574 1796 3614 non

109 3647 361 3720 superstitionibus
371 3648 449 3704 falsis
462 3647 564 3720 religio
578 3665 645 3704 vcra
658 3648 842 3720 subvertitur,
853 3647 930 3722 quod
980 3648 1100 3705 minima
1127 3665 1195 3704 sane
1225 3654 1268 3706 est
1299 3649 1374 3705 inter
1407 3648 1472 3704 illos
1501 3648 1649 3705 dissensio.
1678 3648 1798 3708 Plurimi

107 3743 184 3798 Dens
197 3741 314 3798 omnino
326 3757 380 3798 nec
394 3741 544 3815 quaeritur,
557 3741 750 3799 nectimetur.
767 3741 866 3799 Adbuc
889 3742 930 3798 in·
979 3741 1056 3798 euim
1076 3741 1184 3816 opinati
1205 3747 1272 3798 sant
1291 3741 1374 3798 illum
1395 3739 1490 3816 980
1511 3739 1597 3798 fuisse
1614 3742 1716 3800 Africa
1731 3761 1796 3816 pro·

106 3851 198 3908 super
213 3834 263 3891 Dei
277 3851 383 3906 servos,
398 3836 541 3907 majestati
553 3853 586 3892 ac
602 3836 714 3894 numini
733 3836 795 3910 ejus
812 3835 927 3905 dicatos,
979 3837 1143 3909 consulem,
1172 3835 1253 3908 qu’us
1280 3851 1393 3892 summe
1419 3837 1479 3891 erat
1504 3835 1536 3890 in
1567 3835 1620 3891 hac
1651 3837 1799 3908 provincia

105 3935 223 4010 injustis
234 3935 477 4008 persecutionibus
490 3935 604 4008 agitatis
616 3935 707 4007 (itia,
718 3951 785 4008 pag.
796 3934 930 4007 litoteta
979 3930 1142 3988 auotoritas.
1156 3929 1210 3986 Alii
1236 3945 1301 3985 sero
1324 3928 1446 3985 minoris
1471 3927 1580 3984 ordinis
1598 3928 1739 4001 judicem,
1762 3947 1795 3987 ao

105 4029 206 4086 codice
226 4029 314 4102 elegio
334 4029 427 4103 primo
448 4034 478 4086 et
496 4029 653 4099 Tarniensi,
669 4029 841 4102 «flagitatis.
856 4049 871 4080 a
886 4031 928 4088 lta
977 4021 1104 4081 fortassis
1118 4019 1273 4096 quemdam
1293 4021 1443 4094 ipsiusmet
1463 4021 1643 4094 proconsulis
1663 4023 1792 4080 adsesso-

106 4125 200 4180 etiam
222 4124 251 4181 in
278 4124 374 4181 codice
398 4123 560 4182 Colbertino
578 4125 752 4198 antiquiore,
774 4124 830 4180 nisi
852 4123 928 4198 quod
977 4135 1039 4175 rem
1062 4118 1148 4174 fuisse
1176 4118 1347 4173 existimassi·
1377 4117 1438 4172 N⁰ss
1472 4114 1622 4173 lelitifflile
1649 4115 1794 4190 Siquidem

106 4216 235 4275 secunda
245 4235 342 4288 maun,
353 4219 403 4276 sed
416 4217 520 4275 eodem
532 4219 698 4275 charactere
708 4217 847 4291 scriptum
857 4218 927 4274 «fln-
977 4211 1021 4268 his
1046 4212 1157 4268 videtur
1182 4211 1414 4278 Demetrianurn,
1441 4210 1465 4266 si
1493 4210 1581 4266 totius
1607 4210 1707 4268 Africa
1732 4229 1797 4284 pro·

106 4311 261 4385 gallatia.»
278 4309 349 4378 Quae
368 4312 451 4368 lectio
469 4313 500 4368 in
518 4312 615 4368 codice
634 4311 724 4384 Regio
744 4312 829 4368 tertio
848 4312 927 4368 exhi-
977 4305 1077 4364 consul
1096 4305 1206 4374 fuisset,
1222 4308 1300 4362 tanta
1320 4304 1470 4373 facilitate,
1491 4306 1607 4377 tamque
1630 4304 1797 4379 frequenter

104 4406 202 4477 betur,
218 4409 248 4462 et
261 4405 292 4462 iu
307 4405 434 4463 secundo
449 4425 464 4457 a
479 4405 615 4478 fatigatis.
633 4427 648 4457 »
975 4399 1077 4457 adiisse
1107 4397 1295 4473 cyprianum,
1328 4402 1360 4454 ut
1387 4397 1557 4454 rabulamm
1588 4414 1668 4456 more
1692 4397 1796 4458 falsam

141 4502 205 4558 Non
220 4515 290 4574 ergo
303 4500 439 4557 adversus
451 4501 546 4557 solum
563 4500 777 4557 Demetrianum
797 4497 926 4556 bicliber
976 4495 1150 4567 religionem
1172 4509 1253 4548 suam
1276 4494 1399 4550 clamosis
1421 4492 1560 4549 duntaxat
1579 4493 1686 4550 cecitas
1705 4493 1794 4551 inrito

105 4611 123 4651 a
148 4593 291 4668 Cypriane
312 4593 405 4652 editus
424 4600 483 4664 est,
502 4594 551 4652 sed
569 4599 668 4651 contra
689 4610 787 4652 omnes
809 4611 924 4668 quoque
977 4585 1091 4645 homini
1115 4586 1294 4642 oblfflderei·
1318 4588 1459 4644 Praelerett
1478 4602 1529 4642 cur
1551 4586 1717 4659 Cyprianus,
1741 4585 1793 4661 (1¹¹1

104 4689 246 4758 ethnicos,
259 4693 288 4744 et
305 4693 339 4745 ut
357 4687 386 4745 in
408 4693 577 4746 cunctorum
597 4688 709 4745 veniret
723 4705 833 4746 manus.
854 4690 926 4748 Lon·
975 4680 1205 4741 Christianorum
1227 4684 1420 4752 persecutores
1437 4679 1551 4736 censuit
1569 4696 1631 4736 csse
1650 4679 1792 4737 declinan-

105 4782 183 4856 giori
205 4798 291 4856 porro
316 4799 449 4840 sermone
474 4784 510 4840 ad
529 4783 556 4840 id
570 4783 750 4857 probandum
772 4799 845 4856 opus
866 4801 925 4841 non
976 4777 1036 4848 dos,
1051 4782 1108 4833 tam
1130 4774 1213 4830 facile
1240 4789 1269 4828 sa
1290 4773 1476 4830 commisisset
1492 4772 1614 4830 furentis
1632 4789 1790 4847 proconsu-

102 4879 159 4946 est,
176 4877 253 4950 quod
268 4875 317 4934 ille
331 4875 377 4934 his
388 4877 580 4934 disertissimis
594 4894 662 4933 sane
674 4877 766 4934 verbis
779 4877 924 4934 declarat:
975 4871 1009 4928 lis
1032 4869 1110 4938 fadai,
1137 4869 1278 4940 illumque
1301 4871 1361 4924 tam
1385 4868 1551 4942 frequenter
1569 4867 1687 4925 domum
1707 4884 1791 4926 suam

104 4988 121 5023 ι
134 4970 344 5043 Respondeoet
357 4969 417 5041 tibi,
435 4971 630 5040 Demetriane,
642 4971 751 5045 pariter
763 4979 792 5028 et
804 4971 924 5041 ceteris,
975 4963 1146 5037 recepisset?
1165 4965 1222 5021 Cor
1241 4960 1335 5031 illum,
1361 4978 1450 5036 quem
1472 4961 1580 5020 cacteris
1601 4959 1703 5018 timere
1726 4979 1789 5020 ma-

101 5081 177 5138 quos
204 5063 324 5122 forsitan
351 5064 510 5122 concitasti.
540 5087 554 5117 o
583 5065 679 5139 Neque
704 5069 802 5122 tamen
829 5066 925 5122 minus
976 5059 1018 5131 gis
1042 5058 1173 5128 debebat,
1201 5064 1280 5116 tanto
1306 5054 1405 5112 habuit
1432 5053 1604 5128 despicatui;
1633 5058 1666 5110 ut
1691 5054 1722 5112 in
1749 5061 1790 5114 tot

100 5158 370 5216 certumestilliin
388 5159 490 5234 primis
510 5159 654 5216 directum
673 5159 773 5230 fuisse;
792 5160 923 5233 quando·
974 5154 1136 5226 colloquiis,
1164 5153 1242 5210 domi
1268 5168 1327 5208 suae
1357 5149 1479 5218 habitis,
1504 5148 1544 5204 illi
1576 5153 1656 5205 tanto
1687 5149 1790 5209 ardore

99 5251 223 5326 quidem
242 5253 401 5326 Cyprianus
425 5253 650 5323 impudentibus,
666 5254 701 5310 da
722 5253 826 5327 mribus
839 5254 924 5326 paulo
976 5265 1033 5304 uon
1053 5247 1089 5304 de
1110 5263 1141 5305 re
1162 5246 1278 5320 quidem
1298 5243 1430 5314 minima,
1446 5242 1495 5299 sed
1517 5241 1552 5299 de
1572 5241 1713 5315 religione
1731 5243 1789 5303 dis-

98 5349 170 5420 post
183 5347 338 5420 agendum,
354 5347 414 5420 ejus
428 5348 579 5404 calumniis
594 5347 697 5421 saepius
709 5348 866 5418 lacessitus,
888 5348 923 5404 ad
975 5342 1096 5416 putanti,
1112 5357 1163 5399 nec
1184 5357 1241 5397 uno
1258 5338 1376 5414 quidem
1392 5337 1479 5393 verbu
1502 5338 1677 5410 respondere
1690 5339 1779 5415 digna

97 5455 225 5498 manum
239 5441 306 5498 huic
319 5439 466 5516 scriptioni
480 5441 689 5500 admovendam
708 5441 827 5499 tandem
847 5458 924 5500 com·
973 5442 1018 5493 tus
1038 5437 1093 5492 siti
1113 5436 1211 5492 Nonne
1234 5433 1387 5509 proconsul
1405 5434 1518 5489 mutum
1539 5431 1574 5488 ob
1589 5435 1789 5509 contemptum

97 5535 203 5610 pulsus
215 5537 270 5593 est.
973 5532 1015 5588 ira
1029 5536 1057 5587 et
1075 5530 1173 5586 innato
1190 5529 1287 5585 furore
1313 5526 1531 5594 excandescens,
1559 5543 1657 5600 paenas
1678 5529 1714 5588 ab
1737 5529 1788 5588 illo

973 5629 1060 5701 prout
1074 5627 1198 5699 poterat,
1212 5622 1344 5696 protinus
1355 5617 1555 5695 repetivissetf
1568 5621 1624 5680 Cur
1639 5621 1682 5680 vir
1696 5621 1787 5681 furio-

974 5739 1030 5790 sus,
1057 5722 1086 5778 et
1111 5723 1190 5776 actus
1216 5717 1246 5773 in
1271 5715 1391 5786 rabiem,
1414 5715 1589 5789 Cyprianum
1616 5733 1633 5772 a
1659 5733 1716 5788 quo
1744 5718 1784 5774 sic

972 5813 1169 5892 spernebatur,
1196 5829 1254 5870 non
1278 5811 1374 5869 statim
1397 5807 1518 5884 conjecit
1536 5809 1568 5866 in
1586 5807 1709 5881 vincula,
1734 5805 1785 5870 aut

269 5913 470 5986 Parnonlf.
1138 5927 1140 5932 ’
1585 5909 1624 5974 34
