4080 6200
238 228 290 292 aaa
695 229 724 288 s,
743 221 902 289 cunum
922 225 1061 289 oaauuu
1082 217 1168 290 ruas
1187 193 1206 288 ιζ
1223 259 1258 272 -
1276 227 1456 320 suissuia.
1733 213 1735 223 ’
1864 234 1919 296 ιιι

238 362 363 428 metum,
384 360 450 414 aute
469 355 593 414 reditum
613 357 759 426 nostrum,
779 357 846 412 ante
865 357 960 428 ipsum
980 371 1052 427 pene
1063 366 1093 439 Α
1137 357 1158 409 Ι.
1189 354 1345 428 Cyprianus
1373 356 1544 428 martyribus
1572 359 1601 412 et
1623 358 1830 418 confessoribus
1853 360 1921 416 cha-

240 448 1055 525 martyrumexcessum,communicentcnmlapsis253
1105 447 1224 504 rissimis
1250 449 1384 505 fratribus
1407 450 1541 506 salutem.
1564 451 1728 508 Sollicitudo
1749 453 1805 509 loci
1829 455 1921 510 nostri

240 551 270 602 et
284 545 443 602 offerantet
455 537 661 600 Eucharistiam
674 542 796 612 tradant,
809 543 933 615 quando,
944 543 1056 600 etiamsi
1107 546 1136 596 et
1150 541 1236 598 timor
1250 543 1362 599 Domini
1376 542 1473 617 254
1484 543 1639 616 compellit,
1653 545 1799 602 fortissimi
1809 562 1843 602 ac
1856 547 1923 602 bea·

241 640 382 710 martyres
411 654 463 710 per
488 637 612 694 calorem
637 636 735 708 glorie
761 635 933 708 Scripturam
961 637 1056 693 minus
1106 634 1206 690 tissimi
1233 635 1334 692 iratres
1363 637 1410 709 17),
1435 638 1588 696 admonere
1613 654 1660 694 vos
1686 639 1788 694 litteris
1815 639 1922 696 uostris

240 731 467 804 contemplantes
479 731 515 800 ³⁷,
528 731 592 802 plus
608 730 715 801 aliquid
735 734 881 801 cuperent,
903 730 1054 802 apresby·
1105 732 1137 782 ut
1157 744 1173 783 a
1198 729 1302 800 quihus
1324 735 1382 786 tam
1404 731 1506 788 devote
1528 735 1556 786 et
1577 731 1689 788 fortiter
1703 737 1831 790 seruatur
1849 733 1922 790 tides

239 825 308 881 teris
324 828 353 882 et
367 824 496 881 diaconis
509 822 730 896 suggerentibus
744 822 894 902 admoneri
910 821 1054 892 deberent,
1105 820 1218 877 Domini
1246 824 1281 890 ⁴⁰,
1304 823 1339 879 ab
1363 825 1467 880 iisdem
1495 826 1538 880 lex
1563 841 1677 897 quoque
1706 830 1736 882 et
1768 826 1922 898 disciplina

240 919 313 975 sicut
326 933 443 990 semper
455 917 485 972 in
500 917 676 990 praeteritum
689 917 796 972 iactum
811 918 862 972 est.
1105 915 1217 970 Domini
1238 922 1409 972 reservetur.
1435 918 1516 984 Nam,
1544 933 1608 974 cum
1638 934 1738 973 omues
1764 919 1867 976 milites
1895 921 1918 956 ⁴¹

275 1013 319 1067 lV.
352 1011 496 1082 Castigare
522 1027 574 1066 nos
602 1010 699 1082 itaque
728 1010 822 1066 diviua
854 1026 972 1066 censura
1002 1026 1056 1066 nec
1105 1007 1209 1064 Christi
1239 1010 1383 1066 custodire
1412 1015 1543 1082 oporteat
1571 1016 1716 1084 praecepta
1742 1011 1921 1083 imperatoris

238 1105 368 1162 noctibus
399 1104 502 1161 desinit
533 1121 584 1159 nec
615 1103 723 1159 diebus.
757 1105 863 1160 Praeter
896 1107 1054 1159 nocturnas
1105 1100 1160 1170 sui,
1188 1107 1249 1158 tum
1272 1119 1322 1160 vos
1342 1104 1433 1175 magis
1455 1104 1605 1177 preceptis
1629 1105 1691 1176 ejus
1717 1105 1921 1177 obtemporare

240 1199 317 1254 enim
332 1197 463 1266 visiones,
476 1213 528 1269 per
543 1198 605 1252 dies
626 1212 742 1268 quoque
760 1196 895 1268 impletur
914 1197 989 1268 apud
1004 1213 1057 1252 nos
1105 1195 1168 1267 plus
1181 1197 1324 1264 convenit,
1338 1198 1388 1268 qui
1402 1199 1568 1270 exemplum
1590 1199 1701 1254 caeteris
1721 1199 1787 1254 lacti
1806 1199 1872 1254 estis
1892 1205 1922 1256 et

238 1292 344 1364 Spiritu
367 1295 464 1348 saneto
486 1305 641 1362 puerorum
666 1289 802 1346 innocens
827 1295 907 1358 atas,
932 1306 996 1362 quas
1024 1289 1055 1345 iu
1105 1287 1217 1344 viricuis
1232 1295 1260 1346 et
1274 1290 1385 1346 timoris
1397 1289 1456 1346 Dei.
1473 1292 1506 1348 iit
1521 1291 1695 1348 credideram
1707 1291 1823 1363 quidem
1839 1307 1920 1364 pres-

239 1385 345 1442 exstasi
365 1385 440 1442 videt
453 1384 542 1440 oculis
563 1387 593 1439 et
605 1381 687 1442 audit
704 1387 732 1437 et
753 1383 879 1456 loquitur
900 1399 935 1438 ea
953 1382 1055 1456 quihus
1105 1380 1221 1454 hyteros
1241 1387 1272 1438 et
1293 1383 1425 1440 diaconos
1445 1384 1495 1456 qui
1515 1383 1572 1440 illic
1592 1389 1747 1457 presentes
1769 1391 1834 1441 sunt
1855 1402 1920 1442 mo·

238 1496 290 1536 nos
319 1478 458 1535 Dominus
480 1493 597 1532 munere
622 1479 650 1532 et
676 1475 817 1532 iustruere
845 1476 990 1548 dignatur.
1021 1479 1056 1532 Et
1105 1491 1173 1531 uere
1194 1492 1244 1532 vos
1268 1480 1298 1532 et
1321 1476 1460 1534 iustruere
1482 1476 1646 1550 plenissime
1674 1478 1749 1534 circa
1772 1478 1921 1550 Evangelii

237 1570 357 1628 audietis
370 1571 466 1627 omnia
481 1570 595 1643 quando
615 1570 718 1626 advos
736 1569 872 1626 reducem
892 1585 939 1625 me
959 1571 1065 1626 Domi-,
1104 1568 1209 1640 legem,
1224 1569 1297 1625 sicut
1309 1569 1340 1624 in
1358 1571 1536 1641 praeteritum
1550 1587 1667 1643 semper
1684 1570 1736 1626 sub
1756 1577 1918 1628 antecesso-

237 1681 292 1722 nus
306 1664 413 1735 lecerit,
427 1664 476 1736 qui
492 1667 526 1720 ut
538 1662 702 1720 secederem
715 1662 810 1735 jussit.
825 1663 945 1718 Interim
965 1668 1053 1720 teme·
1104 1661 1183 1716 ribus
1197 1661 1304 1718 nostris
1324 1663 1431 1718 lactum
1452 1669 1505 1734 cst,
1524 1668 1558 1718 ut
1577 1664 1700 1734 diaconi,
1714 1664 1751 1721 ad
1772 1680 1920 1720 carcerem

236 1758 306 1815 rarii
320 1759 344 1793 ³¹
359 1760 388 1814 et
408 1757 513 1814 incauti
534 1763 563 1812 et
584 1755 689 1812 tumidi
706 1755 824 1827 quidam
844 1757 918 1812 inter
930 1772 989 1825 vus,
1005 1729 1092 1829 quiB
1104 1757 1311 1824 commeantes,
1332 1759 1493 1829 martyrum
1506 1757 1530 1794 ⁸¹
1554 1756 1696 1814 desideria
1718 1757 1842 1814 consiliis
1858 1758 1921 1814 suis

238 1851 389 1908 hominem
403 1867 462 1908 non
475 1848 662 1922 cogitant,vel
678 1850 765 1906 Deum
777 1848 909 1918 timeant,
920 1849 1052 1918 scientes,
1104 1851 1134 1904 et
1146 1848 1360 1921 scripturarum
1380 1851 1529 1922 preceptis
1548 1849 1753 1922 gubernarent.
1767 1850 1823 1909 Sed
1842 1866 1923 1907 nunc

239 1946 375 2018 quoniam
387 1945 410 2001 si
425 1945 501 2000 ultra
516 1944 545 1998 iu
559 1943 659 1998 iisdem
670 1942 922 2014 perseveraverint,
936 1947 1001 1998 utar
1015 1959 1051 1999 aa
1103 1958 1168 1998 cum
1191 1941 1317 1998 maximo
1338 1942 1428 1998 animi
1448 1943 1547 2000 dolore
1564 1959 1705 2016 cognosco
1727 1961 1785 2001 non
1806 1949 1923 2002 tuntum

238 2038 435 2096 admonitione
449 2038 472 2074 ⁸⁰
488 2038 525 2108 (5)
543 2053 600 2109 qua
623 2053 669 2092 me
696 2035 736 2092 uti
756 2035 895 2092 Dominus
914 2036 1006 2107 jubet,
1021 2041 1054 2092 ut
1102 2035 1159 2091 illic
1171 2035 1249 2091 vohis
1265 2052 1323 2092 non
1346 2035 1461 2110 suggeri
1482 2036 1577 2094 diviua
1591 2042 1744 2109 precepta,
1757 2039 1807 2094 sed
1824 2038 1922 2094 adhuc

237 2132 355 2190 interim
377 2131 582 2203 prohibeantur
603 2129 717 2198 otierre,
741 2129 833 2186 acturi
852 2134 883 2186 et
903 2129 981 2202 apud
1000 2147 1054 2186 nos
1105 2128 1348 2202 poliusimpediri
1361 2129 1396 2199 ⁸³,
1411 2131 1442 2184 ut
1455 2145 1490 2186 ee
1502 2145 1566 2203 quae
1586 2129 1697 2186 avobis
1714 2129 1783 2202 ipsis
1798 2135 1827 2186 et
1843 2131 1923 2188 circa

239 2231 268 2282 et
284 2227 360 2298 apud
374 2225 546 2282 confessores
567 2224 642 2297 ipsus
659 2227 689 2279 et
707 2223 783 2296 apud
799 2222 914 2294 plebem
937 2223 1052 2280 univer·
1104 2224 1195 2279 Deum
1219 2225 1302 2280 caute
1329 2225 1359 2279 et
1384 2223 1458 2280 circa
1487 2224 1664 2280 sacerdotem
1689 2223 1738 2280 Dei
1764 2223 1922 2282 honorifice

237 2336 297 2376 sam
318 2335 432 2375 mursam
453 2335 544 2386 suam,
569 2333 644 2386 cum,
667 2317 785 2373 Domino
812 2317 1005 2389 permittente,
1023 2319 1052 2373 in
1102 2317 1184 2382 liunt,
1210 2333 1227 2372 a
1252 2316 1425 2389 quibusdem
1446 2317 1621 2390 presbyteris
1649 2317 1837 2386 resolvantur,
1864 2318 1919 2390 qui

238 2413 333 2468 sinum
349 2413 449 2469 matris
463 2411 593 2468 Ecclesiae
607 2410 735 2482 recolligi
748 2411 928 2482 coeperimus.
946 2411 984 2466 De
999 2411 1053 2467 hoc
1103 2427 1156 2466 uec
1168 2411 1303 2468 timorem
1323 2410 1371 2467 llei
1391 2427 1443 2466 uec
1461 2411 1585 2483 episcopi
1604 2411 1744 2468 honorem
1759 2411 1922 2484 cogitantes

237 2507 274 2564 ed
292 2510 434 2579 martyres
457 2510 487 2562 et
507 2505 683 2562 confessores
706 2510 734 2561 et
752 2505 787 2560 ad
810 2504 924 2576 plebem
944 2504 1053 2561 litteras
1104 2506 1176 2574 (cum
1190 2520 1238 2560 vos
1252 2505 1287 2560 ad
1301 2520 1347 2560 me
1364 2503 1474 2561 litteras
1494 2503 1663 2572 direxeritis,
1678 2505 1783 2576 quibus
1803 2505 1913 2562 exami-

235 2599 300 2670 ieci,
322 2615 391 2671 quas
405 2603 529 2671 utraque
548 2599 630 2656 robis
655 2598 711 2671 legi
732 2598 876 2657 mandavi.
898 2597 972 2670 Opto
990 2615 1050 2669 vos,
1102 2595 1331 2676 nari'desideria
1351 2601 1442 2654 vestra
1462 2603 1491 2652 et
1511 2597 1682 2669 quibusdam
1705 2597 1790 2670 lapsis
1814 2613 1918 2669 pacem

235 2693 338 2750 fratres
359 2693 520 2749 charissimi
541 2709 574 2748 ac
595 2691 860 2760 desiderantissimi,
877 2691 907 2746 in
929 2691 1052 2748 Domino
1102 2690 1165 2746 dari
1178 2689 1325 2761 postulatis
1343 2706 1421 2760 cum,
1436 2690 1633 2762 persecutione
1650 2689 1741 2758 fluite,
1758 2692 1918 2748 conventre

235 2802 348 2859 semper
367 2787 442 2842 bene
463 2787 556 2842 valere
581 2790 611 2842 et
635 2786 722 2842 nostri
747 2784 921 2842 meminisse.
944 2785 1050 2842 valete.
1101 2783 1131 2838 in
1154 2798 1247 2838 unum
1269 2799 1335 2838 cum
1362 2784 1438 2837 clero
1459 2786 1488 2838 et
1513 2783 1641 2855 recolligi
1662 2784 1849 2854 ceperimus),
1874 2783 1921 2840 illi

510 2915 779 2988 cerseolium).
1100 2880 1201 3024 {cntra
1228 2875 1500 2980 Evangeliilegcm,
1529 2879 1629 2931 cautus
1652 2878 1781 2981 vestram·
1800 2892 1919 2982 quoque

1122 2968 1287 3025 sacrificam
1308 2974 1485 3040 petrhonem,
1504 2975 1571 3024 ante
1594 2971 1687 3026 actam
1707 2973 1919 3041 penitentiam,

514 3101 609 3163 0¹02,
625 3101 704 3166 upa,
717 3101 772 3164 xv.)
1062 3067 1167 3166 Caute
1183 3062 1416 3135 exomologesim,
1432 3061 1594 3134 gravissimi
1609 3066 1697 3136 atque
1722 3063 1841 3120 extremi
1862 3064 1917 3120 de·

233 3208 268 3252 an
288 3208 426 3251 mameae
446 3208 477 3250 ur
496 3207 685 3250 cousassouas
708 3207 755 3255 our
779 3207 870 3250 narsis
897 3209 1051 3251 sarrunuur
1102 3157 1161 3213 1ἰοιί
1179 3157 1294 3227 f⁸⁰²⁸mr
1308 3164 1375 3214 ⁸³¹⁰
1396 3174 1514 3214 mmmm
1531 3158 1566 3214 ab
1582 3158 1717 3230 ο1111100110
1737 3165 1766 3214 θῑ
1787 3157 1863 3216 ⁰¹⁰f0
1875 3159 1920 3232 (⁸)

554 3287 641 3329 pum
654 3288 726 3327 nm,
1100 3251 1131 3306 iu
1154 3250 1354 3326 poenitentiam
1374 3250 1550 3324 impositam,
1564 3250 1666 3308 otierre
1688 3267 1740 3325 pro
1759 3251 1814 3308 iilis
1832 3251 1872 3325 (a)
1889 3259 1923 3310 et

234 3385 426 3443 novumn„
440 3385 519 3456 pugg,
533 3385 653 3456 φωρ,
667 3384 748 3441 ymbe,
759 3387 838 3453 inm
851 3387 881 3440 in
892 3387 947 3442 m
957 3387 1049 3455 vela,
1100 3344 1307 3402 Eucharistiam
1323 3344 1396 3414 dari,
1412 3344 1440 3400 id
1460 3350 1512 3414 est,
1528 3350 1659 3401 sanctum
1680 3345 1791 3402 Domini
1812 3361 1922 3418 corpus

268 3475 384 3546 epgyoya
398 3476 453 3530 gg,
470 3495 485 3524 α
499 3473 567 3530 cum
587 3475 771 3544 omen-„m
784 3489 826 3530 ωε
847 3477 895 3546 qm·
912 3476 1050 3544 ,mm
1099 3438 1251 3510 profanare
1272 3436 1485 3507 audeani,cum
1510 3438 1647 3510 scriptum
1671 3438 1727 3494 sit:
1752 3440 1804 3508 (lai
1823 3439 1916 3496 ederit

269 3563 437 3619 contuctibus
458 3576 558 3617 monus
580 3575 643 3617 saus
656 3565 738 3632 atque
750 3577 799 3617 ora
811 3563 999 3628 maculassent,
1008 3564 1051 3618 oet
1096 3536 1259 3637 pssmfu‘
1272 3531 1369 3639 ΜΨ
1381 3532 1494 3639 ΨΜ,
1511 3533 1620 3638 mi
1637 3532 1759 3601 ‘'W‘’
1775 3547 1835 3588 ’Μ
1856 3535 1915 3590 ‘'¹'‘

269 3651 511 3719 aranearum
527 3651 704 3707 eustominus
724 3654 916 3708 emaciatum
936 3653 1049 3723 portae·
1099 3639 1218 3694 ⁶0⁷t⁰t⁸⁵
1230 3629 1256 3680 ‘l
1267 3627 1523 3729 ⁸⁰3⁸t¹¹⁸ff¹²⁸⁰⁰m²²¹²
1535 3625 1644 3728 {190'2
1659 3641 1695 3693 ¹¹2
1709 3625 1765 3729 ²⁷)-

267 3746 338 3804 ,Μ’
351 3741 533 3796 mmgmag
543 3745 677 3810 mmm„
688 3743 801 3812 pam,
816 3742 974 3807 mmm
986 3756 1050 3810 quo,
1135 3717 1168 3772 ll.
1184 3717 1218 3772 iit
1231 3718 1317 3789 lapsis
1329 3716 1445 3788 quidem
1460 3720 1555 3790 potest
1565 3734 1595 3772 ιιι
1610 3717 1667 3774 hoc
1683 3733 1766 3773 rema
1785 3717 1918 3776 concedi.

266 3844 319 3901 qu,
329 3831 488 3899 importum
502 3833 527 3884 ,y
538 3830 660 3897 wgo„
672 3829 858 3900 ,ymmone
870 3842 1047 3899 ,mmm
1098 3808 1165 3875 Quis
1181 3810 1258 3866 enirn
1271 3825 1329 3866 uon
1346 3815 1475 3866 mortuus
1491 3809 1624 3866 vivificari
1640 3815 1776 3882 properet
1788 3812 1811 3846 ‘⁸
1824 3812 1838 3866 l
1850 3813 1922 3884 quis

268 3923 299 3974 m
314 3919 370 3974 gyne
382 3919 537 3974 agen-min,
549 3923 576 3973 ,y
589 3919 713 3973 examine
729 3917 898 3987 ,inguim
917 3917 1050 3974 gamm,
1098 3918 1156 3958 non
1170 3903 1204 3959 ad
1220 3904 1340 3959 salutem
1358 3919 1439 3958 suam
1461 3903 1557 3959 venire
1571 3903 1710 3960 lestiuetl
1727 3903 1781 3960 Sed
1797 3920 1920 3977 praepo-

268 4009 421 4064 ubeyymm
438 4010 537 4075 myrrea,
557 4014 652 4064 comm
672 4008 815 4076 Evangelii
834 4007 927 4077 egem,
945 4009 1049 4064 yslym
1098 3995 1217 4051 sitorum
1241 4001 1283 4053 est
1303 3999 1479 4068 preceptum
1499 4002 1610 4065 tenere,
1625 3999 1654 4052 et
1670 3997 1713 4054 vel
1730 4005 1922 4069 properantes

266 4099 320 4165 feci
345 4099 441 4168 quibus
468 4102 603 4166 martyres
626 4101 652 4152 et
674 4096 838 4162 massesores
862 4097 970 4152 consitio
992 4111 1049 4153 meo
1098 4089 1152 4160 (10)
1167 4089 1211 4144 vel
1233 4090 1401 4161 ignorantes
1420 4089 1572 4158 instruere,
1588 4107 1624 4145 ua
1642 4091 1691 4162 qui
1710 4091 1805 4147 ovium
1823 4095 1921 4162 pasto·

266 4195 401 4258 quautam
427 4201 531 4257 possem
558 4185 596 4239 od
621 4185 762 4239 Dominicis
784 4189 921 4254 precepto
942 4199 1048 4242 reuoca·
1098 4197 1144 4237 res
1163 4198 1223 4238 esse
1237 4181 1423 4238 deheutlanii
1437 4183 1568 4238 Cantha
1583 4184 1662 4238 enim
1676 4183 1835 4240 concedere
1848 4199 1920 4257 quse

267 4289 358 4331 rem.»
413 4345 417 4354 1
1097 4271 1128 4328 1ιι
1154 4275 1313 4348 perniciem
1337 4279 1459 4344 sertam,
1483 4275 1614 4348 decipere
1635 4280 1695 4344 est;
1716 4291 1771 4332 nec
1792 4275 1922 4350 erigitur

918 4382 1023 4448 Variae
1053 4384 1226 4450 lectiones.

263 4493 524 4561 ”Contempluntes
550 4497 646 4546 contra
672 4495 763 4559 legem
789 4495 841 4548 Dei
865 4495 945 4546 Osca.
966 4495 1068 4560 Legem
1092 4495 1205 4546 Domini
1231 4497 1293 4561 tabe.
1341 4495 1488 4549 ⁸'Interim
1513 4497 1613 4548 morari
1639 4495 1707 4549 Fors.
1739 4497 1804 4548 Vici.
1832 4497 1917 4550 llicit.

230 4565 470 4622 '’Pemeverariut
484 4568 572 4620 uitare
594 4567 812 4619 admonitionem
833 4569 893 4618 tter.
916 4569 943 4618 u.
988 4565 1141 4619 ⁴⁰Domin0
1163 4569 1240 4618 oron.
1288 4568 1310 4599 ⁴⁴
1333 4565 1472 4618 Honeetos
1496 4567 1600 4618 milltes
1625 4568 1713 4617 Veron.
1759 4569 1781 4600 ⁴¹
1806 4565 1921 4621 Conve-

229 4639 340 4692 nlontes
352 4642 488 4703 martyres
503 4637 552 4689 l'cr
606 4637 628 4670 ⁴³
642 4637 763 4688 Inveniri
773 4636 848 4688 Cart.
860 4639 941 4702 impr.
983 4641 1005 4672 ⁴⁶
1020 4639 1162 4691 Viviflcuri
1177 4641 1253 4704 optat
1266 4637 1339 4688 Cart.

876 4741 989 4825 Steph.
1020 4743 1143 4808 Baluzii
1172 4747 1268 4806 notae.

266 3029 499 3095 (Drusm.,n1,lt;
512 3030 618 3092 Pamei,
633 3042 678 3093 x1;
689 3029 759 3096 aig..
771 3029 866 3093 Belua,
881 3029 973 3094 Paria,
987 3041 1004 3080 x
1012 3045 1021 3095 ;

260 4868 295 4931 (til
310 4866 505 4918 summulam.
532 4863 561 4915 id
582 4865 623 4915 est
644 4860 835 4928 suspensionis
858 4875 985 4926 censura,
1012 4869 1083 4951 utD
1095 4863 1362 4916 animadversionem
1377 4862 1412 4914 ad
1427 4861 1605 4930 Epiphaniam
1629 4861 1657 4914 iu
1674 4857 1773 4916 heresi
1787 4861 1830 4926 tte,
1847 4877 1917 4930 quse

228 4939 424 5002 interpretetur
444 4936 581 4988 Duronius
599 4934 676 4986 huuc
697 4933 829 4998 Cypriani
856 4934 950 4986 locum
973 4937 1044 4988 rete·
1096 4940 1138 4988 est
1153 4934 1378 4986 Novatiauorum.

228 5021 303 5059 reus.
1128 5005 1159 5066 (9)
1182 5003 1280 5070 Offerre
1302 5003 1439 5069 pratilis.
1468 5003 1509 5054 Ita
1533 5007 1642 5056 veteres
1664 5001 1727 5053 iibri
1752 5006 1780 5055 et
1803 5007 1919 5058 veteres

261 5079 293 5140 (u)
319 5077 531 5141 inscriptionem
552 5075 636 5139 hujus
652 5075 777 5139 epistolae
795 5075 878 5128 talem
900 5077 1045 5141 posuimus
1094 5076 1238 5127 aditiones.
1253 5075 1315 5138 Quo
1330 5075 1412 5126 etiam
1429 5073 1512 5126 modo
1534 5075 1667 5138 seriptum
1683 5077 1725 5126 est
1739 5075 1767 5124 1ιι
1787 5073 1917 5141 Epistola

229 5148 341 5213 qualem
365 5148 519 5211 reperimus
538 5147 567 5196 tn
590 5145 718 5210 plurimis
736 5147 859 5212 antiquis
878 5148 1044 5212 exemplari·
1093 5147 1230 5212 sequenti.
1243 5147 1383 5199 Manutius
1397 5147 1487 5212 posuit
1503 5162 1509 5196 :
1524 5164 1539 5194 e
1553 5144 1659 5199 Ollorre
1672 5147 1758 5211 lapsis
1772 5145 1915 5210 pacem.»

228 5217 283 5268 bus
297 5221 324 5268 et
338 5218 367 5268 in
382 5215 769 5268 vetustioribuseditlonibus.
1093 5217 1244 5282 idoreDiue,
1271 5230 1303 5268 eu
1323 5219 1476 5270 mutatione
1508 5217 1623 5284 insuper
1654 5217 1760 5276 habitu,
1795 5217 1919 5269 retinuit

261 5289 293 5351 (l)
320 5289 437 5338 Fratres.
455 5287 542 5338 Antea
564 5287 708 5351 legebatur
723 5292 865 5353 martures,
889 5288 965 5354 quod
987 5302 1044 5341 non
1094 5291 1216 5341 veterem
1243 5287 1400 5341 lectionem.
1421 5289 1558 5355 Rigaltius
1587 5289 1668 5354 sequi
1693 5287 1793 5339 maluit
1808 5285 1918 5340 editio-

228 5360 300 5412 soiet
317 5357 483 5423 Cyprianus.
497 5355 556 5422 Ego
570 5355 715 5408 emendavi
726 5369 762 5407 ex
776 5361 860 5410 veteri
876 5358 948 5410 libro
964 5372 1045 5412 sauc—
1093 5373 1158 5412 nem
1173 5360 1298 5412 Manutii.
1307 5360 1389 5424 Angli
1403 5363 1588 5424 reposuerunt
1597 5363 1728 5412 veterem.
1743 5355 1918 5410 Reiuhartus

229 5432 251 5482 tt
264 5429 408 5484 Michaelis
431 5430 460 5480 iu
486 5429 610 5493 periculo
628 5429 722 5480 maris.
745 5429 812 5480 Nam
839 5431 922 5481 etiam
945 5432 973 5482 1ιι
991 5430 1045 5483 hac
1093 5437 1208 5484 secutus
1233 5433 1276 5483 est
1301 5430 1438 5483 editiones
1458 5429 1573 5483 Manutti
1598 5435 1625 5483 et
1652 5429 1773 5496 Rigattii.
1806 5426 1854 5481 Sic
1883 5441 1916 5480 se

228 5503 288 5568 ipsu
305 5500 428 5566 Epistola
450 5499 606 5564 Cyprianus
625 5499 659 5550 ad
674 5513 721 5551 eos
742 5500 867 5551 scribens
888 5501 935 5564 ait,
951 5503 1044 5565 sortir-
1094 5501 1200 5553 hahent
1213 5501 1361 5553 homiuum
1373 5502 1493 5568 ingenie.

227 5573 288 5624 simi
299 5577 323 5624 et
337 5571 488 5624 eburissimi
500 5569 610 5634 [ratres.
1127 5572 1174 5634 (10)
1190 5574 1368 5636 Properantes.
1383 5571 1430 5626 Sic
1441 5573 1469 5623 in
1484 5571 1601 5638 epistole
1612 5571 1742 5636 sequenti
1759 5583 1766 5619 ι
1781 5589 1794 5616 v
1808 5569 1918 5634 Prope-

261 5645 293 5709 (8)
319 5641 360 5694 Ab
383 5642 502 5706 episeopo
530 5645 554 5692 et
575 5642 654 5692 ciero.
682 5639 728 5692 Sic
753 5643 836 5693 ettam
864 5643 893 5693 in
921 5643 1044 5708 Epistola
1094 5643 1210 5694 raedam
1226 5647 1314 5693 tomen
1328 5657 1380 5695 noa
1392 5649 1468 5708 pato,
1481 5643 1642 5694 miscuata
1660 5641 1767 5708 aliquid
1789 5645 1813 5692 st
1835 5640 1918 5702 sesd-

227 5713 365 5782 sequenti.
403 5711 476 5776 Ergo
500 5726 556 5764 uon
596 5713 673 5764 solus
702 5713 850 5778 episcopus
884 5712 1047 5778 imponebat
1093 5717 1191 5764 eruatur
1212 5713 1384 5780 secudum.»
1406 5713 1494 5781 Epist.
1513 5713 1544 5768 11
1567 5729 1573 5764 ι
1594 5731 1609 5762 e
1629 5712 1781 5766 imario
1802 5711 1918 5779 lutino·

228 5797 342 5848 susuum
354 5785 437 5856 lapsis
449 5783 484 5836 ad
492 5783 648 5838 Ecclesium
661 5782 930 5837 redeuntibusvide
941 5783 1046 5838 Petaril
1094 5781 1162 5838 tione
1173 5783 1301 5854 deposito.
1321 5803 1335 5836 ιι
