3986 6208
72 257 109 311 su
534 231 537 240 '
641 249 741 307 ureae
760 251 804 306 oe
822 249 912 308 nouo
930 248 1127 307 roricone.
1676 251 1732 308 ees

72 383 136 436 detis
147 382 195 452 oui
203 381 235 436 iu
250 381 327 436 terris
339 380 498 438 iubebituut
513 381 528 434 1
543 382 578 436 ut
590 379 664 435 dure
675 384 738 436 suut
752 379 789 434 eis
803 380 861 434 sia·
874 389 902 463 Ᾱ
914 393 979 434 eum
992 379 1201 434 accusareture
1215 377 1410 438 sacerdotibus
1425 384 1453 436 et
1469 377 1641 448 senioribus,
1657 377 1728 434 nibil

69 475 210 544 substole
230 475 398 544 alleuati,
414 479 440 529 et
458 474 561 530 dictum
583 479 622 530 est
643 475 680 529 eis
701 479 732 528 ut
755 475 861 543 requie·
913 469 1061 542 respondit
1093 474 1137 541 et,
1165 471 1327 530 admirante
1355 473 1460 545 Pilato,
1487 471 1729 546 patientissimum

69 573 155 624 esrem
171 569 246 624 breui
265 568 352 624 adbuc
366 574 492 638 tempere,
505 568 588 624 donee
607 569 754 638 implentur
767 582 863 622 aume-
915 565 1062 622 silentium
1078 565 1101 600 ¹¹
1120 565 1221 622 tenuit.
1237 567 1286 622 ilis
1298 569 1341 622 est
1354 568 1402 639 qui
1417 569 1451 636 ¹¹,
1467 584 1532 623 cum
1551 567 1581 622 in
1595 566 1727 638 passione

68 679 104 719 us
116 678 296 718 racemorum
320 667 345 718 et
365 663 486 729 (sotrum
499 677 590 718 eorum
610 665 659 732 qui
670 662 784 732 posteo¹
798 663 865 718 oeci·
915 661 1034 715 tacuerit
1047 659 1083 729 ”,
1097 660 1127 716 in
1139 659 1247 716 ultione
1268 661 1451 732 postmodum
1469 677 1526 717 non
1545 660 1658 717 tacebit.
1679 660 1727 716 iiic

68 758 153 812 buter
163 757 283 828 exemplo
294 757 414 828 ipsorum
424 754 532 828 (Apso,
547 772 584 825 vr,
595 755 684 826 etl).
914 759 956 810 est
969 755 1045 811 Dens
1058 756 1163 822 noster,
1177 753 1205 810 id
1225 757 1278 823 est,
1296 770 1354 811 non
1374 755 1512 822 omnium,
1531 755 1581 810 sed
1596 755 1725 810 ildelium

94 849 291 915 iliitlnando
309 855 404 906 autem
417 850 512 907 veniat
523 849 753 922 seoguiuisjnsti
767 849 864 906 divina
914 855 943 910 et
956 852 1135 908 credentium
1150 854 1234 924 licus,
1255 853 1304 926 qui
1327 869 1393 909 eum
1412 851 1582 908 insecundo
1602 852 1727 908 adventu

67 945 184 1012 vindicta,
198 945 324 1001 declarat
338 944 569 1017 perliniecbiam
583 945 777 1018 propbetam¹
798 944 862 1017 Spi·
914 945 1082 1003 manifestus
1095 947 1119 984 ¹¹
1141 948 1261 1016 venerit,
1287 963 1346 1003 non
1370 946 1473 1004 silebit.
1498 947 1580 1014 Nam,
1607 962 1671 1003 cum
1696 945 1727 1002 in

67 1039 124 1094 ritus
134 1042 248 1094 sanetus
260 1038 356 1094 dicens
370 1056 377 1095 :
392 1041 459 1095 Eece
476 1039 534 1094 dies
546 1041 663 1109 ssllomini
679 1041 753 1096 uenit
766 1039 865 1096 ardeus
914 1039 1073 1097 bumilitate
1089 1041 1168 1114 prius
1178 1041 1265 1098 tuerit
1277 1041 1414 1112 occuitus,
1430 1041 1525 1098 veniet
1537 1039 1566 1096 io
1584 1041 1727 1112 potestate

66 1135 125 1188 reiut
137 1133 285 1200 elibanus:
305 1139 437 1204 eruntque
460 1135 717 1202 mesaticorum
739 1137 865 1190 etomues
914 1135 1090 1192 manifestus.

66 1229 140 1298 tumui
156 1229 261 1298 stipulo
273 1228 296 1292 ¹,
319 1233 345 1284 et
360 1227 502 1284 succendet
516 1228 539 1264 ¹¹
559 1229 621 1284 illos
632 1228 778 1284 ademirus
796 1229 862 1293 dies,
949 1229 1036 1286 llliitl.
1069 1231 1150 1286 iiunc
1181 1233 1386 1302 exspectemus,
1414 1231 1516 1286 iratres
1542 1227 1727 1297 dilectissimi,

66 1322 467 1394 dieititominusiiiuioclt.,rv‚
488 1321 525 1392 i).
545 1322 625 1387 Quod
650 1323 720 1378 item
742 1321 864 1393 legimus
911 1323 1039 1395 judicem
1076 1329 1105 1378 et
1140 1323 1279 1380 vindicem
1316 1327 1459 1393 nostrum,
1497 1322 1628 1379 Ecclesiae
1670 1338 1729 1378 soce

65 1417 86 1470 io
109 1415 233 1479 Psalmis,
262 1415 308 1471 ubi
335 1417 383 1472 ilci
401 1416 506 1488 judicis
530 1416 702 1488 predicetur
725 1416 864 1472 adventus
914 1417 1054 1490 populum
1070 1419 1098 1473 ct
1114 1417 1150 1472 ab
1168 1417 1249 1474 initio
1263 1419 1362 1474 mundi
1372 1419 1515 1491 justorum
1529 1417 1658 1474 omnium
1672 1417 1728 1490 (18)

65 1525 175 1564 censure
195 1527 255 1566 sues
283 1511 433 1582 majestate
456 1510 635 1566 venerandos
661 1513 753 1566 :Deru
778 1513 865 1566 moui·
914 1511 939 1547 ¹¹
955 1526 1107 1568 numerum
1129 1527 1225 1566 secum
1248 1511 1357 1584 pariter
1375 1512 1597 1568 vindicaturum.
1617 1511 1672 1577 Oui
1693 1511 1731 1568 ad

65 1606 241 1671 teuusumiet,
261 1607 332 1660 licus
352 1609 452 1674 noster,
471 1609 498 1660 et
518 1620 571 1660 uon
584 1605 685 1660 silebit.
710 1607 783 1675 lpuis
799 1611 865 1662 oute
914 1604 1070 1660 vindictam
1084 1605 1109 1640 ¹¹
1122 1603 1220 1678 638
1233 1622 1314 1662 suam
1329 1605 1450 1661 nimium
1463 1606 1580 1662 festinat
1591 1610 1731 1678 etprope·

66 1713 113 1752 urm
127 1698 241 1760 ardebit,
266 1703 292 1754 et
313 1701 344 1754 iu
365 1701 483 1754 circuitu
504 1697 560 1768 ejus
586 1699 706 1770 procelle
726 1700 813 1754 nimiu
828 1699 862 1754 ¹¹.
914 1699 1347 1770 rateousidcreiquiaueedum
1368 1699 1526 1756 vindicatus
1543 1703 1586 1756 esi
1601 1699 1662 1772 ipse
1680 1699 1730 1771 qui

65 1789 200 1846 ¹ldooecbit
214 1792 238 1826 ¹¹
266 1793 360 1848 culum
387 1807 494 1848 sursum
513 1798 538 1848 et
560 1798 661 1848 terrum
682 1793 815 1860 deorsum,
832 1763 1045 1848 uthindicet.
1071 1792 1153 1847 Peter
1176 1792 1250 1847 Deus
1274 1793 1329 1865 (19)
1356 1793 1493 1866 precepit
1514 1791 1616 1848 Filium
1642 1809 1727 1850 suum

63 1892 149 1955 separet
172 1887 310 1957 poputum
328 1902 417 1942 auum.
437 1888 561 1957 Gotlipite
579 1887 623 1942 illi
637 1885 725 1956 justos
743 1886 807 1956 ejus,
822 1901 863 1942 eos
912 1885 1041 1954 adorari,
1073 1891 1102 1940 et
1137 1886 1282 1957 apostolus
1318 1885 1437 1954 Paulus,
1472 1886 1559 1942 divini
1592 1888 1728 1958 precepti

64 1981 102 2050 eui
124 1981 274 2051 disponunt
300 1985 491 2038 testumeutum
512 1981 572 2046 eius
596 1984 626 2036 iu
651 1983 812 2050 struitlciiss
837 1986 863 2035 et
913 1995 1033 2045 memor,
1057 1979 1136 2050 ponit
1160 1981 1189 2034 et
1213 1978 1307 2036 dicit:
1336 1984 1404 2037 lleus
1427 1981 1560 2038 enottoutt
1584 1982 1673 2046 ilium,
1704 1986 1730 2037 et

63 2076 254 2130 annuntiabunt
273 2076 296 2110 ¹¹
319 2077 378 2132 eseli
391 2074 533 2144 justitium
553 2075 621 2144 ejus,
645 2077 774 2146 quouiom
793 2077 863 2130 Deus
912 2073 1023 2128 donauit
1037 2072 1081 2128 ilii
1095 2087 1188 2128 nomen
1206 2074 1279 2144 quod
1298 2078 1338 2128 est
1351 2091 1433 2146 super
1446 2091 1522 2130 omne
1535 2091 1630 2131 nomeu
1641 2075 1677 2138 ¹¹,
1697 2081 1732 2132 ut

60 2166 175 2235 judceot
189 2169 277 2239 (Psoi.
296 2185 366 2238 xcix,
383 2169 455 2240 3-6).
470 2171 503 2224 Et
524 2169 609 2224 isaias
626 2171 648 2205 ¹¹
671 2169 769 2224 eadem
790 2184 861 2240 pree·
912 2169 942 2221 in
956 2167 1063 2222 nomine
1075 2169 1138 2224 iesu
1151 2182 1227 2222 omne
1240 2183 1310 2236 peuri
1324 2169 1451 2237 fleetrrtur
1463 2169 1487 2204 ¹¹
1503 2167 1558 2241 (30)
1571 2172 1726 2241 scelestium,

64 2263 158 2317 rurrrtiat
171 2263 363 2320 dieenssbcce
377 2266 449 2318 enim
463 2265 591 2319 Dominus
603 2263 671 2318 siem
684 2263 754 2331 ienis
765 2263 862 2328 uentu,
914 2263 1081 2316 terrestrium
1106 2262 1322 2328 etialeruorum
1343 2263 1484 2336 (Philipp,
1511 2279 1541 2334 u,
1564 2265 1590 2333 u,
1617 2263 1667 2336 10).
1694 2267 1729 2322 Et

63 2363 81 2408 st
93 2359 153 2410 sicut
164 2357 290 2426 procelle
304 2372 401 2412 currus
414 2356 483 2426 ejus,
496 2357 645 2412 retribuere
660 2359 688 2411 iu
701 2359 744 2410 iro
756 2355 862 2410 uindic-
913 2354 942 2410 in
965 2353 1134 2426 Apocalypsi
1161 2355 1280 2426 angelus
1301 2357 1404 2410 loanni
1429 2356 1535 2412 volenti
1557 2357 1674 2414 adorare
1701 2377 1730 2417 sc

6 2445 7 2452 '
65 2453 320 2520 tumluipueeuim
334 2449 666 2520 beminijudicobuutur,
685 2452 753 2506 eliu
771 2449 864 2519 pisidio
915 2447 1020 2504 resistit
1040 2453 1069 2502 et
1088 2447 1221 2504 dicit¹¹t
1241 2448 1360 2505 Videas
1380 2451 1730 2521 teoens,qrcioeonseruus

63 2543 106 2610 ejus
121 2545 342 2600 vulnerabuntur
355 2545 430 2616 (ism,
446 2561 517 2613 axvi,
538 2545 592 2612 ii).
611 2545 645 2598 Et
665 2543 768 2599 iterum
784 2559 791 2598 ε
806 2545 861 2598 llo·
915 2547 1047 2598 tuussum
1058 2547 1083 2596 et
1093 2543 1213 2609 fratrum
1225 2547 1343 2598 bimum.
1354 2545 1443 2598 testim
1452 2545 1694 2603 Domiuumudoro
1704 2547 1728 2582 ¹¹

63 2639 134 2694 uiuus
154 2642 222 2695 ltere
241 2641 379 2695 uirtutum
397 2639 518 2710 prodibit
531 2643 556 2694 et
574 2639 734 2693 coniminuei
754 2635 862 2704 bellum,
915 2635 1023 2708 tripos,
1046 2650 1114 2701 xxu,
1141 2634 1178 2705 9).
1201 2635 1296 2700 Qualis
1320 2637 1459 2692 Dominus
1477 2640 1558 2694 iesus
1578 2642 1606 2693 et
1623 2646 1729 2711 quanta

64 2733 173 2788 mutabit
186 2739 326 2790 certamen
340 2733 373 2797 ¹¹,
388 2739 413 2789 et
428 2733 557 2788 ctumubit
570 2747 651 2802 super
666 2733 788 2786 inimicos
802 2743 864 2784 sues
914 2728 1052 2801 patientia
1072 2728 1149 2800 ejost
1172 2734 1202 2784 ot
1223 2729 1271 2801 qui
1291 2729 1321 2785 in
1340 2731 1414 2786 coelis
1433 2731 1579 2800 adoretur,
1602 2733 1726 2790 necdum

64 2823 139 2898 637
172 2843 233 2882 cum
265 2827 438 2895 tortitudine.
469 2827 569 2895 Tucui,
601 2825 735 2896 numquid
762 2839 864 2896 semper
913 2822 1073 2878 vindicetur
1087 2822 1115 2878 in
1134 2822 1229 2878 terris.
1247 2823 1335 2894 liujus
1354 2824 1537 2896 patientiam,
1558 2826 1662 2882 iratres
1682 2827 1728 2882 di-

65 2921 136 2974 tescbo
150 2923 225 2992 (isa,
241 2937 308 2989 xnu,
325 2921 386 2994 1311
914 2915 1069 2986 lectissimi,
1086 2915 1114 2972 in
1129 2915 1374 2988 persecutionibus
1385 2921 1413 2974 et
1425 2918 1605 2991 passionibus
1622 2920 1728 2978 nostris
1840 2951 1848 2964 ·

89 3015 166 3071 lllill.
190 3015 265 3081 Quis
286 3020 384 3070 autem
402 3019 445 3070 esi
463 3013 510 3070 hic
532 3013 582 3088 qui
602 3013 721 3070 iacuisse
741 3011 863 3085 seprius
914 3012 1079 3086 cogitemus.
1105 3011 1194 3083 ilrrjos
1217 3011 1351 3067 adventui
1370 3013 1488 3084 plenum
1510 3013 1728 3082 exspectationis

65 3105 117 3162 dicit
129 3115 154 3164 et
170 3126 227 3166 non
246 3125 364 3182 semper
384 3107 509 3165 tacebit‘i
529 3108 632 3180 Utique
654 3107 700 3164 ille
723 3107 771 3180 qui
791 3105 863 3162 sieut
873 3128 902 3205 C
913 3107 1080 3179 obsequium
1095 3105 1282 3177 praebeamus.
1298 3105 1353 3161 Nee
1367 3105 1482 3162 deiendi
1495 3113 1561 3164 ante
1575 3107 1727 3166 Dominum

64 3201 628 3272 osisadrictimnmductusest,etsicut
650 3216 861 3274 agnoscerem
913 3199 987 3256 servi
1018 3199 1180 3270 irreligiosa
1211 3201 1239 3253 et
1269 3199 1461 3255 inverecunda
1489 3201 1673 3258 festinatione
1702 3205 1728 3240 ¹⁸

65 3297 179 3354 tondente
199 3316 231 3353 se
254 3299 288 3366 ¹¹,
304 3295 363 3354 sine
378 3313 445 3352 voce
467 3313 523 3353 non
542 3295 655 3370 aperuit
673 3312 704 3350 os
722 3311 806 3350 suum
822 3296 844 3330 ¹⁷
851 3311 860 3364 ;
913 3309 1106 3366 properemus.
1128 3291 1292 3348 insistamus
1314 3293 1407 3364 petius
1419 3294 1444 3330 ¹¹
1458 3298 1487 3349 et
1508 3295 1686 3351 elaboremus
1702 3295 1727 3336 ¹¹

65 3389 144 3462 utique
161 3392 207 3448 ille
229 3392 281 3465 qui
304 3407 362 3448 uon
383 3391 521 3460 clamavit,
536 3406 628 3462 neque
647 3389 675 3445 in
689 3387 790 3462 plateis
807 3405 861 3444 vox
912 3393 940 3444 et
954 3389 1015 3443 toto
1029 3386 1114 3443 corde
1126 3387 1274 3458 vigilantes
1286 3387 1307 3422 ¹¹
1321 3389 1407 3458 atque
1421 3385 1458 3442 ad
1471 3403 1589 3444 omnem
1602 3390 1726 3446 toleran-

65 3484 113 3553 ejus
123 3487 213 3542 audite
226 3489 285 3553 est3
300 3485 399 3557 utique
417 3485 464 3540 ille
480 3485 528 3556 qui
549 3501 605 3539 non
623 3484 677 3539 init
696 3485 859 3552 contumax,
911 3480 980 3537 tiam
997 3479 1105 3536 stabilis
1116 3479 1266 3536 [lominica
1278 3483 1422 3552 praecepta
1432 3495 1591 3550 servemus;
1605 3487 1646 3551 ut,
1661 3499 1727 3540 cum

4 3645 5 3648 Ἴ
64 3593 139 3650 nsque
159 3579 341 3650 contradixit,
360 3595 425 3634 cum
446 3579 561 3634 dorsum
582 3593 667 3634 suum
686 3581 807 3650 poneret
823 3575 861 3632 ed
909 3570 957 3631 ille
972 3574 1023 3630 ire
1035 3578 1065 3629 et
1078 3572 1211 3630 vindicte
1224 3573 1285 3629 dies
1300 3574 1420 3644 venerit,
1438 3591 1493 3632 non
1505 3591 1571 3632 cum
1587 3577 1684 3650 impiis
1695 3583 1726 3634 et

63 3671 156 3744 legalla
168 3678 195 3732 et
207 3674 340 3730 maxillas
359 3673 396 3730 ed
414 3673 532 3746 palmas,
547 3672 650 3728 taciem
663 3678 759 3728 nutem
777 3686 860 3726 suam
910 3668 1105 3741 peecatoribus
1126 3667 1291 3740 puniamur,
1312 3668 1361 3724 sed
1386 3683 1452 3723 cum
1477 3669 1561 3741 justis
1587 3677 1616 3727 et
1635 3671 1725 3728 mum

64 3781 107 3822 oen
125 3769 221 3826 avertit
233 3787 250 3824 a
263 3768 388 3825 iseditsie
410 3773 576 3842 sputorum3
601 3767 702 3838 utique
724 3765 772 3822 ille
799 3764 859 3837 qui,
912 3761 1075 3818 timentibus
1089 3762 1266 3818 honoremur
1281 3760 1315 3818 ¹¹.

734 3923 839 3988 Varire
867 3921 1038 3986 lectiones.

84 4053 165 4108 ‘Data
178 4064 221 4110 est
233 4058 354 4124 singolis
375 4058 445 4110 stola
460 4058 533 4117 alba,
549 4057 611 4108 i'bu.
636 4055 717 4106 Paulo
727 4057 792 4120 post.
809 4053 844 4104 Ut
868 4051 1039 4104 sustinerent
1063 4050 1126 4102 dod.
1142 4051 1167 4101 1.
1200 4048 1354 4114 ⁷Qntnque
1369 4053 1465 4114 postea
1480 4050 1548 4100 Lem.
1568 4051 1635 4100 Peru.
1660 4053 1721 4103 bia.

61 4123 122 4176 ibor.
134 4129 212 4180 Sarr's.
226 4129 283 4180 NG.
306 4132 372 4182 Voss.
399 4131 435 4180 le.
458 4129 519 4178 ltu.
546 4128 611 4178 Voss.
637 4127 701 4176 Vici.
717 4123 918 4178 occiderentur
932 4123 1000 4172 Pem.
1064 4118 1240 4171 ‘Malachiam
1256 4117 1374 4185 Spiritus
1400 4121 1455 4170 Ver.
1489 4117 1599 4170 ¹Sient
1621 4121 1724 4185 stipula

62 4195 114 4246 Pru.
133 4200 197 4251 Voss.
212 4204 235 4252 1.
250 4202 288 4253 111
299 4199 363 4254 flod.
381 4201 402 4251 i.
439 4197 685 4251 ¹tbocenditliod.
703 4197 725 4247 1.
760 4193 780 4229 ¹¹
795 4195 861 4258 Ejus
872 4195 1021 4256 tempestas
1032 4191 1096 4243 liud.
1111 4191 1134 4242 3.
1149 4190 1248 4242 Validn
1263 4191 1331 4242 Pru.
1346 4191 1408 4242 llud.
1424 4191 1447 4242 3.
1485 4191 1634 4244 ¹¹Vocabit
1655 4193 1720 4244 Bed.

63 4265 79 4320 i.
92 4267 112 4326 ἰ.
124 4269 146 4330 3,
160 4272 182 4320 1.
195 4275 241 4322 Ar.
263 4274 334 4322 Lam.
357 4272 413 4322 Ver.
450 4267 651 4322 ⁴¹ttonttabunt
666 4269 741 4318 Soris
761 4267 826 4321 esu.
839 4269 862 4327 i,
882 4265 907 4328 i,
922 4267 947 4326 3,
962 4267 985 4316 1.
1021 4263 1040 4296 ¹¹
1058 4265 1126 4316 Nom
1143 4269 1171 4316 el
1191 4265 1275 4316 lsaias
1291 4263 1393 4316 Redi.
1416 4265 1483 4315 Voss.
1519 4265 1538 4298 ¹¹
1561 4263 1723 4318 concitabit

62 4343 395 4394 sacramentonum.
432 4340 566 4394 ¹¹Coram
579 4339 788 4392 tondenteliod.
814 4338 874 4398 1,1.
890 4340 950 4393 at.
980 4337 1037 4386 Ver.
1073 4335 1429 4401 ¹⁷Sienonaperuittam.
1453 4334 1529 4386 libor.
1564 4333 1584 4370 ¹¹
1610 4337 1721 4390 Patien.

61 4407 165 4462 tissimus
178 4415 323 4465 silentium
343 4414 375 4464 Ν.
396 4413 464 4463 cs.
500 4411 586 4462 ¹⁰Hio
606 4412 654 4476 qui
672 4409 836 4461 Lumls'bor.
857 4407 921 4458 llud.
939 4406 962 4457 1.
998 4407 1064 4456 ¹¹lu
1084 4407 1214 4472 passione
1234 4409 1313 4473 prius
1340 4407 1398 4456 Ver.
1432 4407 1720 4461 ¹·llanllestiuscur.

61 4475 169 4534 ¹¹iustos
183 4497 281 4536 omnes
301 4485 366 4535 Voss.
380 4486 402 4536 1.
436 4487 458 4518 ¹³
471 4481 630 4534 Vindictam
641 4480 760 4532 suiBod.
773 4483 796 4531 1.
828 4478 850 4514 ¹¹
866 4479 946 4530 Utait
960 4491 1244 4543 superomnenomen
1257 4481 1302 4529 Ar.
1314 4478 1385 4528 lem.
1401 4476 1478 4530 libor.
1513 4479 1570 4528 Ver.
1603 4478 1726 4532 ¹⁵Omna

61 4557 310 4608 teorrsurventlw.
327 4557 396 4608 bum.
415 4553 569 4606 liboaliod.
586 4555 608 4604 i.
629 4557 686 4605 Ver.
719 4553 741 4586 ¹¹
754 4553 863 4604 Restitit
882 4553 952 4600 Laus.
969 4550 1043 4600 libor.
1069 4551 1176 4602 Vocet.
1195 4549 1248 4600 Nc.
1262 4547 1325 4600 uod.
1345 4548 1405 4610 t‚i‚
1418 4547 1442 4599 3.
1476 4547 1496 4580 ¹⁷
1511 4547 1611 4599 adora.
1630 4549 1721 4614 Hujus

59 4621 87 4666 ir
104 4623 236 4678 diuitem.
257 4628 323 4677 Voss.
339 4628 362 4678 2.
396 4625 417 4660 ¹¹
432 4625 541 4676 Perdite
551 4624 729 4676 testinatione
744 4624 831 4674 Sor-is.
865 4621 887 4654 ¹⁹
904 4621 1068 4672 insistamus
1085 4625 1179 4672 autem
1194 4619 1283 4668 Sosis.
1320 4618 1523 4669 ¹¹choremns
1542 4618 1618 4669 tom.
1640 4617 1717 4669 tiber.

63 4688 107 4740 l'er.
138 4699 155 4728 ¹¹
168 4697 321 4762 vigilantes
333 4697 367 4749 ad
380 4697 470 4748 usum
482 4695 545 4747 Bod.
562 4695 585 4746 3.
619 4693 640 4727 ¹¹
653 4693 825 4746 coronemur
843 4693 908 4744 Vr'et.

685 4839 798 4924 Stepb.
821 4839 945 4904 Baiuzii
965 4844 1064 4904 notae.

81 4977 123 5058 titt
145 4979 222 5032 stote
242 4979 315 5030 cibe.
343 4981 373 5030 ln
397 4979 527 5032 undecim
558 4979 635 5030 libris
654 4977 993 5065 manuscriptisteneti
1011 4973 1161 5040 Amulphi,
1182 4971 1418 5056 perosoilentiem
1439 4970 1718 5054 nimlrnnr,utpute,

58 5045 140 5108 lenitur
154 5067 159 5100 :
175 5071 189 5098 s
203 5053 275 5104 Data
289 5055 330 5104 est
342 5052 460 5116 singulis
472 5052 543 5102 stola
556 5051 655 5101 elba.»
901 5047 1014 5099 librarii.
1028 5046 1145 5098 Exstant
1160 5057 1234 5096 enim
1257 5057 1285 5094 sn
1309 5043 1371 5094 aius
1388 5041 1467 5094 libris
1485 5040 1626 5093 veteribus
1644 5045 1670 5094 et
1687 5055 1716 5094 rn

82 5119 123 5184 tet
141 5125 271 5174 iustorum
298 5123 423 5175 omnium.
461 5121 557 5174 Codex
579 5121 732 5180 Laeliensia
760 5119 850 5172 iustos
900 5117 1077 5170 editionibus.

59 5201 129 5241 omma
141 5207 224 5244 secum
238 5195 341 5260 puriter
352 5195 559 5245 uindicaturum.
932 5191 979 5256 (30,
993 5192 1073 5240 umore
1081 5201 1150 5253 penu
1161 5187 1289 5253 testatur.
1297 5187 1408 5252 Septem
1417 5185 1480 5237 libri
1491 5187 1598 5237 veteres
1609 5183 1715 5237 habent

82 5261 122 5326 rit)
132 5265 207 5315 Peter
224 5267 321 5318 Deus...
342 5263 517 5330 iuter-uorum.
535 5264 604 5316 Haeo
620 5263 721 5316 desunt
736 5264 765 5315 in
778 5263 849 5314 libro
899 5267 1031 5325 sumetur,
1044 5265 1151 5326 septem
1163 5271 1334 5323 sermonum
1347 5269 1417 5322 pecu
1431 5261 1548 5308 curvent.
