4076 6190
219 270 252 331 et
893 274 969 330 viru
987 277 1014 331 S.
1035 275 1203 376 Cl'PDlANl.
1858 271 1891 326 ee

214 397 301 468 gaudi
311 396 354 452 sui
364 413 462 466 causa;
474 395 564 451 sedin
575 377 632 451 ulia
645 397 773 468 epistola,
785 413 889 468 nempe
901 396 1026 470 decima,
1040 413 1068 486 Α
1080 398 1220 454 dicerunt.
1236 397 1365 469 Cumque
1379 413 1425 456 res¹
1443 415 1458 446 ιι
1469 393 1566 458 ,minus
1580 393 1746 466 simpliciter
1757 396 1786 450 et
1797 393 1894 450 minus

216 491 338 547 declarat
350 490 464 562 jussisse
475 489 631 546 Dominum
641 492 674 545 ut
688 489 843 546 secederet.
856 493 885 546 ³⁰
895 491 1030 547 Maximus
1079 493 1217 561 fideliter,
1249 510 1263 543 ι
1294 493 1325 548 ut
1352 491 1391 546 ait
1419 490 1577 562 Cyprianus
1605 488 1687 561 epist.
1719 490 1766 555 l5,
1796 487 1894 542 luisset

214 583 262 639 ille
276 585 546 640 fratrumuumerus
566 584 614 656 qui
632 583 748 641 absente
765 584 904 656 Cypriane
918 585 1028 654 cecidit,
1079 586 1211 642 nunhata
1237 584 1296 640 sire
1322 583 1358 640 ab
1384 584 1437 640 hec
1461 582 1655 651 subdiacone,
1685 581 1742 636 sive
1769 579 1804 635 ab
1831 580 1894 634 aliis

216 693 275 734 nen
288 676 441 732 tormentis
454 681 484 732 et
498 677 668 733 cruciatibus
680 677 823 733 Christum
836 694 941 750 negare
953 694 1031 734 coac·
1080 679 1166 750 (huuc
1182 678 1260 734 euim
1276 695 1333 734 noe
1354 680 1468 733 accusat
1487 675 1670 748 Cyprianus),
1695 673 1766 728 duas
1790 673 1894 745 episte-

213 776 260 826 tus
275 774 327 840 est,
349 791 363 820 ιι
379 769 429 826 sed
444 770 482 826 ad
503 771 706 843 primastatim
721 772 808 828 rerba
826 772 959 827 minantis
974 771 1029 827 ini·
1079 774 1119 828 las
1141 788 1194 844 per
1214 771 1349 827 eumdem
1369 771 1561 827 Clementiam
1583 767 1787 840 Carthaginem
1812 767 1893 822 mise-

215 863 281 919 mici
299 862 387 920 fidem
405 879 485 919 seam
510 862 644 936 prodidit,
661 887 675 916 »ι
691 869 722 919 ut
739 863 770 920 iu
789 864 861 921 libre
882 866 915 921 de
935 867 1030 937 Copais
1080 872 1159 936 rent,
1173 867 1290 923 alteram
1301 866 1338 921 ad
1350 864 1524 936 Cyprianum
1535 863 1570 918 de
1581 867 1675 918 morte
1686 860 1814 928 Fabiani,
1828 876 1892 932 quae

214 957 348 1029 legimus.
370 957 416 1014 Sie
436 957 532 1014 auimo
550 957 658 1014 affectis
679 957 781 1015 melius
801 960 949 1015 consulere
971 975 1030 1015 neu
1080 959 1197 1032 quidem
1210 960 1245 1015 ad
1259 977 1310 1014 nes
1324 959 1467 1031 pervenit,
1483 958 1602 1012 alteram
1615 956 1651 1010 ad
1663 954 1751 1026 ipsius
1768 955 1891 1021 clerum;

215 1054 326 1122 peterat
344 1051 517 1123 Cyprianus,
543 1067 629 1124 quam
654 1051 677 1106 si
703 1067 750 1108 ees
776 1051 813 1107 ad
838 1052 1030 1108 recedendum
1080 1071 1243 1127 quanquam
1260 1054 1300 1108 ait
1312 1053 1479 1124 Cyprianus,
1494 1070 1508 1102 e
1524 1065 1576 1106 nec
1589 1049 1653 1121 quis
1670 1047 1824 1120 scripserit,
1840 1057 1893 1102 uec

217 1144 348 1215 exemplo
361 1159 413 1200 auo
426 1144 598 1203 hertaretur.
613 1146 643 1200 4⁰
656 1144 793 1202 Obserrat
805 1147 920 1202 Pontius
933 1145 1029 1202 divino
1079 1147 1114 1203 ad
1139 1163 1211 1220 ques
1240 1147 1376 1218 scriptum
1403 1145 1440 1200 sit
1465 1143 1661 1214 significanter
1686 1156 1850 1213 expressum
1876 1161 1891 1190 u

217 1236 333 1292 consilio
346 1241 491 1292 serratum
506 1253 566 1293 esse
579 1238 762 1310 cyprianum,
778 1239 838 1311 qui,
853 1254 918 1294 cum
936 1239 1030 1294 Eccle·
1079 1241 1175 1296 fuisse.
1190 1242 1221 1296 lu
1235 1240 1289 1294 hae
1301 1239 1431 1311 epistola,
1445 1254 1510 1310 quse
1522 1236 1608 1293 tertio
1626 1236 1687 1290 loce
1703 1233 1778 1305 apud
1792 1234 1892 1288 Pam·-

217 1331 258 1385 sia
274 1329 428 1386 maximam
442 1330 550 1386 cladem
564 1331 718 1403 accepisset
733 1332 928 1404 persecutione
942 1332 1029 1401 Decii,
1080 1335 1149 1390 lium
1173 1333 1307 1400 volvitur,
1330 1333 1383 1387 etsi
1407 1331 1478 1386 nihil
1501 1329 1670 1386 nominatim
1692 1326 1727 1383 de
1753 1327 1894 1399 Cypriane

219 1445 233 1473 ι(
245 1425 347 1496 lposset
365 1424 475 1480 saucies
490 1423 622 1480 homiues
639 1428 668 1479 et
683 1426 758 1481 aeria
771 1426 961 1498 expungentis
974 1425 1029 1480 iui-
1081 1427 1136 1484 uisi
1157 1426 1311 1484 honorilice
1327 1425 1440 1492 dicitur,
1460 1425 1499 1479 sic
1520 1429 1615 1479 tamen
1634 1423 1669 1478 de
1688 1420 1762 1476 illius
1782 1436 1892 1476 secessu

216 1517 282 1572 mici
309 1521 369 1573 arte
388 1517 548 1588 jaculatos,
577 1517 706 1574 adhibita
732 1519 882 1575 medicina·
909 1517 1030 1574 coelestis
1079 1523 1244 1594 loquuntur,
1259 1519 1382 1576 utillum
1397 1519 1516 1574 minime
1534 1517 1675 1589 probent:
1696 1516 1784 1572 sicde
1804 1514 1893 1570 boue-

214 1611 337 1677 medela,
358 1627 409 1683 pre
428 1611 564 1683 qualitate
585 1611 711 1666 vulneris
734 1612 776 1667 rel
796 1628 892 1668 secare
911 1612 1030 1667 interim
1081 1632 1144 1671 rum
1158 1619 1305 1687 pasterum
1318 1614 1391 1668 netis
1405 1613 1557 1679 disserunt,
1571 1609 1654 1682 quasi
1666 1627 1712 1666 eas
1728 1609 1892 1666 desiderent

215 1702 386 1760 vallavere.
414 1726 428 1756 ιι
455 1705 525 1760 Rem
550 1705 641 1762 exitus
664 1706 871 1778 comprobarit.
897 1707 1030 1762 Testatur
1080 1711 1109 1764 in
1128 1709 1287 1782 Cyprian03
1308 1708 1347 1762 sic
1373 1705 1496 1777 denique
1519 1705 1615 1776 gregis
1638 1705 1791 1759 custodiam
1814 1703 1890 1757 clere

216 1797 293 1852 euim
312 1801 410 1853 auctor
427 1798 493 1854 libri
512 1800 549 1854 od
565 1802 748 1858 Noeete'ouum
772 1801 924 1855 haereticum
939 1819 952 1852 ι
966 1777 1298 1875 illosBCauhagineusi
1311 1801 1523 1867 commendaui,
1538 1799 1621 1870 quasi
1640 1798 1723 1854 vidua
1743 1803 1816 1853 esset
1830 1797 1892 1869 epi·

217 1889 266 1962 qui
278 1891 372 1963 prima
386 1892 455 1960 acie,
470 1892 584 1947 »idest
599 1913 612 1942 ι(
627 1893 750 1948 Deciana
762 1893 960 1964 persecutione
973 1894 1031 1948 vrsl·
1080 1913 1165 1968 scope
1182 1897 1310 1952 ecclesia.
1324 1895 1395 1950 lllud
1410 1894 1497 1950 etiam
1510 1893 1652 1965 Cypriane
1667 1893 1818 1946 molestum
1833 1907 1894 1944 esse

216 1989 307 2044 norati
320 1988 446 2060 luerunt,
463 1991 516 2046 hes
529 1993 636 2061 postea,
650 1990 678 2046 id
693 1989 755 2064 95
770 1996 813 2046 ιιι
825 1992 947 2047 secunde
961 2008 1031 2062 prae·
1080 1997 1190 2063 peterat
1202 1989 1281 2063 qued
1295 1989 1401 2044 clerum
1418 1988 1672 2058 Carthaginensem
1691 1985 1812 2041 Romani
1830 1981 1893 2056 96

216 2082 263 2150 lie,
278 2082 316 2137 ita
328 2081 440 2138 sortiter·
453 2099 649 2154 perseverasse
660 2089 701 2152 ut,
713 2087 930 2140 contemnentes
940 2085 1031 2140 edicta
1080 2087 1215 2157 rogarent
1228 2087 1259 2138 ut
1272 2083 1374 2137 harum
1394 2082 1553 2136 litterarum
1573 2079 1740 2150 exemplum
1754 2077 1789 2133 ad
1807 2093 1895 2148 ques-

216 2176 397 2230 saecularium
408 2176 579 2248 principum,
588 2176 642 2233 hec
650 2176 786 2232 invictum
796 2177 945 2247 haberent,
953 2177 1031 2251 qued
1081 2195 1193 2250 eaeque
1207 2179 1300 2248 posset
1309 2174 1514 2232 transmitteret
1525 2189 1575 2246 per
1588 2173 1707 2229 idoneas
1719 2171 1894 2239 occasiones,

217 2273 245 2322 et
268 2283 326 2323 neu
347 2273 510 2325 metuerent
523 2270 653 2341 exemplo
677 2269 743 2325 beni
763 2270 885 2341 pastoris
905 2271 1031 2326 animem
1080 2273 1123 2328 vel
1138 2288 1201 2327 suas
1213 2271 1329 2326 iaceret.

217 2377 298 2417 suam
316 2362 428 2418 tradere
443 2363 655 2435 etsanguiuem
673 2363 803 2432 feudare,
817 2381 870 2420 uec
887 2365 972 2420 ullam
985 2365 1030 2420 in·
1116 2367 1171 2422 llas
1185 2364 1252 2420 cleri
1274 2362 1395 2421 Romani
1416 2362 1522 2417 litteras
1541 2377 1616 2416 circa
1636 2375 1765 2416 mensem
1785 2359 1894 2414 maium

218 2455 355 2510 senientis
375 2456 489 2527 tyranni
509 2457 646 2512 saevitiam
667 2473 838 2514 recusare.»
855 2462 884 2512 5⁰
904 2460 1031 2531 lienique
1082 2457 1423 2526 collecatTillementius;
1438 2456 1486 2510 sed
1501 2455 1652 2510 verisimile
1665 2470 1722 2508 nen
1741 2454 1779 2508 sit
1791 2453 1896 2508 liema-

218 2547 258 2603 sic
272 2563 389 2620 corpere
405 2547 495 2605 abluit
507 2550 675 2622 Cyprianus,
688 2557 722 2606 ut
737 2551 834 2606 animo
853 2557 882 2606 et
901 2553 1032 2608 sellicitu-
1082 2571 1134 2609 eos
1153 2552 1189 2607 de
1203 2557 1298 2607 morte
1316 2551 1405 2618 Fabii,
1420 2549 1469 2621 qui
1485 2549 1530 2604 die
1543 2548 1676 2603 vicesima
1685 2547 1806 2618 januarii
1822 2561 1898 2600 mar·

218 2641 284 2697 dine
303 2641 435 2697 omuibus
454 2642 540 2698 rebus
558 2643 719 2714 interesset,
743 2661 796 2700 nee
818 2644 887 2700 ullas
907 2646 1032 2718 episcopi
1081 2652 1127 2718 tyr
1147 2645 1233 2713 obiit,
1254 2648 1313 2699 tam
1337 2660 1400 2698 sero
1421 2642 1592 2715 Cyprianum
1614 2641 1712 2696 fecisse
1733 2639 1895 2695 certiorem.

220 2737 314 2806 partes
341 2735 583 2807 praetermitteret.
607 2737 759 2792 Discedens
783 2737 918 2793 omnibus
946 2739 1032 2794 rebus
1082 2739 1197 2798 Etiamsi
1207 2737 1364 2810 persecutio
1374 2737 1537 2792 facultatem
1547 2735 1634 2806 hujus
1645 2733 1685 2789 rei
1697 2733 1896 2805 praeclusisset,

217 2827 391 2899 providerat,
416 2829 565 2898 pecuniam
593 2829 672 2901 apud
698 2830 814 2886 clericos
838 2831 1031 2901 distribuerat,
1082 2841 1113 2890 ut
1126 2833 1241 2904 conjicit
1254 2831 1459 2897 tillemontius,
1479 2829 1601 2883 nimium
1617 2835 1715 2884 tamen
1736 2826 1896 2882 intercede-

219 2939 234 2970 «
250 2925 282 2975 ut
294 2921 432 2978 habereut
444 2922 540 2994 plures
553 2923 628 2978 nude
641 2923 678 2979 ad
691 2924 875 2980 necessitates
884 2929 913 2980 et
924 2941 1034 2997 pressu·
1081 2928 1130 2984 hat
1141 2925 1305 2982 commercii
1321 2928 1440 2982 Romam
1456 2925 1531 2978 iuter
1544 2928 1573 2976 et
1585 2921 1798 2994 Carthaginem,
1809 2934 1899 2991 quam

217 3031 264 3070 ras
275 3013 456 3087 singulorum
471 3016 584 3087 operari
597 3017 708 3088 possint
720 3017 812 3089 (epist.
830 3018 867 3090 5).
888 3036 902 3069 ι
918 3019 1033 3074 Videtur
1082 3023 1115 3076 ut
1127 3021 1163 3076 de
1177 3025 1235 3076 tam
1248 3019 1354 3090 insigni
1369 3022 1471 3073 eventu
1489 3031 1540 3088 per
1551 3021 1675 3088 quatuor
1687 3029 1800 3068 menses
1816 3033 1831 3062 ιι
1848 3029 1899 3067 ru-

217 3107 250 3164 in
269 3123 382 3164 secessu
404 3110 516 3166 assidue
536 3110 674 3166 sacrificia
694 3110 840 3180 obtulisse,
855 3111 1070 3215 ministrantec
1084 3131 1147 3171 mer
1162 3115 1286 3169 incertus
1299 3117 1373 3168 esset
1389 3115 1419 3166 et
1433 3110 1528 3182 opinio
1546 3108 1632 3165 dubia
1646 3114 1768 3170 nutaret,
1783 3126 1796 3158 ι
1812 3109 1844 3162 ut
1858 3106 1900 3162 ait

218 3200 327 3257 Victore
342 3201 471 3272 diacone,
486 3203 534 3275 qui
547 3219 613 3258 eum
631 3219 696 3258 cum
710 3203 771 3258 aliis
783 3204 927 3260 nonnullis
945 3205 1032 3260 comi·
1082 3209 1239 3281 Cyprianus
1254 3207 1335 3277 epist.
1350 3206 1375 3260 t.
1390 3204 1498 3260 Deinde
1514 3218 1580 3258 rere
1595 3218 1628 3257 er
1641 3201 1762 3273 epistola
1775 3199 1899 3256 Celerini

218 3298 292 3348 tatus
304 3295 397 3350 fuerat
409 3295 490 3366 (Epp.
511 3299 537 3364 5,
557 3297 612 3367 37).
633 3298 757 3353 aderaut
776 3296 921 3352 interdum
939 3298 1033 3369 plures
1082 3302 1117 3358 ad
1131 3301 1286 3357 lucianum
1302 3299 1388 3370 (iuter
1404 3297 1586 3370 cyprianicas
1605 3297 1650 3366 tl)
1670 3295 1804 3350 discimus
1821 3309 1900 3349 sera-

219 3385 354 3458 episcepi,
369 3389 399 3442 et
414 3403 472 3442 ene
485 3404 550 3444 eum
565 3389 708 3462 Cypriane
722 3390 868 3445 Aurelium
883 3394 912 3445 et
928 3391 1029 3446 Celeri·
1084 3395 1163 3467 ginta
1178 3394 1304 3466 quinque
1324 3392 1500 3448 confessores
1520 3391 1641 3447 Romam
1660 3388 1833 3459 Carthagine
1848 3404 1898 3442 ve-

218 3495 290 3536 num
308 3479 521 3552 ordinaverunt,
536 3488 568 3537 ut
581 3486 657 3554 patet
670 3500 703 3537 ex
716 3499 781 3556 epp.
798 3486 830 3540 33
846 3489 876 3540 ιι
894 3487 938 3540 at.
959 3485 1034 3550 Quin
1084 3488 1158 3544 nisse
1186 3488 1270 3560 paule
1301 3489 1366 3558 pest
1396 3485 1502 3540 Pascha
1533 3490 1583 3540 aut
1613 3484 1688 3540 ferte
1715 3483 1802 3538 etiam
1831 3486 1899 3536 ante

218 3573 305 3628 etiam
322 3573 357 3628 de
373 3575 517 3630 sacrificiis
532 3575 590 3632 suis
601 3576 641 3631 sic
655 3576 792 3648 loquitur,
809 3579 840 3632 ut
855 3578 1033 3650 frequentem
1083 3583 1196 3650 Pascha,
1212 3580 1290 3654 quod
1304 3581 1358 3635 hec
1374 3595 1450 3634 anuo
1468 3578 1568 3634 incidit
1589 3578 1618 3632 in
1636 3576 1714 3632 diem
1729 3581 1745 3632 7
1759 3575 1846 3648 April.
1863 3591 1900 3630 ex

218 3667 355 3738 populum
372 3683 561 3741 congregasse
582 3669 719 3726 videatur.
739 3670 784 3726 uie
802 3671 880 3726 enim
899 3671 930 3726 in
950 3672 1031 3744 epist.
1083 3677 1162 3749 cyclo
1177 3673 1302 3742 Victorii,
1316 3679 1364 3730 aut
1377 3675 1406 3728 31
1425 3677 1510 3727 mart.
1525 3689 1559 3727 ex
1578 3671 1657 3742 cyclo
1678 3669 1831 3742 llippolyti.
1849 3670 1898 3724 ln-

221 3764 265 3830 1θι
279 3777 342 3833 (ιῦῑθ
355 3764 398 3818 θθῑ
415 3761 453 3818 “ti
469 3765 631 3830 ⁶⁰t¹st⁸8⁰t⁶⁸
651 3765 807 3821 Romanos:
823 3766 885 3820 «Et
901 3782 954 3822 11⁰⁵
973 3766 1033 3837 qui·
1084 3770 1158 3827 dicat
1175 3771 1273 3824 ιιιιιιιι
1294 3768 1386 3822 clerus
1401 3767 1547 3822 Romanus
1567 3765 1597 3820 in
1617 3763 1720 3820 litteris
1739 3763 1775 3820 de
1797 3763 1900 3834 quibus

220 3854 296 3924 dem,
311 3855 395 3910 vestri
405 3855 506 3912 diebus
519 3873 551 3912 ac
564 3857 695 3912 uectibus
709 3874 861 3926 memores,
877 3864 906 3915 et
920 3859 1033 3932 quaudo
1084 3879 1160 3918 nuuc
1172 3862 1295 3935 agimus,
1314 3860 1459 3916 neminem
1479 3858 1652 3929 Carthagine
1672 3857 1781 3912 veniae
1795 3873 1827 3913 ex
1842 3871 1900 3927 que

220 3947 249 4003 in
263 3947 407 4005 sacrificiis
419 3965 535 4022 precem
548 3967 613 4006 cuer
628 3951 759 4023 pluribus
777 3953 908 4021 facimus,
922 3959 951 4008 et
969 3969 1035 4008 cum
1085 3955 1120 4012 de
1134 3971 1247 4010 secessu
1260 3954 1393 4026 Cypriani
1409 3953 1513 4008 certior
1523 3952 1586 4007 ilari
1602 3955 1704 4022 posset,
1718 3956 1823 4023 praeter
1834 3949 1899 4004 Cle·

220 4042 250 4096 in
265 4059 374 4099 secessu
390 4043 506 4115 priuatis
518 4045 652 4116 precibus
667 4062 793 4115 oramus,
806 4046 920 4102 coronis
932 4063 966 4102 ec
977 4046 1036 4101 lau·
1084 4049 1226 4106 mentium
1242 4049 1457 4104 subdiaconum.
1481 4046 1566 4102 llulto
1585 4060 1653 4116 erge
1670 4043 1841 4116 probabilius
1855 4045 1902 4098 est

221 4133 304 4190 dibus
323 4136 423 4191 restris
442 4138 555 4209 plenam
572 4139 724 4196 aDomiuo
739 4139 890 4196 larentiam
913 4139 1036 4210 postula·
1085 4145 1158 4200 hauc
1173 4143 1320 4215 epistolam
1334 4155 1434 4198 meuse
1448 4139 1550 4196 martio
1567 4139 1681 4194 allatam
1693 4138 1790 4194 ruisse.

222 4243 295 4284 mus.
310 4251 324 4280 u
340 4231 410 4285 Cum
424 4235 521 4286 autem
541 4233 673 4288 Ecclesiae
694 4249 790 4288 curam
814 4232 985 4304 presbyteris
1006 4237 1035 4288 et
1121 4236 1175 4292 Sed
1197 4235 1294 4308 objicit
1314 4233 1509 4291 Tillemoutius
1528 4232 1704 4304 Cyprianum
1728 4231 1758 4286 in
1781 4230 1901 4303 epistola

221 4321 346 4378 maeonis
357 4325 557 4392 commisisset,
572 4343 603 4380 ae
615 4331 766 4397 praeterea,
788 4330 819 4381 ut
835 4326 922 4398 ipsius
941 4325 1035 4382 verbis
1087 4335 1129 4400 ts,
1154 4345 1241 4401 quem
1265 4333 1360 4384 astate
1386 4327 1522 4398 scriptam
1546 4325 1633 4382 luisse
1658 4329 1778 4392 constat,
1800 4324 1840 4379 sic
1861 4323 1901 4378 de

222 4419 332 4471 uterer
342 4417 424 4490 epist.
435 4420 479 4486 38,
491 4419 706 4489 presericaries
717 4419 840 4474 misisset
850 4419 920 4475 duos
931 4418 1036 4490 episco-
1086 4424 1130 4480 his
1146 4423 1222 4481 Cleri
1242 4420 1363 4478 Romani
1382 4419 1486 4475 litteris
1503 4419 1593 4492 loqui,
1608 4424 1639 4474 ut
1657 4435 1705 4474 ιιι
1718 4434 1809 4489 nuper
1828 4417 1900 4472 mis-

221 4524 285 4580 pos,
297 4509 465 4568 Caldenium
479 4515 509 4566 et
523 4513 726 4580 flemmarum,
747 4513 850 4585 quibus
868 4504 1075 4584 adjunxeratD
1086 4533 1132 4573 sas
1144 4533 1205 4572 esse
1226 4513 1310 4570 dicat.
1333 4515 1440 4578 Quaerit
1458 4511 1562 4569 deiude
1581 4528 1641 4580 cur,
1662 4527 1727 4568 cum
1742 4511 1903 4584 Cyprianus

221 4601 414 4674 Rogatianum
424 4611 453 4662 et
462 4605 641 4664 Numidicum
651 4608 842 4680 preshytems,
854 4607 890 4662 de
903 4605 1036 4662 omuibus
1086 4611 1131 4667 his
1154 4610 1256 4666 litteris
1279 4609 1373 4664 statim
1395 4605 1588 4678 responderit,
1609 4606 1733 4662 Romani
1756 4609 1814 4661 tam
1837 4619 1902 4659 sero

221 4695 258 4752 ad
271 4711 337 4753 eum
353 4698 539 4768 referebatur,
554 4717 607 4756 nec
621 4701 779 4774 quidquam
793 4701 829 4756 ah
844 4717 878 4756 eo
898 4699 1036 4756 omissum
1086 4702 1282 4775 rescripserint
1294 4720 1300 4756 :
1312 4701 1441 4757 nendum
1453 4701 1530 4756 euim
1543 4699 1573 4755 id
1585 4699 1725 4767 lacerant,
1734 4714 1802 4754 cum
1814 4697 1901 4770 epist.

221 4790 299 4863 qued
312 4791 427 4864 quidem
446 4793 482 4848 ad
498 4809 639 4866 pauperes
653 4795 853 4862 sublevandos,
866 4793 903 4849 ad
924 4793 1036 4849 confes·
1089 4801 1120 4853 ι5
1130 4797 1265 4852 scriberet
1275 4795 1441 4867 Cyprianus.
1452 4792 1527 4848 Nihil
1541 4791 1642 4865 prebat
1653 4792 1733 4860 illud,
1747 4811 1760 4844 ι
1773 4806 1874 4862 nuper,
1884 4813 1900 4842 a

222 4899 300 4939 sores
317 4885 509 4942 cohortandos
525 4903 558 4943 uc
572 4888 721 4944 interdum
741 4887 827 4944 etiam
847 4885 1035 4958 castigandos,
1088 4890 1165 4964 quod
1188 4905 1239 4960 pre
1260 4887 1338 4944 aeria
1360 4887 1401 4942 rei
1419 4885 1637 4941 considerandae
1659 4885 1770 4940 ratione
1792 4884 1903 4940 variam

222 4976 257 5030 ed
268 4976 415 5048 lapsorum
427 4980 525 5036 ruinas
534 4982 719 5053 reparandas,
728 4982 764 5038 ad
776 4981 934 5052 disciplina
945 4979 1038 5036 obser
1087 4983 1174 5040 habet
1182 4983 1363 5038 seutentiam.
1377 4979 1547 5052 Cyprianus,
1559 4979 1589 5034 iu
1602 4979 1682 5050 epist.
1697 4982 1742 5046 65,
1756 4977 1903 5050 quoddam

222 5069 367 5126 rationem
377 5075 406 5126 et
415 5073 547 5128 Ecclesia
558 5074 783 5146 pacificationem
796 5074 960 5146 pertineret.
973 5072 1036 5141 Sed,
1087 5085 1299 5134 antecessorum
1314 5090 1433 5130 suorum
1446 5073 1593 5129 decretum
1607 5071 1782 5144 jampridem
1802 5087 1834 5126 ae
1847 5087 1902 5126 uu-

223 5162 412 5234 quialitteras
425 5164 501 5221 itlius
514 5165 544 5222 iu
557 5183 667 5224 secessu
687 5169 804 5240 scriptas
824 5167 874 5223 alii
895 5166 977 5223 aliter
991 5183 1037 5222 er·
1085 5171 1253 5245 pertaesum
1267 5185 1328 5226 esse
1348 5167 1426 5223 dicit.
1446 5166 1539 5224 Potuit
1560 5181 1630 5238 erge
1651 5165 1745 5222 dicere
1766 5180 1855 5235 nuper
1872 5181 1905 5222 se

224 5255 335 5325 dieunt,
349 5273 406 5313 uon
420 5259 609 5330 perhancterie
623 5261 704 5316 nobis
719 5261 907 5316 examinanda
926 5277 971 5316 res
985 5266 1037 5316 est.
1088 5265 1232 5335 accepisse
1243 5261 1391 5334 epistolam
1403 5265 1470 5316 ante
1484 5264 1609 5331 quatuor
1619 5273 1730 5314 menses
1743 5263 1905 5330 acceptam,

223 5359 291 5414 vlll.
307 5389 342 5400 -·
357 5361 393 5415 Dc
406 5361 503 5417 uuae
516 5363 583 5418 cleri
600 5365 716 5420 Romani
733 5364 925 5430 Οιιιιιιιριιιιιιι
938 5364 1037 5425 metris,
1089 5373 1154 5415 crum
1170 5355 1329 5430 prasertim
1348 5354 1427 5409 uella
1440 5354 1495 5408 elia
1514 5367 1567 5424 per
1586 5355 1677 5408 totum
1699 5351 1770 5407 illud
1790 5358 1907 5422 tempus

265 5442 411 5510 imbuam
426 5440 595 5513 CtPt't'flmtm
612 5445 744 5499 mem
758 5445 923 5498 nuntiatum
937 5447 987 5498 ιιι·
1089 5451 1207 5524 epistola
1228 5447 1524 5504 sentententiae
1545 5444 1677 5517 expedita
1697 5445 1769 5500 ratio
1790 5449 1833 5500 est
1854 5460 1908 5500 cur

259 5547 417 5620 Presbyteri
433 5553 463 5605 et
483 5549 594 5606 diaconi
612 5551 744 5619 Romani,
765 5549 802 5605 ad
822 5565 903 5622 ques,
926 5551 1038 5605 mortue
1090 5544 1212 5601 Romani
1238 5540 1366 5596 neudum
1396 5540 1537 5612 Cypriane
1566 5538 1779 5611 respondissent
1807 5553 1908 5594 meuse

223 5640 357 5706 Fabiano,
369 5657 466 5698 rerum
479 5643 771 5700 administrandarum
781 5659 895 5700 summa
905 5643 1038 5711 redierat,
1087 5638 1173 5710 julie;
1185 5635 1311 5692 nendum
1321 5635 1399 5689 enim
1412 5633 1588 5706 suspiciones
1601 5633 1799 5705 deposuerant,
1810 5631 1909 5687 adhuc

223 5750 255 5792 ex
275 5734 444 5807 Clementie,
466 5737 533 5806 sire,
554 5741 587 5792 ut
607 5742 687 5794 vocat
710 5735 850 5805 ltaluzius,
876 5734 1040 5793 Crementie
1090 5731 1226 5803 patebant
1239 5743 1433 5786 eorumaures
1445 5728 1551 5799 iniquis
1563 5726 1754 5794 sermonibus,
1767 5725 1908 5782 stridere

225 5828 399 5887 subdiacone
415 5831 632 5904 Carthaginensi
651 5831 687 5888 de
709 5831 843 5906 Cypriani
862 5845 975 5888 secessu
996 5827 1040 5884 di·
1090 5830 1132 5884 est
1143 5825 1226 5882 initio
1239 5823 1321 5897 epist.
1337 5825 1379 5879 ¹5·
1394 5821 1584 5888 Quamobrem
1597 5835 1654 5877 ⁰⁰¹1
1668 5819 1840 5894 respendere
1852 5823 1908 5875 ⁵1³·
