4076 6190
121 288 171 344 105
805 281 880 345 ttfa
899 288 927 344 S.
948 278 1115 346 CYPlithi.
1750 294 1800 348 tos

118 405 205 477 possit
233 421 240 460 :
268 406 447 462 demonstrat
472 423 501 463 se
528 405 577 462 diu
604 408 770 478 patientiam
796 411 976 494 tenuissem
1021 407 1069 463 llis
1087 407 1191 464 litteris
1207 423 1264 462 non
1283 409 1432 480 respondit
1445 409 1550 480 clerus3
1565 411 1613 466 sed
1631 409 1716 482 paulo
1737 417 1802 484 post

117 499 175 568 sed,
203 515 270 554 cum
295 501 413 573 quidam
440 501 532 572 plebis
557 503 793 574 tranquillitatem
820 503 934 559 turbare
985 501 1152 573 Cyprianus,
1174 501 1209 556 ad
1232 501 1387 558 custodiam
1409 505 1505 575 gregis
1526 520 1642 576 semper
1663 508 1798 575 attentus,

116 599 259 648 conentur
273 609 306 649 ao
322 597 416 650 totum
430 593 482 649 sibi
498 594 652 663 vindicent,
669 599 763 652 tacere
783 597 858 652 ultra
877 614 934 654 non
984 611 1050 651 cum
1065 597 1174 650 rideret
1186 595 1237 650 sibi
1251 597 1413 652 facultatem
1432 597 1569 654 redeundi
1584 599 1712 654 nondum
1726 617 1798 668 esse,

115 691 265 759 oportere3
281 687 469 743 dissimulasse
482 705 512 743 se
525 705 638 761 semper
655 695 684 746 ct
702 691 850 762 pertulisse
865 708 935 748 con·
984 694 1014 744 et
1032 689 1092 760 jam
1114 695 1242 746 estatem
1264 689 1393 761 coepisse,
1416 691 1493 761 quod
1512 694 1625 763 tempus
1647 691 1798 749 infirmita-

115 780 251 834 tnmelias
266 780 456 852 episcopatus,
470 781 522 837 sed
537 797 613 838 nuuc
628 781 827 840 dissimulandi
841 785 935 842 locum
984 783 1059 840 tibus
1082 782 1201 839 assiduis
1222 789 1252 840 et
1274 783 1408 856 grauibus
1430 784 1589 852 infestatur,
1610 792 1639 842 et
1662 786 1747 858 lapsis
1770 790 1800 843 et

114 889 174 928 non
193 889 259 929 esse
274 895 289 924 a
304 873 420 946 qnando
441 874 582 948 decipitur
598 876 762 933 fraternitas
780 895 797 934 a
816 880 933 950 quibus·
985 875 1165 932 audientibus
1183 875 1393 948 providendum
1412 877 1590 933 existimavit.
1605 879 1723 950 Scripsit
1743 880 1794 936 ita-

112 966 184 1022 dam
199 968 260 1039 qui,
273 968 342 1024 dum
355 969 418 1025 sine
430 969 540 1025 ratione
551 971 736 1026 restituendae
746 972 844 1028 salutis
857 973 935 1046 plau·
984 987 1040 1044 que
1063 971 1144 1042 epist.
1166 973 1198 1026 l3
1221 971 1259 1026 ad
1280 969 1397 1034 Gtcrtsm,
1418 971 1448 1025 in
1473 987 1530 1042 qua
1551 971 1637 1027 edicit
1659 976 1690 1027 ut
1711 973 1798 1045 lapsis

113 1059 213 1116 sibiles
229 1077 290 1118 esse
303 1061 431 1134 cupiunt,
444 1063 536 1135 magis
549 1064 634 1136 lapsis
649 1063 761 1122 obsunt.
777 1087 791 1115 u
984 1063 1092 1120 libellos
1106 1069 1264 1136 martyrum
1286 1063 1466 1133 habentibus,
1487 1065 1510 1118 si
1528 1065 1686 1137 periculose
1706 1083 1797 1140 aegre·

150 1153 353 1211 tillemontius
367 1157 470 1212 merito
485 1157 668 1212 Lombertum
683 1159 795 1228 refellit,
810 1161 934 1232 quihac
983 1160 1121 1228 tavermt,
1151 1159 1226 1230 apud
1260 1157 1458 1230 presbyterum
1492 1174 1693 1230 quemcunque
1725 1177 1799 1230 pre·

112 1249 204 1304 verba
231 1249 361 1321 ajarsdem
382 1251 510 1321 Epistola
530 1253 567 1306 ud
589 1251 706 1316 Cleum,
729 1273 743 1302 u
765 1257 795 1308 ut
817 1253 933 1310 interim
984 1257 1106 1320 sentem,
1130 1253 1174 1307 rel
1198 1251 1221 1307 si
1245 1251 1394 1324 presbyter
1416 1257 1546 1322 repertus
1569 1269 1627 1308 non
1650 1253 1747 1322 fucrit,
1771 1258 1800 1309 et

111 1341 325 1414 prohibeantur
336 1343 448 1414 offerre,
463 1367 477 1394 a
493 1344 533 1400 sic
546 1345 751 1417 interpretatur
765 1349 846 1420 quasi
859 1351 934 1404 vetet
983 1363 1087 1417 urgere
1101 1347 1190 1402 exitus
1204 1345 1331 1418 coeperit,
1347 1345 1424 1417 apud
1434 1345 1585 1401 diaconum
1600 1361 1714 1419 quoque
1730 1363 1797 1404 exo·

110 1436 235 1492 interim
260 1437 416 1510 Cyprianus
438 1455 474 1493 ne
496 1439 654 1510 presbyteri
674 1439 796 1496 oderant
818 1443 934 1498 nomina
983 1440 1142 1512 mologesin
1170 1439 1264 1495 delicti
1288 1439 1330 1494 sni
1354 1440 1447 1495 facere
1473 1438 1565 1510 hceat,
1593 1441 1679 1496 modo
1703 1445 1800 1498 brnen

111 1532 277 1601 lapsumm.
305 1531 457 1587 Contendit
486 1532 683 1590 tillemontius
714 1535 849 1608 suspendi
881 1537 933 1592 hos
984 1537 1143 1606 martyrum
1165 1533 1356 1606 praerogativa
1376 1532 1450 1604 apud
1471 1534 1563 1588 Deum
1585 1533 1713 1604 adjuvari
1734 1551 1799 1607 pos-

111 1624 307 1695 presbyteros,
323 1627 371 1679 aut
385 1625 484 1680 saltem
498 1627 693 1698 suspensionis
707 1629 800 1684 minas
817 1629 872 1684 illis
887 1629 931 1685 in·
982 1629 1048 1682 sint.
1064 1626 1179 1686 Ceteris
1194 1625 1244 1698 qui
1260 1642 1319 1682 non
1335 1631 1502 1696 acceperant
1514 1625 1636 1694 libellos,
1654 1627 1701 1682 sed
1717 1628 1801 1682 mites

109 1717 232 1784 teneri,
251 1732 304 1773 nec
323 1733 370 1773 eos
389 1721 486 1774 umen
506 1712 726 1792 deponi.'llddit
743 1722 822 1778 idem
841 1723 932 1778 risum
984 1725 1012 1777 et
1027 1720 1150 1776 humiles
1165 1720 1360 1792 poenitentiam
1373 1719 1506 1791 agebant,
1517 1719 1644 1775 futurum
1661 1721 1802 1792 promittit

111 1811 201 1866 fuisse
219 1811 348 1882 Baronio,
363 1815 468 1868 etanta
480 1829 545 1868 eum
561 1815 693 1882 Pamelio,
707 1816 789 1887 cujus
804 1791 1015 1873 observa-But
1029 1813 1085 1869 illis
1106 1829 1220 1885 quoque
1241 1812 1338 1868 divino
1361 1811 1487 1867 remedio
1506 1813 1678 1869 consulatur.
1695 1813 1799 1870 Simili·
1891 1833 1893 1842 ¹

111 1905 153 1960 tio
169 1905 200 1960 in
214 1903 356 1960 editiones
371 1905 470 1960 Priorii
486 1913 513 1962 et
527 1907 596 1963 felli
614 1909 761 1964 translata.
776 1909 841 1981 Sed,
855 1911 934 1982 quod
984 1913 1029 1964 ter
1043 1907 1201 1980 praescribit
1218 1911 1250 1962 ut
1264 1905 1448 1962 audientibus
1463 1905 1588 1962 divinam
1608 1907 1728 1979 gratiam
1743 1908 1799 1962 im·

111 2015 182 2070 pace
196 2005 240 2054 tot
256 1998 406 2054 hominurn
423 1998 651 2056 doctissimorum
672 2001 801 2074 dixerim,
816 2004 933 2076 Cypria·
984 2000 1160 2073 plorantibus
1188 1999 1380 2055 misericordia
1407 1997 1519 2054 ltonrini
1545 2015 1604 2055 non
1632 2000 1799 2072 denegetur.

112 2109 167 2146 nus
179 2090 342 2160 hisverbis,
360 2113 374 2142 u
389 2097 420 2148 ut
432 2091 546 2150 interim
563 2095 771 2166 prohibeantur
790 2095 902 2168 offerre,
917 2119 931 2148 a
984 2094 1075 2150 Simili
1090 2093 1204 2150 decreto
1222 2093 1307 2165 lapsis
1327 2092 1469 2148 consuluit
1490 2093 1518 2147 in
1533 2093 1585 2148 hac
1603 2095 1800 2165 persecutione

111 2201 170 2240 nen
185 2186 418 2257 suspensionem,
435 2187 486 2241 sed
501 2189 823 2246 excommunicationem
838 2191 933 2264 desig·
982 2185 1135 2260 Dionysius
1147 2187 1367 2243 alexandrinus.
1384 2187 1446 2259 lpse
1465 2187 1542 2242 enim
1560 2189 1679 2242 testatur
1692 2187 1721 2242 in
1734 2191 1800 2259 llpi·

111 2285 169 2346 nat,
184 2295 285 2352 neque
295 2279 370 2336 hanc
383 2296 498 2352 paenam
511 2279 539 2337 in
552 2297 677 2354 presens
691 2286 804 2355 tempus
816 2283 932 2357 infligit,
984 2281 1054 2337 stota
1076 2281 1114 2336 cd
1134 2281 1246 2337 Fadium
1267 2280 1463 2336 Antiochenam
1486 2297 1516 2335 se
1537 2281 1706 2352 precepisse
1731 2303 1744 2330 a
1771 2289 1802 2336 ut

112 2372 163 2428 sed
186 2377 304 2428 tantum
327 2373 465 2430 minatur.
486 2374 571 2430 audit
596 2378 692 2432 autem
716 2393 723 2431 z
747 2397 761 2428 u
782 2379 880 2434 Acturi
905 2384 934 2434 et
985 2375 1140 2444 morituris,
1163 2375 1186 2430 si
1214 2377 1354 2446 peterent,
1378 2376 1407 2428 et
1431 2374 1551 2429 maxime
1575 2375 1599 2430 si
1625 2379 1708 2430 antea
1733 2391 1799 2446 sup-

111 2465 191 2540 apud
207 2483 262 2522 nos
275 2472 304 2523 et
319 2467 394 2539 apud
408 2467 583 2525 consessores
596 2469 669 2541 ipsos
683 2474 711 2526 et
726 2471 802 2544 apud
817 2471 932 2545 plebem
984 2469 1096 2542 pliciter
1110 2469 1307 2542 postulassent,
1323 2468 1406 2524 venia
1420 2467 1630 2540 indulgeretur,
1645 2485 1702 2542 quo
1717 2469 1800 2526 bonas

111 2561 280 2616 universam
300 2577 412 2617 causam
431 2578 512 2617 suam
528 2579 592 2619 cum
612 2565 734 2622 Domino
749 2567 932 2636 permittente
983 2563 1046 2636 spei
1067 2563 1143 2635 pleni
1165 2580 1200 2619 ex
1219 2563 1273 2618 hac
1292 2562 1348 2617 rite
1363 2562 1524 2634 migrarent
1537 2582 1552 2611 »
1569 2563 1680 2634 (Euseh.
1697 2563 1746 2619 lib.
1763 2579 1799 2632 rr,

109 2655 140 2709 in
165 2655 266 2710 sinum
295 2655 395 2710 matris
422 2655 552 2712 Ecclesiae
577 2658 704 2730 recolligi
729 2659 899 2732 ceperimus
924 2677 931 2716 ε
983 2675 1045 2730 cap.
1062 2659 1117 2728 ll).
1139 2657 1296 2712 lliscrimen
1317 2656 1397 2728 ponit
1418 2655 1566 2728 Dionysius
1589 2655 1662 2712 inter
1680 2673 1728 2713 ees
1751 2657 1800 2730 qui

111 2747 184 2816 huc,
201 2747 334 2820 inquam,
344 2748 432 2818 addit,
442 2748 509 2821 qraia
522 2751 589 2805 tunc
602 2749 780 2808 deliberatus
792 2755 863 2822 erat,
875 2769 932 2809 uon
983 2749 1182 2822 penitentiam
1203 2753 1322 2822 surgente
1341 2748 1468 2821 periculo
1486 2749 1630 2820 petebant,
1645 2754 1674 2806 et
1691 2751 1802 2823 eosqui

110 2845 211 2896 utrum
239 2847 335 2898 essent
356 2841 518 2914 deponendi
540 2859 630 2899 necne
653 2844 682 2900 hi
708 2847 875 2919 presbyteri,
902 2853 933 2901 ut
982 2849 1048 2899 ante
1075 2843 1207 2899 morbum
1230 2843 1383 2914 petierant.
1411 2842 1543 2907 Quamvis
1568 2849 1665 2898 autem
1689 2845 1719 2900 in
1748 2844 1801 2900 hoc

111 2935 205 3006 placet
225 2935 420 3004 tillemontio,
440 2935 489 2992 sed
510 2941 607 2992 utrum
631 2938 671 2992 sis
691 2944 764 2995 esset
785 2940 932 2998 reddenda
983 2937 1094 2992 delectu
1117 2935 1246 2992 hahendo
1267 2951 1325 2991 non
1345 2941 1405 2990 tam
1425 2936 1553 2990 videatur
1572 2939 1721 2992 accuratus
1740 2954 1800 2994 esse

110 3043 204 3083 necne
225 3027 404 3097 communio,
419 3034 448 3084 et
464 3045 517 3101 qua
532 3029 704 3102 conditione,
720 3048 775 3104 qua
790 3033 930 3103 poeniten·
982 3047 1067 3102 quam
1090 3029 1260 3102 Cyprianus,
1285 3027 1334 3100 qui
1358 3029 1528 3084 nominatim
1553 3030 1674 3102 requirit
1696 3033 1727 3086 ut
1749 3031 1800 3104 qui

110 3121 156 3176 tias
177 3121 247 3194 lege
269 3122 428 3178 reddenda.
450 3123 622 3195 Cypriouum
644 3125 727 3180 aliter
748 3125 929 3199 interpretari
981 3123 1088 3179 libellos
1116 3141 1131 3178 a
1160 3122 1332 3195 martyribus
1359 3129 1540 3194 acceperant,
1566 3137 1665 3179 eorum
1692 3123 1799 3182 auxilio

110 3231 166 3270 non
185 3231 307 3287 possum
326 3232 390 3272 cum
406 3217 472 3289 lego
486 3217 568 3290 epist.
588 3221 633 3286 28,
649 3217 679 3272 in
699 3235 755 3290 qua
772 3221 933 3291 gratulatur
981 3224 1010 3274 et
1031 3218 1222 3292 prerogativa
1246 3215 1322 3288 apud
1345 3216 1499 3271 Dominum
1523 3216 1652 3288 adJurari
1676 3219 1797 3290 possint,

108 3309 286 3382 presbyteris
304 3311 363 3364 suis
382 3310 518 3378 diaconis,
533 3311 608 3383 quod
627 3327 693 3368 cum
710 3313 776 3368 Gaio
798 3314 930 3371 lliddensi
981 3313 1110 3369 eamdem
1133 3315 1231 3367 tamen
1253 3310 1400 3382 utriusque
1424 3311 1597 3366 sententiam
1622 3327 1682 3366 csse
1704 3313 1798 3369 credi·

108 3403 226 3475 ejusque
249 3403 368 3458 diacono
392 3401 486 3477 105
512 3405 562 3477 qni
584 3406 818 3463 communionem
844 3409 929 3466 laosis
980 3404 1087 3475 dcrim;
1104 3421 1155 3461 nec
1174 3403 1273 3460 dubito
1288 3403 1357 3476 quin
1374 3403 1522 3475 Dionysius
1539 3419 1639 3476 pacem
1657 3421 1716 3460 non
1729 3421 1795 3464 con-

108 3497 260 3565 dederant,
280 3498 493 3554 communicare
513 3493 678 3556 noluissent.
692 3503 818 3558 Renovat
835 3503 865 3558 in
884 3520 929 3560 ee·
979 3500 1114 3568 cessisset,
1127 3500 1148 3554 si
1163 3497 1211 3571 qui
1225 3498 1422 3571 paenitentiam
1435 3497 1569 3553 audacter
1580 3495 1675 3572 106
1689 3500 1796 3556 detrec·

108 3590 172 3646 dem
198 3591 319 3663 epistola
344 3591 488 3648 decretum
512 3609 607 3661 suarm,
632 3597 665 3650 ut
686 3611 703 3650 a
725 3599 928 3656 communione
978 3597 1095 3661 tassent,
1112 3593 1140 3648 id
1162 3593 1238 3666 quod
1260 3592 1289 3647 in
1311 3591 1405 3648 africa
1426 3591 1612 3648 commissum
1630 3609 1646 3646 a
1665 3595 1795 3664 pluribus

107 3701 155 3740 sua
177 3687 313 3740 arceatur
330 3685 493 3758 quicunque
512 3703 598 3742 ausus
611 3688 697 3744 fuerit
714 3691 927 3749 communicare
977 3688 1114 3744 videmus·

106 3793 170 3834 cnm
185 3777 286 3852 lapsis.
301 3778 347 3835 Sic
366 3779 452 3834 etiam
468 3779 500 3834 in
515 3781 596 3852 epist.
611 3785 646 3837 52
663 3787 738 3854 (pag.
754 3783 810 3856 67),
824 3786 925 3842 severi·
1013 3784 1082 3839 Cum
1105 3779 1294 3852 respondisset
1315 3781 1408 3834 clerus
1430 3777 1497 3834 huic
1518 3779 1645 3851 epistolas
1664 3781 1791 3853 (questus

105 3877 193 3928 tatem
207 3888 226 3926 a
240 3887 273 3926 se
284 3870 436 3945 aliquando
449 3873 479 3927 in
494 3875 584 3946 lapsos
597 3874 755 3932 adhibitam
768 3893 924 3951 exponens,
975 3877 1053 3931 enim
1070 3876 1162 3931 fuerat
1179 3873 1336 3946 Cyprianus
1356 3873 1432 3945 quod
1453 3875 1497 3928 tot
1515 3873 1573 3928 suis
1596 3873 1698 3931 litteris
1719 3875 1791 3932 nihil

106 3961 267 4016 decrevisse
287 3977 318 4016 se
343 3965 440 4017 narrat
462 3971 502 4029 ut,
525 3983 539 4012 u
560 3963 583 4018 si
602 3965 665 4037 quis
684 3971 750 4021 ante
773 3969 924 4025 consilium
975 3970 1169 4041 responderet,
1193 3983 1225 4022 ac
1247 3967 1332 4022 simul
1354 3967 1543 4023 consuluisset
1565 3966 1601 4022 de
1621 3967 1790 4040 quibusdam

106 4058 249 4114 nostrum,
265 4075 280 4106 a
294 4053 397 4126 inquit,
415 4075 429 4106 u
443 4060 472 4110 et
483 4061 548 4112 ante
561 4059 732 4114 sententiam
747 4060 782 4115 de
795 4062 923 4118 omnium
974 4061 1172 4118 immoderatis
1185 4064 1213 4116 et
1225 4059 1511 4116 communicationem
1526 4059 1723 4132 accipiendum
1738 4061 1790 4118 fes-

105 4148 224 4205 ronsilio
244 4150 392 4217 statutam,
410 4149 496 4221 lapsis
517 4153 626 4206 temere
643 4154 856 4211 communicare
875 4172 922 4211 ro·
974 4157 1099 4212 tinenter
1123 4154 1305 4227 urgentibus,
1330 4153 1428 4209 scribit
1454 4153 1611 4225 Cyprianus
1636 4155 1788 4226 epistolam

103 4242 214 4309 luisset,
237 4243 299 4314 ipse
319 4257 336 4296 a
356 4243 559 4299 communione
580 4245 779 4304 abstineretur.
800 4269 814 4298 r>
835 4250 922 4307 Porro
975 4252 1017 4318 ll,
1032 4250 1063 4304 in
1075 4265 1132 4322 qua
1149 4247 1301 4304 confirmat
1314 4247 1391 4320 quod
1410 4245 1547 4318 proximis
1562 4247 1664 4304 litteris
1679 4251 1786 4306 statue·

103 4337 245 4392 abstinere
264 4353 281 4390 a
299 4337 498 4393 communione
518 4353 576 4393 non
596 4337 671 4395 idem
691 4345 735 4396 est
753 4359 785 4398 ac
803 4360 920 4415 suspen·
971 4343 1065 4400 ratde
1085 4344 1170 4414 lapsis
1189 4341 1344 4413 periculose
1363 4340 1584 4413 egrotantibus,
1601 4342 1788 4400 vehementer

102 4431 180 4498 dere,
207 4429 368 4502 presertim
395 4431 468 4501 apud
493 4431 677 4504 Cyprianum,
701 4435 749 4507 qui
775 4436 828 4492 hac
854 4455 921 4495 voce
972 4442 1067 4494 autem
1093 4436 1195 4492 refellit
1220 4438 1249 4491 et
1273 4434 1395 4506 castigat
1418 4434 1598 4506 importunos
1621 4436 1684 4492 illos
1707 4439 1786 4509 pacis

103 4523 431 4580 excommunicationem
444 4525 581 4596 designat,
593 4528 670 4584 velut
681 4543 748 4584 cum
761 4529 800 4585 ait
813 4531 960 4604 obstan-1)
972 4531 1174 4605 efflagitatores
1189 4547 1196 4586 :
1213 4551 1227 4582 «ι
1243 4529 1308 4598 Qui,
1322 4529 1346 4584 si
1361 4529 1484 4585 nimium
1502 4535 1667 4601 properant,
1681 4531 1785 4604 inquit,

103 4621 163 4672 hrnr
183 4635 202 4672 a
220 4633 251 4672 se
274 4633 334 4672 esse
353 4617 556 4674 felicissimum
577 4620 606 4675 in
626 4622 708 4692 epist.
725 4623 775 4690 l&
787 4625 920 4682 Iovinum
972 4627 1076 4682 habent
1098 4625 1126 4680 in
1150 4641 1202 4680 sua
1222 4625 1360 4696 potestate
1384 4620 1460 4694 quod
1481 4623 1634 4693 postulant,
1654 4628 1786 4696 tempore

102 4717 129 4768 et
162 4711 324 4767 fleximum
351 4710 387 4766 ob
419 4712 539 4768 nefanda
568 4715 703 4772 mendcio
734 4718 763 4772 in
798 4721 920 4778 concilio
970 4719 1031 4791 ipso
1047 4719 1101 4775 sihi
1115 4719 1267 4792 plusquam
1281 4716 1424 4788 postulant
1437 4716 1588 4788 largiente.
1599 4715 1680 4772 Acies
1693 4717 1787 4774 adhuc

103 4807 262 4873 abstentos,
277 4805 358 4876 epist.
376 4807 423 4872 ss,
442 4807 626 4864 Novatianum
648 4825 700 4884 per
712 4814 804 4868 totum
821 4814 920 4870 orbem
972 4815 1080 4885 geritur
1102 4818 1131 4868 et
1152 4827 1227 4884 agon
1250 4809 1376 4882 quotidie
1399 4809 1566 4864 celebratur.
1588 4808 1617 4865 Si
1641 4810 1788 4868 commissi

102 4915 118 4953 a
133 4898 336 4954 sacerdotibus
357 4899 403 4954 liei
424 4899 597 4967 abstentum,
617 4904 700 4976 epist.
722 4908 764 4961 67.
787 4907 833 4962 llis
853 4925 921 4980 ergo
972 4924 1035 4964 aere
1050 4913 1078 4962 et
1090 4907 1209 4962 firmiter
1222 4905 1338 4976 poenitet
1352 4906 1381 4958 et
1394 4903 1462 4958 fidei
1480 4903 1559 4958 calor
1577 4905 1720 4975 prevalet,
1736 4904 1786 4978 qui

102 4993 205 5060 serbis,
230 5011 245 5044 a
270 4994 303 5046 ut
327 4991 439 5050 iuterim
460 4995 667 5065 prohibeantur
688 4997 800 5069 offerre,
826 5021 839 5054 r
865 5019 920 5058 non
971 5001 1080 5058 differri
1097 5017 1153 5056 non
1172 5003 1274 5072 potest,
1295 5002 1387 5071 potest
1402 4997 1542 5054 coronari.
1562 5021 1576 5049 a
1601 4999 1718 5055 Videtur
1735 4999 1788 5056 hac

102 5087 197 5142 sotum
211 5085 408 5156 sacerdotalis,
422 5087 571 5145 sedetiam
585 5091 660 5148 laica
673 5092 781 5150 oblatio
797 5099 825 5151 et
839 5113 920 5152 com·
972 5096 1098 5152 oratione
1130 5094 1285 5166 Cyprianus
1315 5093 1399 5164 lapsis
1426 5092 1584 5148 concedere
1615 5095 1648 5149 ut
1678 5093 1787 5167 seipsos

103 5181 204 5236 marulo
228 5181 388 5237 auferenda
408 5181 601 5241 denuntiatur.
625 5187 697 5242 lllud
718 5189 803 5244 etiam
825 5207 858 5246 ex
877 5191 922 5246 his
972 5189 1093 5246 offerant
1114 5186 1277 5260 judicibus;
1304 5203 1398 5258 neque
1424 5187 1512 5256 enim,
1536 5186 1558 5242 si
1582 5205 1631 5244 eos
1654 5188 1788 5245 voluisset

103 5291 165 5345 qnae
186 5273 316 5330 diximus
334 5275 513 5348 perspicitur,
531 5279 731 5352 hancpoenam
753 5301 809 5340 nou
826 5284 921 5341 statim
972 5287 1150 5356 exspectare,
1179 5282 1248 5337 dum
1278 5280 1338 5337 dies
1364 5280 1420 5336 illis
1446 5280 1603 5351 diceretur,
1631 5281 1660 5338 in
1688 5299 1788 5340 eorum

103 5383 118 5420 a
138 5369 283 5441 Cypriane
304 5375 465 5441 arrogatam
489 5371 586 5440 fuisse,
606 5375 656 5430 sed
680 5377 771 5433 minas
796 5381 921 5434 tantum·
973 5381 1112 5450 potestate
1134 5391 1192 5432 esse
1214 5373 1291 5447 quod
1313 5373 1466 5446 postulant,
1488 5373 1614 5431 dixisset.
1637 5377 1704 5432 Erat
1722 5392 1789 5434 sene

105 5462 203 5528 modo,
224 5468 258 5518 ut
281 5461 456 5520 difficillimis
475 5467 651 5538 temporibus
671 5487 703 5526 ac
721 5488 834 5528 summa
854 5489 921 5544 pru·
972 5473 1088 5527 vetitum
1110 5469 1228 5541 nequis
1248 5485 1276 5525 se
1291 5469 1366 5524 ultro
1387 5467 1512 5534 offerret,
1532 5469 1617 5540 idque
1637 5470 1790 5525 declaravit

104 5555 200 5610 dentia
214 5556 378 5628 egentibus,
393 5557 549 5615 intentatas
570 5561 665 5619 larissa.
680 5567 769 5636 lltque
785 5565 815 5620 id
834 5567 921 5622 ctiam
974 5564 1131 5636 Cyprianus
1146 5579 1239 5618 coram
1255 5563 1376 5618 Paterno
1388 5562 1573 5634 proconsule;
1586 5563 1635 5618 scd
1649 5561 1790 5634 ejusmodi

104 5651 256 5706 confirmat
267 5667 332 5705 cum
348 5652 451 5707 eximia
466 5637 597 5726 Cypriani
612 5658 641 5712 in
661 5659 786 5715 tacendis
805 5661 923 5732 presby·
975 5659 1052 5730 leges
1065 5657 1151 5712 variis
1164 5655 1384 5712 circumstantiis
1399 5655 1543 5712 interdum
1558 5655 1674 5712 cedunt.
1691 5657 1791 5712 llultos

105 5749 231 5800 ferorum
260 5745 425 5802 nominibus
449 5747 561 5816 lenitas,
585 5753 647 5806 tum
671 5752 707 5807 ab
734 5770 768 5809 eo
793 5755 924 5828 apposite
976 5754 1053 5807 cuim
1066 5751 1206 5818 videmus,
1219 5751 1296 5806 relrrt
1308 5750 1384 5822 apud
1396 5749 1539 5805 lustinum
1552 5749 1580 5804 in
1595 5750 1706 5805 minore
1719 5753 1791 5819 Apo·

107 5837 242 5908 conditio,
258 5857 273 5892 u
289 5839 313 5894 si
329 5840 404 5896 ultra
418 5841 448 5896 in
468 5842 570 5900 iisdem
585 5849 837 5919 perseveraverint.
855 5871 870 5902 a
976 5849 1058 5918 logio,
1084 5851 1112 5901 et
1132 5843 1209 5918 apud
1234 5843 1383 5900 Eusebium
1406 5842 1454 5898 lili.
1480 5859 1538 5910 vus,
1566 5844 1639 5898 ultro
1661 5841 1789 5914 judicent

277 5935 415 6004 Parnon.
437 5937 487 6006 lv.
1616 5948 1636 6010 t
