4012 6192
189 333 193 344 ·
248 309 300 369 aas
788 299 832 362 lu
852 295 966 362 onam
987 301 1015 358 s.
1035 291 1370 358 clairmannum.
1680 334 1685 342 -
1846 305 1888 364 eto

247 437 397 491 Erasmum
417 428 546 501 aliosque
561 429 611 502 (ὅ),
626 429 675 501 qui
689 428 769 484 illum
786 432 903 501 propter
919 428 983 500 styli
1002 426 1059 484 dis·
1072 437 1100 510 Α
1112 425 1196 482 deant
1215 425 1423 499 perversissimi
1447 425 1604 495 Noratiani,
1617 423 1661 482 rel
1682 442 1751 483 nune
1772 427 1891 488 lursuers-
1971 453 1972 464 ¹

247 525 463 584 similitudinem
483 523 575 580 eidem
596 521 809 594 abjudicarunt.
823 524 972 578 Auctorem
986 527 1063 578 certe
1114 534 1169 575 srur
1181 519 1289 591 paucit
1303 541 1317 572 »
1333 520 1362 577 S.
1376 521 1500 580 Cornelii
1513 537 1585 594 opus
1597 537 1656 576 non
1669 523 1893 590 assentiremus
1971 539 1972 548 ¹

247 618 348 675 babuit
369 617 532 690 episcopum
556 633 573 672 a
594 632 683 688 grege
705 633 756 671 suo
775 616 932 685 absentem,
958 617 1064 688 quique
1113 612 1335 685 suspicatosest,
1350 615 1470 671 suadent
1489 615 1542 671 ista
1564 614 1693 686 ejusdem
1715 615 1791 672 rerba
1804 633 1810 672 :
1824 636 1836 668 r
1850 617 1892 672 Sa·
1971 607 1972 662 Ϊ

247 725 313 767 eum
334 709 476 768 coutinuis
498 709 747 766 exhortationibus
767 709 802 764 ad
817 709 955 764 virtutum
971 709 1064 764 studia
1113 711 1296 764 crementum
1319 708 1506 780 baptismatis,
1521 708 1597 780 qued
1622 709 1651 763 in
1672 708 1781 764 salutern
1803 711 1895 781 generis

247 804 373 860 excitare
388 804 505 873 solebat,
520 807 606 876 prout
614 820 648 859 ex
664 802 724 874 ipso
737 802 802 858 libri
817 801 936 858 exordio
951 804 1064 862 indubi·
1113 801 1231 858 humani
1244 801 1401 874 provisum,
1421 805 1449 857 et
1467 801 1521 858 soli
1539 801 1669 858 Ecclesiae
1690 801 1788 857 coelesti
1806 802 1895 858 ratione
1971 831 1972 834 ¹

248 901 340 952 tatum
352 901 404 953 est.
416 896 560 968 Scriptum
572 912 633 952 esse
644 896 875 968 persecutionum
885 901 1064 971 temporibus
1114 895 1257 951 celebrare
1279 894 1428 968 (Christus)
1452 911 1504 967 per
1524 912 1555 950 os
1582 911 1665 950 suurn
1688 897 1862 966 praeostendit.
1885 920 1895 948 r

248 990 384 1062 colligere
407 989 493 1045 ctiam
512 989 588 1058 licet,
602 989 672 1044 dum
688 989 717 1044 in
741 1006 776 1045 eo
791 989 915 1046 dicitur:
934 1013 948 1041 ι(
970 993 1064 1050 Perse·
1114 989 1178 1044 ttae
1193 989 1219 1045 S.
1236 989 1372 1062 Cypriani
1384 1005 1513 1044 errorem
1525 988 1560 1045 de
1573 989 1766 1045 baereticorum
1780 990 1896 1060 baptismo

249 1084 395 1140 cntionem
409 1098 468 1139 non
486 1086 580 1154 potest
596 1083 699 1138 timere
720 1082 888 1154 (virginitas)
902 1085 970 1141 dum
987 1086 1064 1142 illam
1114 1084 1202 1152 olent,
1228 1098 1244 1136 a
1271 1098 1328 1155 quo
1355 1083 1384 1138 S.
1411 1082 1555 1140 Cornelius
1581 1082 1785 1138 remotissimus
1807 1099 1899 1156 semper

249 1177 284 1232 de
308 1176 458 1233 securitate
483 1179 578 1248 potest
599 1191 767 1248 provocare.
790 1197 805 1227 a
829 1177 899 1233 llinc
921 1180 1065 1237 Pemelius
1114 1177 1178 1232 luit.
1558 1235 1564 1247 ,

251 1270 386 1344 opinatus
410 1274 462 1338 est,
484 1270 515 1324 in
537 1285 649 1326 secessu
669 1269 721 1324 sub
745 1269 829 1326 Decio
852 1271 960 1327 editum
981 1289 1062 1331 esse:
1150 1274 1184 1326 at
1197 1283 1264 1325 sero
1276 1269 1406 1326 baracus
1425 1272 1530 1341 praeter
1543 1269 1609 1342 styli
1628 1269 1823 1326 dissonantiam
1838 1272 1901 1326 aliud

249 1379 350 1419 rerum
376 1365 429 1418 hoc
460 1379 563 1435 parum
593 1362 748 1419 verisimile
775 1370 827 1435 est,
855 1381 920 1420 cum
947 1367 1064 1423 Pontius
1114 1363 1261 1436 quidpiam
1286 1364 1315 1418 in
1343 1363 1443 1419 eodem
1470 1363 1624 1420 advertisse
1652 1367 1758 1433 censet,
1785 1364 1817 1420 ob
1839 1367 1900 1436 quod

250 1457 325 1515 illius
349 1471 406 1511 non
428 1455 603 1524 meminerit,
627 1457 677 1528 qui
701 1473 734 1512 ex
760 1457 892 1528 operibus
916 1476 933 1514 a
961 1460 1064 1518 Sancto
1114 1461 1212 1514 sancto
1227 1457 1348 1530 martyri
1362 1455 1449 1512 tribui
1463 1473 1523 1511 non
1538 1456 1902 1530 possit.Librumauctorsic

251 1549 335 1606 editis
361 1549 513 1606 utilitatem
545 1565 668 1606 secessus
697 1551 828 1622 ejusdem
854 1554 914 1608 tam
941 1554 1065 1612 studiosa
1114 1567 1229 1608 exorsus
1255 1555 1326 1607 est:
1352 1569 1365 1600 n
1388 1549 1533 1621 Cogitanti
1556 1549 1639 1619 mihi,
1664 1555 1693 1606 et
1713 1549 1903 1606 intolerabiliter

251 1643 470 1707 commendarit,
486 1641 609 1716 ideoque
624 1644 685 1700 sine
699 1643 785 1700 dubio
799 1645 926 1703 maxime
938 1663 1065 1704 comme·
1114 1646 1210 1702 animo
1223 1643 1364 1712 aestuanti,
1379 1643 1517 1716 quidnam
1532 1659 1619 1716 agere
1638 1643 1771 1700 deberem
1783 1643 1816 1698 de
1835 1644 1905 1698 mise-

250 1739 388 1793 morosaet
420 1737 526 1792 librum
557 1737 587 1793 in
623 1737 684 1810 ipso
720 1755 830 1795 secessu
862 1741 1063 1814 conscriptum.
1115 1737 1369 1807 raudisiratribus,
1386 1737 1436 1809 qui
1456 1737 1601 1792 vulnerati
1620 1754 1677 1792 non
1702 1737 1906 1810 propriarolun·

250 1832 360 1888 Proeter
380 1830 445 1903 styli
466 1829 684 1902 discrepantiam
706 1830 903 1890 Tillemoutius
922 1834 957 1906 (d)
981 1835 1010 1891 in
1033 1853 1066 1892 eo
1076 1801 1104 1876 B
1116 1835 1186 1902 tute,
1202 1833 1250 1888 sed
1261 1831 1367 1888 diaboli
1380 1830 1521 1887 saevientis
1533 1830 1706 1903 irruptione,
1719 1831 1807 1886 adhuc
1823 1845 1907 1902 usquc,

250 1928 391 1996 praeterea
412 1922 636 1995 deprehendisse
656 1923 709 1980 sibi
729 1925 805 1980 risus
825 1931 866 1982 est
888 1927 1015 1999 aliquem
1030 1929 1066 1986 de
1116 1929 1173 1986 hoc
1197 1931 1251 1996 est,
1270 1941 1323 1998 per
1348 1926 1463 1998 longam
1488 1928 1653 1998 temporum
1672 1925 1775 1980 seriem
1800 1929 1908 1996 agentes,

251 2016 348 2094 divina
363 2017 456 2088 gratia
469 2018 574 2086 locum,
588 2033 622 2074 er
644 2034 701 2090 quo
724 2019 845 2092 scriptor
863 2020 893 2077 S.
906 2022 1066 2093 Augustino
1116 2037 1233 2097 poenam
1248 2021 1362 2088 darent,
1376 2033 1441 2075 ecce
1459 2034 1491 2075 ex
1514 2017 1632 2075 adverso
1657 2017 1773 2074 obertus
1793 2022 1834 2072 est
1851 2017 1910 2070 ultus

249 2111 392 2183 posterior
419 2109 543 2181 judicari
576 2118 686 2184 posset,
716 2113 772 2168 nisi
800 2113 835 2169 da
868 2117 1067 2186 persecutione
1117 2117 1217 2187 bostis,
1244 2119 1273 2171 et
1302 2115 1391 2187 ipsius
1417 2118 1548 2187 paterna
1572 2112 1717 2184 pietatatis
1744 2111 1909 2176 adversarios,

250 2204 359 2260 ibidem
374 2203 456 2260 tieret
474 2204 594 2274 mentio,
610 2222 697 2278 quarn
710 2210 808 2262 tamen
827 2208 918 2280 ipsam
938 2209 973 2264 ad
993 2211 1066 2266 Van·
1117 2209 1269 2266 hereticus
1290 2208 1472 2276 Noratianus,
1492 2211 1544 2262 etc.
1566 2226 1580 2256 s
1604 2207 1638 2262 Et
1659 2222 1758 2262 rursus
1778 2210 1911 2278 postquam
1971 2207 1972 2216 ’

253 2297 345 2367 dalos,
359 2298 486 2369 aliosque
503 2299 650 2354 hereticos
666 2299 761 2355 forsan
780 2302 926 2373 pertinere
941 2303 1065 2376 suspica·
1117 2304 1244 2372 dixisset,
1258 2303 1364 2358 multos
1378 2317 1413 2356 ex
1427 2299 1472 2370 iis,
1487 2299 1578 2373 quiin
1593 2320 1608 2350 (ι
1621 2299 1718 2373 prima
1731 2298 1816 2354 acio»
1831 2297 1911 2364 idest,

251 2396 297 2448 tus
313 2395 365 2446 est.
378 2393 487 2447 Verum
507 2389 544 2447 a'd
566 2393 628 2448 hac
649 2399 725 2449 recte
743 2395 869 2466 reposuit
883 2396 1013 2452 ltaranus
1028 2397 1067 2468 (7)
1116 2398 1236 2454 Deciana
1251 2395 1458 2469 persecutione,
1472 2392 1615 2449 vulnerati
1628 2393 1746 2448 fuerant
1760 2413 1774 2442 o
1790 2397 1911 2464 ...postca
1971 2381 1972 2470 ,

253 2485 351 2540 minus
362 2485 539 2556 probabilem
554 2501 613 2541 esse
635 2487 709 2542 hanc
729 2487 934 2558 conjecturam,
949 2505 1015 2545 cum
1037 2491 1066 2546 in
1116 2491 1145 2547 id
1165 2495 1208 2548 est
1227 2489 1350 2546 secundo
1373 2471 1529 2560 praelio...'..
1552 2487 1666 2543 sortiter
1690 2501 1882 2558 perseverasse,
1900 2507 1911 2534 l

252 2578 421 2634 indubitatis
434 2578 461 2634 S.
484 2579 617 2650 Cypriani
634 2580 766 2652 operibus
779 2581 869 2638 multo
890 2583 972 2654 plura
992 2585 1067 2656 ejus·
1117 2584 1282 2656 subjunxit:
1303 2605 1317 2634 o
1339 2584 1409 2640 Ecce
1430 2597 1517 2654 quarn
1537 2579 1685 2653 gloriosos,
1700 2595 1786 2652 quam
1809 2578 1911 2634 Domino

252 2675 479 2742 medicatoris
503 2677 679 2747 expressiora
695 2678 730 2734 de
755 2679 848 2735 diviua
874 2681 965 2754 gratia
987 2682 1066 2738 testi·
1117 2679 1226 2745 choros,
1238 2675 1409 2732 schismatici
1419 2675 1465 2730 isti
1473 2675 1562 2747 ligna,
1572 2674 1681 2742 lenum,
1692 2672 1823 2745 stipulam
1832 2672 1914 2744 appel·
1971 2683 1972 2738 t

252 2770 350 2825 monia
368 2775 528 2826 occurrant.
544 2771 684 2827 Caeterum
704 2774 785 2827 notat
805 2774 947 2830 Pamelius
962 2775 1067 2832 librum
1118 2771 1176 2827 lare
1190 2787 1247 2827 non
1261 2770 1532 2842 dubitant,quomm
1545 2783 1637 2840 pares,
1651 2767 1708 2822 boc
1723 2767 1813 2835 est,in
1828 2765 1913 2820 eodem

253 2864 330 2919 huuc
352 2868 418 2918 tum
440 2862 469 2918 iu
493 2863 643 2934 insigniat
665 2869 776 2922 vetusto
795 2867 892 2924 codice
915 2869 1068 2926 carthusiae
1119 2864 1238 2921 crimine
1252 2864 1347 2936 lapsus
1359 2862 1402 2918 sui
1422 2862 1514 2918 adhuc
1529 2876 1617 2932 usque
1636 2860 1815 2926 constitutos,
1828 2874 1874 2914 uec
1886 2857 1915 2911 ad

253 2955 436 3026 emoniensis,
452 2961 523 3013 teste
546 2956 655 3024 Granio,
676 2963 737 3014 tum
757 2958 787 3014 in
809 2960 953 3017 codicibus
974 2963 1067 3019 Ludo·
1118 2957 1314 3031 paenitentiam
1336 2955 1529 3011 admittendos
1554 2969 1616 3009 esse
1637 2953 1825 3025 praesumunt.
1848 2973 1861 3001 »
1882 2951 1914 3004 Er

253 3049 309 3106 rici
333 3050 485 3120 Carrionis,
508 3055 538 3107 et
564 3053 591 3107 S.
616 3052 797 3108 Pantaleonis
821 3054 943 3111 Coloniae
968 3058 996 3113 S.
1019 3059 1069 3129 Cy·
1118 3050 1274 3107 biscevero
1289 3047 1486 3104 bleranusduo
1502 3047 1610 3103 insert:
1632 3046 1772 3118 primum,
1786 3049 1916 3102 auctorem
1971 3107 1972 3128 ,

253 3143 356 3217 priano
370 3143 507 3213 inscribi;
530 3147 675 3200 auctorem
693 3161 760 3201 vero
777 3147 900 3204 multum
920 3149 1102 3240 imitatumC
1113 3143 1179 3204 libri
1193 3145 1359 3217 episcopum
1379 3141 1540 3214 subsequi
1565 3141 1686 3196 moleste
1707 3139 1826 3207 terebat,
1839 3138 1916 3193 Nera·
1971 3137 1972 3210 t

253 3253 314 3294 asse
334 3236 540 3292 Tertullianum
561 3236 591 3292 in
614 3237 687 3294 libro
711 3239 744 3294 de
763 3241 955 3307 Pudicitiam
980 3261 1014 3300 ex
1034 3264 1068 3306 eo
1119 3245 1227 3299 tianum
1240 3238 1294 3295 sibi
1308 3236 1437 3308 inlapsis
1456 3233 1660 3307 peanitentibus
1681 3233 1843 3290 humaniter
1855 3236 1915 3287 trac·

253 3329 379 3402 plurima
397 3329 655 3401 transsumpsisse:
681 3331 756 3402 quod
779 3333 817 3388 ad
842 3336 945 3407 stylum
972 3344 1068 3398 autern
1118 3335 1212 3394 tandis
1232 3332 1321 3406 impie
1345 3327 1506 3400 adversari;
1528 3328 1660 3396 alterum,
1682 3327 1816 3384 eumdem
1834 3330 1915 3381 aucto·

252 3423 368 3494 spectat,
384 3421 521 3492 ejusmodi
533 3423 634 3478 breves
648 3425 803 3481 sententias
813 3429 842 3482 et
855 3431 1069 3503 enthymemata
1118 3447 1191 3499 rem,
1214 3428 1284 3484 dum
1313 3424 1459 3492 scriberet,
1483 3422 1611 3478 nondum
1635 3438 1738 3494 pacem
1763 3419 1916 3477 concessisse

254 3516 341 3572 etiam
365 3516 394 3571 iu
418 3515 493 3571 libro
518 3517 552 3572 dc
575 3519 727 3591 Disciplina
752 3525 777 3575 et
801 3521 897 3577 babitu
924 3527 1068 3596 Virginem
1118 3521 1216 3597 iisqui
1238 3520 1291 3576 sub
1312 3516 1394 3575 becio
1414 3515 1487 3590 lapsi
1506 3515 1638 3583 lucrant,
1660 3521 1749 3588 atque
1763 3515 1832 3571 adeo
1854 3515 1916 3567 hunc
1971 3527 1972 3552 t

252 3608 382 3682 reperiri,
405 3614 432 3665 et
457 3609 618 3682 ubicunque
642 3618 754 3668 sanctus
777 3615 893 3672 antistes
919 3618 1067 3679 Tertullia-
1118 3619 1146 3676 S.
1160 3615 1333 3690 Cypriauum
1348 3627 1406 3666 oon
1426 3625 1603 3682 css0‚q¹10¹¹¹
1622 3608 1917 3678 ⁰⁰¹¹³1³biffl¹¹¹i¹¹⁸⁰¹²

253 3701 471 3759 nomimitatus
494 3706 545 3759 est.
569 3704 639 3760 lllud
662 3711 774 3762 certum
798 3713 850 3778 est,
880 3715 1069 3788 praeterens
1118 3705 1409 3782 Gallipersecutione,
1424 3705 1453 3759 in
1468 3701 1917 3776 Conciliucertbagineusipncem
1971 3749 1972 3792 ἶ

254 3795 598 3870 dissimilitudinemque
621 3815 679 3856 uon
703 3816 817 3875 semper
839 3805 942 3862 eodem
967 3808 993 3864 S.
1019 3811 1069 3882 cy·
1118 3803 1217 3876 lapsis,
1243 3801 1331 3857 etiam
1355 3800 1422 3854 aute
1447 3797 1589 3870 expletam
1611 3801 1702 3853 totam
1728 3793 1918 3868 poenitentiam,

254 3890 371 3962 prianus
395 3907 462 3946 usus
490 3894 541 3962 est,
566 3891 637 3950 nihil
664 3894 786 3966 obstare,
811 3914 867 3969 quo
893 3900 989 3957 minos
1015 3903 1068 3976 ipsi
1119 3896 1245 3954 dandam
1266 3909 1327 3950 esse
1350 3891 1516 3960 decrevisse,
1532 3907 1569 3946 ne
1590 3890 1786 3963 persecutioni
1807 3901 1919 3943 succum·
1971 3911 1972 3914 ¹

255 3983 421 4040 tectibtlur-
1117 3991 1230 4048 bereot.
1257 3989 1314 4045 Nec
1341 3986 1435 4043 inanis
1462 3985 1524 4041 hac
1553 3985 1661 4040 borani
1692 3981 1917 4058 argumentatio:
1971 3991 1972 4050 ζ

288 4077 330 4133 lll.
354 4077 480 4149 Librum,
508 4079 557 4150 qui
576 4078 614 4137 ad
633 4081 823 4140 Norationum
845 4087 1016 4146 Haereticam
1035 4091 1069 4148 de
1118 4071 1177 4142 non
1199 4088 1258 4141 tam
1284 4087 1361 4139 certa
1387 4086 1492 4148 umen,
1519 4093 1606 4152 quam
1628 4077 1683 4150 ipsi
1709 4078 1769 4134 risa
1790 4083 1840 4133 est.
1859 4075 1918 4130 um
1971 4063 1972 4120 Ῐ

253 4171 305 4244 Spe
317 4173 402 4227 venia
414 4187 468 4227 non
488 4173 615 4243 negando
637 4173 792 4248 inscriptus
813 4183 865 4249 est,
880 4181 916 4236 ob
941 4182 1067 4242 similem
1116 4183 1211 4256 primo
1229 4175 1356 4254 quidem,
1368 4175 1447 4262 quod
1457 4175 1546 4249 priori
1560 4173 1624 4231 loco
1636 4175 1672 4230 dc
1682 4173 1920 4248 poenitentialiter
1971 4167 1972 4172 ’

256 4263 388 4321 dictionis
414 4263 605 4322 differentiam
633 4267 775 4337 Erasmus,
796 4271 995 4332 tillemontius
1018 4277 1066 4352 (8),
1118 4275 1235 4349 longam
1258 4279 1421 4345 temporum
1443 4270 1547 4326 seriem
1572 4291 1587 4320 n
1608 4267 1748 4341 producta
1769 4263 1919 4340 legitur,od
1971 4315 1972 4320 ,

256 4359 378 4430 ffliqllflr
407 4357 489 4416 alteri
519 4359 628 4417 auctori
660 4361 860 4421 ascribendum
890 4367 1067 4446 judicarunt,
1117 4370 1245 4427 litteram
1268 4366 1356 4439 accipi
1379 4381 1439 4422 non
1455 4365 1559 4437 potest,
1575 4362 1630 4418 nisi
1650 4363 1716 4436 quis
1730 4361 1825 4419 dicare
1839 4359 1922 4415 uolue-
1971 4407 1972 4410 ,

256 4454 361 4509 caetera
385 4467 439 4508 nec
458 4453 485 4510 S.
508 4452 650 4526 Cypriane
674 4455 837 4530 indignum,
858 4477 912 4516 uec
933 4463 969 4518 ab
992 4464 1068 4522 illius
1117 4460 1388 4536 rit,'Noratianum
1422 4457 1552 4514 haeresim
1584 4473 1666 4512 suam
1698 4456 1753 4513 sub
1788 4452 1919 4510 Valeriane
1971 4463 1972 4466 ’

256 4549 341 4604 atate
353 4551 496 4604 remotum
516 4563 576 4604 esse
598 4547 728 4606 confessi.
743 4551 826 4608 Certe
842 4557 950 4626 auctor,
965 4559 1014 4631 qui
1037 4531 1107 4615 inl)
1117 4557 1247 4631 primum
1259 4569 1395 4629 spargere
1409 4552 1535 4626 coepisse,
1550 4555 1601 4607 aut
1623 4555 1699 4608 certe
1717 4549 1806 4623 hujus
1824 4546 1864 4605 rei
1877 4561 1919 4601 no-

255 4639 318 4716 lpso
333 4639 398 4698 libri
408 4639 523 4698 exordio
537 4657 597 4698 sese
619 4643 784 4716 episcopum
807 4662 868 4703 esse
885 4651 992 4723 prodit,
1008 4670 1068 4711 uon
1117 4651 1211 4709 titiam
1226 4653 1287 4707 tum
1302 4653 1416 4705 motum
1436 4647 1470 4702 ad
1494 4653 1641 4703 auctorem
1663 4644 1731 4702 libri
1756 4642 1918 4717 perseniam

256 4736 414 4794 uisiunam
429 4737 678 4810 postcummun
693 4736 1067 4814 808Daciussuscitave-
1117 4762 1240 4819 quorum
1261 4745 1396 4800 neutrum
1420 4740 1475 4798 dici
1499 4743 1600 4813 potest.
1622 4737 1684 4796 lion
1708 4739 1846 4812 primum,
1864 4729 1921 4807 quia

256 4831 311 4897 Μ,
339 4829 564 4902 persecutionem
589 4836 741 4896 memorat,
769 4833 798 4891 in
822 4853 878 4910 qua
908 4839 1068 4911 posteriore
1118 4857 1151 4896 ex
1164 4836 1372 4896 commentario
1392 4834 1498 4908 prasio
1520 4838 1642 4903 constat,
1659 4833 1744 4889 illum
1766 4831 1817 4888 sub
1836 4827 1919 4896 becio,

256 4923 371 4992 multos,
385 4921 434 4996 qui
457 4923 486 4978 iu
507 4924 602 4996 prima
624 4925 795 4997 ceciderant,
817 4929 935 4987 invictos
958 4935 1068 4993 stetisse
1118 4949 1177 4990 una
1197 4946 1263 4989 com
1281 4929 1433 4987 schismata
1450 4929 1583 4985 baeresim
1603 4944 1685 4984 suam
1708 4925 1855 4985 excitasse.
1868 4920 1919 4979 Non

257 5022 406 5073 metm·
437 5017 628 5082 Quamobrem
659 5020 787 5079 Maranus
819 5021 869 5098 (9),
903 5043 972 5083 eum
1004 5033 1069 5101 post
1118 5028 1206 5085 etiam
1219 5024 1388 5095 secundum,
1403 5023 1470 5097 quia
1487 5022 1567 5080 nulla
1586 5021 1750 5079 verisimilis
1771 5019 1842 5078 ratio
1861 5035 1918 5095 pro·

257 5109 488 5184 persecutionem
508 5111 578 5170 Galli
598 5111 629 5168 in
653 5115 776 5185 peciticis
793 5117 932 5176 Valeriani
953 5121 1068 5197 imperii
1117 5121 1183 5180 duci
1196 5124 1300 5196 potest,
1315 5117 1351 5176 ob
1371 5133 1458 5192 quam
1481 5117 1630 5189 episcopus
1646 5115 1727 5189 Ater,
1741 5115 1853 5192 qualem
1870 5113 1919 5170 lda-

256 5202 424 5278 primordiis
444 5203 588 5279 scripsisse
613 5207 715 5264 merito
739 5213 1067 5276 autumavittliumdem
1118 5231 1206 5272 canus
1234 5219 1382 5272 auctorem
1409 5212 1476 5269 libri
1500 5207 1587 5269 tuisse
1613 5209 1752 5281 admittit,
1782 5205 1920 5266 horatiani

256 5293 358 5354 orrum
382 5297 478 5367 totsse,
497 5299 604 5372 passim
627 5298 766 5374 colligunt
789 5307 904 5374 eruditi,
931 5310 1008 5384 quod
1030 5312 1067 5370 ad
1117 5309 1264 5380 baeresim,
1280 5309 1310 5366 in
1324 5308 1417 5365 Africa
1435 5305 1531 5382 809
1550 5307 1740 5376 notissimam,
1754 5301 1919 5362 etincouci·

256 5385 422 5448 Felicissimi
440 5392 563 5450 schisma
587 5393 618 5449 in
645 5396 736 5453 dirica
760 5398 822 5456 tere
843 5402 928 5460 unice
954 5406 1065 5484 uotum,
1116 5403 1155 5461 lio
1170 5403 1385 5476 Carthaginensi
1401 5403 1578 5472 damnatam,
1596 5400 1697 5458 tandiu
1720 5401 1854 5474 ignorare
1872 5411 1918 5468 po·

256 5481 383 5542 alludere
396 5483 535 5558 rideatur,
549 5487 619 5545 dum
631 5489 673 5546 ait
688 5507 695 5549 z
711 5512 726 5543 o
739 5491 813 5558 Quid
827 5495 862 5553 ed
877 5497 932 5555 ista
946 5517 1066 5577 respon·
1117 5497 1215 5556 tuerit
1230 5495 1348 5556 Videtur
1368 5493 1465 5572 itaque
1485 5495 1604 5570 scriptor
1626 5496 1660 5553 de
1679 5499 1811 5570 tempore
1833 5490 1919 5550 miuus

285 5689 317 5756 tt>
343 5689 445 5756 Duum·
457 5687 560 5744 Βῑῡῑῑοῑ
571 5689 608 5755 la,
636 5695 703 5747 lom·
719 5691 741 5760 Ι,
767 5711 829 5765 neg·
857 5697 923 5766 26⁷3
946 5697 1066 5772 ceillier,
1149 5703 1181 5773 (7)
1195 5704 1298 5760 lteram
1316 5705 1345 5760 iu
1358 5703 1431 5772 Vita,
1446 5701 1514 5775 335,
1527 5719 1589 5774 pag.
1605 5703 1658 5760 tre.

256 5759 379 5822 neren,
391 5765 459 5813 om.
474 5761 509 5820 11·
524 5775 585 5828 nac·
600 5763 655 5816 ¹⁵³·
1149 5781 1184 5844 <at
1196 5778 1356 5844 miramon,
1367 5779 1515 5846 asmona,
1531 5783 1597 5835 tom.
1613 5771 1659 5846 Ν,
1673 5783 1726 5836 art.
1741 5779 1782 5846 rr,
1794 5787 1821 5846 p.
1832 5771 1870 5828 tt
1971 5801 1972 5808 κ

289 5831 323 5902 td)
336 5830 495 5896 Tillsmont,
508 5835 574 5886 tom.
588 5833 634 5900 1V,
649 5841 699 5890 art.
715 5838 755 5900 28,
769 5853 831 5907 pag.
847 5843 880 5894 ttt
893 5844 921 5895 et
932 5829 973 5896 81.⁴
1151 5849 1186 5916 (9)
1199 5849 1312 5918 tiaran,
1327 5850 1381 5906 loe·
1399 5851 1446 5906 cit.
