3978 6204
167 253 174 271 ‘
275 270 321 328 ael
733 264 760 324 a.
781 257 939 324 curarim
959 267 1096 326 oraauu
1117 268 1203 326 rius
1224 260 1254 324 n.
1270 263 1501 327 -oruscuue
1880 271 1925 333 les

275 409 398 464 eumque
426 397 455 447 el
484 390 708 463 qualescumque
734 391 805 446 filias
832 389 989 459 dimisisse,
1015 407 1089 464 qrres
1100 405 1127 478 Α
1138 391 1279 462 privatum
1294 391 1465 464 particulare
1479 393 1606 446 nostrum
1620 391 1692 462 quod
1706 393 1741 448 ad
1753 395 1870 466 requiem
1883 414 1922 453 re-

273 486 428 558 jubeamur
451 501 467 538 a
489 483 607 539 Domino
630 501 680 556 pro
701 500 786 540 cansa
807 484 963 539 devolionis
986 483 1087 540 odisse.
1139 500 1284 540 vocamur.
1298 485 1432 556 sequitur
1452 485 1659 541 consummatio
1681 487 1804 542 amnium
1821 490 1926 559 gaudia-

276 579 372 634 Melius
384 594 460 633 nunc
480 577 570 633 salvat
589 577 714 632 animam
737 591 817 634 suam
839 578 976 634 moriens.
991 576 1088 632 lleliu-
1141 593 1215 644 rum,
1229 593 1293 648 quae
1305 577 1335 632 in
1357 578 1569 634 resurreetione
1587 578 1709 634 invicem
1727 579 1805 636 nabis
1824 582 1928 640 Domina

275 672 339 742 quit
353 671 383 726 in
396 687 475 742 pace,
491 687 528 726 ne
540 670 769 742 persecutionem
786 671 931 726 dimittere
955 686 1022 726 cum
1037 685 1089 724 suo
1140 671 1314 726 reformante
1337 670 1480 740 reddetur,
1504 671 1576 726 sicut
1599 673 1750 742 Apostolus
1774 673 1927 752 poliantur:

275 763 391 820 intentu
404 780 462 820 non
480 764 598 831 valeret,
613 765 673 836 ipse
690 764 732 819 illi
757 764 909 819 auxiliatur
930 764 959 818 in
980 762 1089 818 mundo
1140 764 1270 822 Nolumus
1285 766 1372 832 ipilru
1388 765 1518 833 iqnorure
1538 779 1595 828 sas,
1615 767 1725 833 iratres,
1741 766 1772 820 de
1789 767 1929 823 danmand-

275 873 398 928 quorum
410 861 503 912 mater
517 856 671 912 habitatin
685 857 768 924 coelc,
784 861 812 912 et
827 856 875 928 qui
887 855 973 911 matri
986 855 1088 910 subse·
1145 857 1204 919 bus,
1220 863 1252 910 ul
1266 872 1320 911 non
1333 859 1531 914 aanumtemini
1542 860 1614 914 sicut
1627 863 1652 913 et
1661 861 1747 914 cauri
1756 863 1802 928 qui
1812 874 1932 929 smmnan

275 951 329 1014 nil,
354 957 382 1006 at
400 950 465 1006 liliis
487 967 539 1021 pra
561 953 640 1005 certo
660 950 808 1006 succurrit.
824 951 969 1005 Postremo
987 950 1051 1004 vide
1070 947 1093 1002 si
1143 950 1252 1006 trabem.
1264 949 1296 1005 Si
1308 953 1378 1006 enim
1392 951 1524 1006 uenimus
1543 951 1617 1020 quod
1635 951 1713 1006 lesus
1731 957 1845 1008 mutnus
1861 960 1894 1009 est
1912 959 1933 1010 el

277 1045 381 1100 habeat
401 1043 505 1116 aliquis
528 1043 626 1099 dolore
642 1043 764 1110 concidi,
779 1043 827 1098 ubi
846 1042 906 1098 siae
928 1042 1022 1114 aliquo
1047 1057 1090 1096 re·
1142 1045 1300 1111 resurrecti,
1314 1046 1352 1100 sic
1367 1049 1392 1099 et
1405 1058 1448 1100 ecs
1460 1046 1509 1113 qui
1521 1044 1691 1100 dormierunt
1704 1047 1734 1100 in
1753 1047 1813 1101 lesu
1832 1047 1934 1102 adducet

277 1138 371 1194 medio
390 1141 484 1209 polest
504 1137 606 1209 aliquis
624 1135 748 1207 inligari.
771 1135 919 1206 Sapienter
938 1135 1024 1191 debet
1039 1135 1091 1190 do·
1142 1151 1201 1192 cum
1220 1151 1248 1192 ea
1270 1135 1292 1208 (l
1307 1138 1409 1200 Thess,
1423 1153 1460 1205 rr,
1476 1135 1529 1208 lu).
1550 1137 1616 1192 lloec
1637 1137 1701 1206 libi,
1720 1138 1869 1208 benedicte,
1890 1156 1932 1210 pra

277 1232 335 1286 lere
356 1231 405 1302 qui
427 1230 514 1298 dolet,
529 1246 566 1284 ne
590 1229 691 1301 perdat
715 1230 776 1284 sina
798 1245 883 1284 causa
904 1229 982 1300 quod
1005 1228 1091 1285 dolet
1142 1229 1280 1284 carricare
1297 1235 1398 1286 mutua
1415 1229 1571 1286 transmisi.
1585 1232 1727 1288 Caeterum
1750 1231 1805 1286 scio
1824 1235 1850 1286 te
1872 1233 1933 1287 bene

276 1326 357 1380 Nunc
372 1326 469 1380 auum
484 1327 584 1378 contra
596 1323 704 1378 lercium
718 1322 859 1378 sumenda
873 1327 940 1378 sunt
954 1339 1044 1392 arma,
1061 1324 1092 1376 ut
1141 1323 1244 1390 valere,
1267 1323 1338 1378 alios
1360 1322 1509 1378 consulari.
1524 1324 1603 1380 Tunc
1620 1326 1648 1380 te
1669 1324 1774 1380 orbitas
1797 1341 1850 1380 non
1864 1324 1932 1380 iura·

277 1433 341 1490 spes
363 1420 461 1472 nostra
481 1415 570 1488 possit
590 1415 695 1472 habere
716 1414 875 1470 victoriam.
895 1414 1092 1486 Principaliler
1142 1415 1203 1471 niet
1217 1415 1434 1487 penetrabilem,
1445 1415 1468 1472 si
1482 1416 1552 1472 alios
1561 1417 1751 1474 coutraillsm
1760 1433 1815 1474 con
1823 1418 1931 1474 eusebis

277 1511 352 1582 qrrcd
367 1509 507 1566 Dominus
515 1507 602 1564 roluil
613 1509 755 1580 suscipere
766 1508 951 1580 gratulemur.
965 1509 1090 1581 Denique
1141 1525 1266 1565 armare.
1286 1508 1358 1581 Dplo
1379 1513 1417 1578 te,
1440 1511 1530 1568 irater
1549 1510 1725 1579 charissime,
1745 1527 1853 1583 semper
1873 1511 1933 1568 bene

278 1604 342 1676 quia
363 1603 416 1658 hoc
437 1601 569 1658 omnibus
594 1601 624 1655 in
653 1601 761 1658 mando
786 1617 940 1659 commune
962 1601 1088 1670 additur,
1140 1602 1375 1658 relerectnostri
1388 1603 1560 1661 meminisse.

281 1781 740 1796 ffl———n———u
750 1783 876 1792 -ι--ι-ι
883 1784 955 1792 -n
1649 1783 1926 1797 ..m—...m—-fl

490 1913 553 2076 s,
608 1905 932 2076 irisan
989 1786 1746 2080 inclinaremur

764 2175 912 2232 EPlSCOPl
931 2175 1217 2232 CAll'lllAGlltENSlS
1237 2177 1279 2232 ΕΤ
1296 2177 1465 2234 Manilius

653 2399 884 2494 OPERUM
910 2401 1054 2494 PARS
1079 2401 1131 2492 ll.
1262 2401 1569 2496 DPUSGULA.

722 2774 929 2852 439·440
949 2778 1049 2835 LlBEll
1070 2779 1113 2835 DE
1132 2779 1253 2836 llABlTU
1272 2779 1434 2837 vlueiuuu
1456 2780 1504 2850 (Ι).

277 2961 477 3014 Ancuucururr.
495 2985 527 2996 -
546 2955 660 3010 Pontius
678 2953 708 3009 in
727 2954 787 3008 aila
806 2956 839 3007 D.
855 2951 988 3024 Cyprium
1007 2955 1101 3023 paucis
1120 2953 1202 3023 bajus
1222 2953 1286 3008 libri
1305 2957 1493 3023 ‹erpumentum
1513 2951 1708 3022 complecitur:
1729 2973 1743 3004 a
1765 2955 1836 3021 Quis,
1849 2957 1935 3025 inquil,

312 3049 431 3118 viraines
448 3045 486 3100 ad
503 3051 693 3115 canpruenlem
710 3044 850 3114 pudicitie
868 3043 1043 3113 disciplinam
1060 3047 1085 3098 et
1103 3044 1226 3099 tabitam
1247 3045 1426 3099 sanctimonia
1450 3043 1573 3113 dipnum,
1586 3041 1660 3098 uelut
1682 3045 1771 3111 frenis
1791 3043 1938 3114 quibusdam

313 3137 432 3192 Dalianis
456 3135 601 3189 Dominica
626 3135 777 3189 romanet?
799 3153 812 3182 n
835 3132 966 3195 Primam,
990 3137 1021 3187 at
1047 3133 1130 3202 paulo
1150 3133 1241 3200 penus
1261 3138 1450 3200 arpumenlum
1473 3133 1613 3202 replicem,
1633 3131 1786 3203 discipline
1809 3135 1938 3188 manian

313 3225 436 3289 celebrat,
453 3227 479 3279 et
498 3222 554 3292 eius
574 3224 721 3278 utilitatem
745 3223 893 3293 Scarpiana
912 3221 1073 3292 comprobat.
1099 3223 1207 3286 deinde,
1227 3224 1353 3293 pluriam,
1366 3223 1445 3278 meus
1466 3227 1492 3276 et
1511 3223 1611 3277 merita
1628 3223 1806 3291 cirpinilalis,
1818 3226 1843 3277 et
1860 3237 1939 3277 eumn

312 3331 372 3387 quar
384 3314 571 3383 circinitatem
581 3327 657 3368 suam
665 3311 769 3367 clansio
778 3317 908 3366 caumont
921 3315 946 3365 et
959 3311 1117 3367 decanum
1129 3319 1296 3383 prosecutus,
1307 3313 1500 3367 contuentium
1509 3325 1563 3366 nan
1575 3313 1604 3366 in
1617 3311 1676 3366 selo
1685 3312 1777 3367 clunis
1787 3312 1937 3379 intentata,

312 3407 359 3463 scd
376 3408 402 3460 el
413 3403 541 3458 incultus
554 3407 580 3458 et
590 3406 703 3458 amatre
716 3403 816 3457 nonme
827 3401 902 3458 dccet
922 3405 1084 3458 cumulem:
1105 3419 1190 3473 necue
1209 3419 1270 3460 aero
1288 3405 1401 3462 diuinus
1419 3406 1583 3476 supnpnum
1597 3405 1688 3461 cultra
1705 3419 1797 3461 mam
1815 3415 1936 3460 namur

312 3496 388 3568 apud
407 3507 452 3548 eas
474 3507 534 3562 qua
549 3493 611 3562 iarn
632 3492 726 3548 senato
748 3493 993 3559 rmunliauerante
1017 3495 1084 3564 quin
1102 3496 1205 3563 patius,
1219 3509 1279 3550 curn
1298 3494 1494 3550 moderandam
1510 3495 1586 3564 iusta
1604 3495 1777 3564 permitam
1796 3492 1940 3564 presentat

312 3588 405 3657 nuptis
425 3585 536 3653 seminis
549 3582 683 3653 Apostoli,
698 3582 783 3637 inulta
805 3581 835 3636 id
853 3584 939 3650 mapis
957 3583 1097 3639 oberrare
1117 3585 1250 3652 cirpinem
1267 3591 1407 3655 aporiam
1424 3587 1473 3640 etsi
1491 3586 1584 3654 itaque
1597 3584 1741 3654 locupletes
1759 3587 1824 3646 sint,
1836 3584 1940 3649 captare

312 3677 406 3731 debere
424 3674 554 3730 utendum
575 3671 684 3742 quidem
704 3671 819 3736 diuitiis,
833 3672 880 3727 sed
900 3672 937 3727 ad
957 3671 1038 3728 bonas
1059 3677 1140 3744 artes,
1155 3673 1192 3728 ud
1214 3674 1264 3729 itta
1286 3689 1348 3744 prta
1367 3676 1496 3744 precepit
1509 3675 1590 3737 Deru,
1605 3673 1798 3744 rependendas
1811 3685 1896 3741 recipe
1916 3670 1939 3721 iu

311 3781 439 3837 paupere.
455 3767 518 3820 Post
530 3763 596 3825 lec,
612 3766 830 3816 crnrtmcnloram
843 3777 876 3816 ac
887 3764 1003 3817 cestium
1014 3763 1132 3833 insipnia
1145 3751 1300 3833 prostitutis
1309 3765 1399 3833 patius
1415 3765 1524 3830 {eminis
1535 3765 1678 3818 conuenire
1693 3777 1776 3832 quam
1793 3759 1940 3828 cupellas.

312 3853 387 3908 docel
412 3868 445 3906 cc
468 3852 566 3920 Apro,
582 3864 616 3904 cc
636 3850 715 3904 leuia
738 3863 844 3918 quoque
864 3863 892 3906 ru
915 3863 989 3922 cap„
1003 3866 1086 3919 quam
1102 3851 1184 3904 Deum
1207 3851 1348 3920 offendant
1369 3857 1425 3906 tam
1445 3853 1535 3912 caria.
1550 3855 1605 3906 tam
1628 3855 1791 3920 sumptuosa
1812 3846 1941 3902 multatria

312 3946 471 3998 arrianaeclu
489 3939 607 3996 deducit.
622 3939 711 4007 Atque
733 3938 845 4000 adema
866 3939 998 4008 supupuo
1019 3944 1120 3994 ornatu
1133 3938 1171 3994 ad
1189 3941 1313 4007 lucorum
1338 3939 1446 3994 diuersa
1469 3953 1567 4006 peneru
1592 3939 1740 3992 transitum
1765 3937 1874 4004 terdena,
1896 3947 1940 3986 naa

313 4030 464 4100 cirpinilias
477 4030 633 4090 dumtaaut,
647 4027 694 4082 sed
709 4031 733 4082 et
745 4027 840 4097 nuptis
852 4028 903 4082 illa
913 4043 1024 4098 prorsus
1036 4028 1182 4095 interdicit,
1190 4034 1282 4099 utpote
1294 4044 1354 4100 qne
1367 4031 1476 4098 impune
1488 4017 1588 4084 laturre
1602 4029 1729 4090 nunciat,
1738 4025 1809 4098 qaod
1818 4025 1940 4092 factarum

313 4121 360 4176 Dei
372 4120 530 4186 reformare,
544 4119 740 4186 trrrnsppurare
751 4122 777 4172 el
789 4117 944 4173 adulterare
958 4119 1097 4172 nitantur.
1111 4119 1194 4174 Porro
1207 4121 1289 4174 etiam
1302 4119 1352 4173 illu
1364 4119 1516 4188 uirginibus
1528 4117 1667 4173 interdicit
1679 4132 1740 4187 quae
1752 4110 1940 4184 neplipentiaia

317 4225 395 4264 usum
406 4212 546 4268 uenerant,
561 4211 617 4260 lam
630 4208 733 4277 nuptiis
745 4223 779 4262 ne
791 4209 931 4271 intersint,
945 4213 1002 4264 tam
1015 4214 1046 4263 ut
1056 4211 1222 4279 mantuanus
1231 4209 1342 4265 balneas
1354 4225 1407 4266 nan
1421 4209 1532 4266 adeant.
1546 4209 1626 4266 lirani
1638 4207 1754 4276 mamae
1766 4205 1874 4276 epitapa,
1884 4195 1941 4270 quill

315 4300 379 4354 bani
402 4299 538 4352 cantimat
560 4297 733 4351 continentie
750 4299 848 4359 uirtus,
864 4313 950 4367 quoae
969 4299 1041 4354 mab
1063 4303 1165 4366 cureat,
1189 4299 1370 4370 rerumquae
1394 4301 1483 4362 aiunt,
1504 4297 1590 4354 antis
1607 4300 1775 4368 prmecrelus,
1791 4293 1884 4349 tibrum
1902 4287 1941 4341 lec

314 4385 515 4456 epiphonemate
530 4384 682 4440 concludit:
701 4405 714 4434 a
728 4387 831 4440 Durate
841 4387 961 4452 fortiter,
974 4380 1156 4458 spiritualiter
1168 4391 1282 4460 perpite,
1295 4390 1435 4459 pervenite
1447 4388 1584 4455 fetialem
1600 4391 1709 4443 tantum
1724 4383 1875 4441 mernentote
1887 4381 1941 4432 lunc

312 4475 400 4530 nostri
408 4489 468 4528 cum
479 4474 588 4544 incipiet
600 4474 630 4528 in
645 4475 719 4529 actu
734 4475 879 4542 cirpinitus
893 4475 1057 4531 honorari.»
1074 4478 1222 4534 Passurus.

314 4611 334 4668 l.
356 4609 509 4680 Disciplina
530 4611 623 4664 custos
644 4609 705 4680 spei
728 4610 775 4680 lit,
800 4610 991 4666 retinaculum
1014 4611 1226 4698 tidei,Bbonm
1254 4612 1366 4680 indolis,
1391 4611 1527 4684 magistra
1552 4609 1677 4680 virtutis,
1699 4609 1769 4664 laeli
1792 4608 1820 4663 in
1846 4601 1941 4662 Christo

278 4706 333 4762 dux
349 4701 440 4778 441
459 4701 570 4758 itineris
580 4702 723 4774 salutaris,
734 4704 825 4759 lomes
835 4704 1088 4762 acnrrlrimenlum
1140 4723 1258 4764 manere
1273 4723 1386 4778 semper
1399 4721 1432 4762 ac
1454 4704 1564 4777 jugiter
1589 4705 1646 4760 Deo
1670 4701 1766 4758 virere
1790 4705 1818 4756 el
1836 4699 1867 4754 nd
1884 4709 1939 4768 pra·

925 4840 1036 4923 Steph.
1055 4841 1179 4906 Baluaii
1195 4847 1292 4907 nolae.

309 4981 342 5042 ll)
365 4982 451 5032 Antea
476 4975 620 5043 legebatur
645 4977 680 5027 De
702 4976 847 5041 disciplina
866 4980 890 5028 cl
914 4976 1006 5028 babitu
1031 4979 1093 5028 l'ir-
1143 4983 1263 5030 nostram
1279 4978 1459 5028 mutationem
1473 4978 1501 5026 in
1522 4975 1603 5027 tilulo
1624 4975 1705 5026 istius
1722 4973 1786 5026 libri
1802 4963 1941 5024 confirmari

276 5052 376 5114 pinum.
399 5050 519 5102 Coactus
542 5061 605 5098 sum
632 5053 741 5099 mutare
766 5052 877 5114 propter
900 5049 1093 5100 auctoritatem
1142 5063 1224 5116 posse
1251 5053 1319 5113 puio
1346 5048 1508 5099 auctoritate
1536 5045 1675 5108 Cassiani,
1702 5046 1751 5109 qui
1778 5042 1859 5095 libros
1882 5047 1941 5117 quer

277 5126 403 5172 velerum
428 5118 637 5182 exemplarium,
655 5118 683 5167 in
705 5119 801 5182 primis
822 5132 890 5170 vero
910 5117 1092 5184 Seguiericni.
1143 5119 1229 5172 edidit
1241 5119 1275 5170 de
1290 5119 1465 5169 Institutione
1479 5117 1679 5168 Monacharum
1693 5117 1803 5166 vocavit
1816 5113 1846 5163 de
1857 5108 1941 5188 Helua

278 5191 403 5240 omnium
416 5187 614 5252 antiquissimi,
627 5190 654 5237 el
667 5189 732 5251 quia
747 5201 780 5238 eo
796 5188 879 5240 modo
894 5189 995 5240 librum
1010 5191 1094 5240 istum
1144 5189 1339 5243 Menaenorum.
1353 5190 1401 5242 Sic
1412 5191 1486 5241 enim
1503 5190 1604 5252 legitur
1620 5189 1649 5240 in
1664 5185 1760 5238 codice
1772 5181 1940 5258 corbeiensi}

278 5261 345 5312 ellat
362 5263 476 5312 sanctus
495 5258 678 5322 Augustinus,
697 5257 745 5309 lib.
761 5271 790 5310 ιν
807 5259 840 5310 de
861 5262 989 5312 Doctrina
1009 5262 1096 5314 ctris-
1144 5263 1239 5328 Incipit
1258 5260 1323 5312 liter
1344 5263 1447 5326 primas
1470 5260 1502 5310 de
1524 5259 1622 5312 llotilu
1645 5257 1841 5312 camelorum.
1864 5249 1904 5328 iil¹
1917 5257 1940 5325 tn

278 5332 365 5386 liano.
388 5344 447 5394 cap.
472 5329 513 5381 Al.
537 5327 577 5379 De
604 5327 652 5378 illo
676 5330 713 5378 ila
739 5330 834 5381 scribit
857 5332 1044 5397 Hieronymus
1067 5333 1096 5382 iu
1144 5331 1201 5386 tine
1221 5349 1227 5382 :
1249 5334 1285 5383 Ds
1307 5332 1402 5383 llolrilu
1426 5329 1613 5382 cometarum
1634 5328 1698 5379 liter
1717 5327 1820 5392 primm
1838 5317 1939 5385 erplrlll·

278 5400 401 5466 Eptslola
423 5399 459 5450 ad
485 5397 649 5450 Eustochium
674 5399 708 5451 de
735 5399 866 5453 Custodia
892 5402 1064 5468 virginitatis
1088 5418 1094 5452 :
1145 5403 1192 5455 Slc
1217 5406 1301 5454 etiarn
1326 5404 1354 5453 in
1383 5403 1479 5454 codice
1502 5401 1551 5452 ‘isi
1575 5399 1753 5452 bibliothecas
1779 5392 1939 5466 Cclberlinm

278 5491 292 5520 «
313 5473 400 5538 Leges
424 5470 627 5522 Tertullianum
649 5470 684 5520 ed
704 5472 825 5522 amicum
846 5473 1044 5538 philosophum
1068 5478 1096 5525 el
1145 5476 1204 5527 lmo
1223 5477 1251 5527 ln
1272 5475 1394 5526 odilione
1410 5473 1607 5537 Anluerpiensl
1627 5467 1817 5534 christophori
1836 5459 1941 5538 Plantiru

277 5545 314 5597 de
332 5542 498 5609 virginitate
512 5541 581 5592 alios
599 5540 708 5592 libellos
728 5546 756 5593 et
776 5542 849 5594 beati
869 5543 1001 5609 Cypriani
1018 5545 1095 5596 volu·
1143 5547 1246 5614 legitur
1265 5549 1294 5598 ln
1313 5547 1392 5597 initio
1412 5561 1418 5596 ε
1440 5545 1515 5596 tiber
1532 5546 1635 5608 primm
1654 5541 1686 5594 da
1706 5539 1804 5592 linbila
1821 5529 1939 5614 Monadi·

278 5612 636 5680 menepregium.r1dem
656 5614 685 5664 in
707 5613 829 5678 Epistola
848 5615 884 5666 ad
906 5617 1095 5668 Demetriadem
1143 5620 1242 5671 Exstat
1255 5619 1372 5684 insignis
1391 5616 1462 5670 liber
1475 5617 1564 5668 sancu
1582 5613 1697 5666 loannis
1716 5610 1899 5676 chrysostomi
1915 5599 1941 5650 dt

278 5687 312 5740 de
329 5685 494 5752 virginitale
514 5683 647 5736 servande
668 5699 673 5733 :
692 5703 706 5728 «
724 5685 804 5736 Certe
819 5691 846 5738 et
863 5685 961 5738 beatus
978 5685 1094 5752 Cypria·
1148 5689 1313 5755 Virpinilats.

278 5773 332 5812 nus
351 5757 493 5824 egregium
511 5755 545 5808 da
563 5755 726 5822 virginitale
740 5757 871 5809 volumen
887 5759 981 5809 edldil.
996 5778 1009 5805 a
1024 5759 1094 5822 Quis
1177 5761 1207 5824 (i)
1229 5759 1377 5826 Disciplina
1398 5763 1484 5810 castra
1502 5758 1565 5823 spei.
1587 5755 1619 5806 Τ.
1639 5753 1741 5815 ulvius,
1762 5749 1809 5802 lib.
1831 5755 1938 5822 xxxrrut

278 5832 361 5891 etlam
382 5830 558 5897 reperiuntur
584 5829 611 5880 tn
636 5828 751 5896 epistola
775 5829 806 5882 ‘lD
828 5830 991 5884 illidebant.
1015 5829 1095 5884 lianc
1144 5831 1326 5898 «Disciplina
1339 5835 1433 5886 cumas
1451 5828 1628 5882 infirmitatis.
1644 5844 1659 5875 s
1674 5823 1825 5892 Cppriaam
1839 5821 1867 5870 ln
1883 5815 1939 5884 Epi·
