4080 6200
320 293 368 352 tel
779 293 806 352 S.
827 297 984 354 cluniam
1003 296 1140 356 ornauit
1160 300 1244 358 PARS
1262 297 1282 355 l.
1302 328 1337 341 -
1355 301 1534 360 EPISTOLAE.
1916 313 1961 368 lii

320 417 414 488 reddi,
434 417 489 474 cite
510 416 626 474 latebris
647 419 751 476 uostris
772 425 800 477 et
821 419 954 493 periculis
976 423 1131 492 subreniri,
1143 427 1272 512 Anates,
1298 426 1435 498 quosdam
1463 443 1528 482 raro
1555 425 1591 482 ad
1619 441 1755 482 coronam
1781 428 1891 487 victuriae
1910 435 1960 504 jan

320 511 434 582 impleri
445 525 509 584 quae
518 513 542 548 ¹³
552 511 666 568 famulis
679 513 736 569 suis
747 515 883 570 Dominus
894 515 1030 587 dignatur
1041 522 1133 573 osten·
1181 519 1296 591 jamque
1315 519 1460 590 proximos
1469 519 1502 589 ¹¹,
1517 519 1661 576 universos
1680 523 1775 576 autern
1788 539 1851 594 quos
1867 528 1963 596 agmine

321 604 398 670 dere,
412 603 684 676 redintegrationem
699 607 837 675 Ecclesiae,
852 609 1032 664 securitatem
1054 610 1131 666 salu·
1183 611 1306 683 glorioso
1324 629 1420 668 carcer
1435 613 1559 682 inclusit,
1575 613 1682 686 pariae
1698 613 1781 671 simili
1795 617 1878 688 calore
1890 621 1963 676 virtti-

318 697 355 754 es
371 701 486 766 nostre,
501 703 566 769 post
584 699 693 771 pluvias
709 700 899 768 serenitatem,
915 706 981 774 post
998 703 1133 759 tenebrae
1182 705 1218 760 tis
1244 706 1281 762 ad
1307 706 1465 778 gerendum
1491 709 1635 763 certamen
1661 707 1809 776 animatos,
1831 711 1895 768 sicut
1916 731 1966 770 esse

319 791 424 861 lucem,
439 795 503 862 post
521 793 658 863 procellas
678 798 708 849 et
726 794 853 850 turbines
867 795 1009 867 placidam
1029 797 1131 852 lenita·
1183 803 1297 872 oportet
1312 800 1341 855 in
1357 801 1459 856 divinis
1478 801 1578 857 castris
1597 802 1702 858 milites
1721 803 1828 875 Christi,
1842 811 1872 860 ut
1887 807 1965 862 incor-

319 887 390 954 tem,
404 884 451 956 pia
467 887 594 956 paterne
608 885 768 942 dilectionis
779 887 894 957 auxilia,
912 887 1013 945 dirinre
1026 891 1132 962 majes-
1182 899 1295 968 ruptam
1316 893 1382 950 lldei
1403 895 1569 952 firmitatem
1592 911 1650 951 non
1670 895 1815 952 blanditias
1836 898 1966 970 decipiant,

318 977 386 1034 tatis
399 978 480 1034 solita
493 978 646 1051 magnalia,
656 980 758 1053 quibus
772 986 802 1038 et
813 983 1049 1056 persequentium
1064 983 1134 1040 blas·
1182 1004 1241 1044 nun
1267 989 1355 1044 mine
1378 991 1517 1059 terreant,
1542 1004 1601 1045 non
1625 989 1767 1046 cruciatus
1791 1007 1822 1046 ac
1844 995 1967 1050 tormenta

319 1071 437 1143 phamia
455 1072 635 1142 retundatur,
650 1077 679 1130 et
692 1073 837 1146 lapsorum
856 1076 1023 1147 paenitentia
1040 1077 1132 1134 resor-
1183 1083 1341 1155 devincant,
1359 1083 1426 1156 qaia
1446 1083 1538 1154 major
1557 1086 1601 1139 est
1622 1083 1672 1154 qui
1693 1084 1723 1138 in
1743 1083 1823 1139 nobis
1842 1090 1881 1141 est
1896 1103 1967 1158 quani

318 1168 423 1234 matur,
443 1169 472 1221 et
492 1166 573 1222 tortis
595 1171 624 1222 et
642 1167 748 1224 stabilis
768 1171 1011 1240 perseverantium
1031 1171 1134 1227 fiducia
1184 1176 1234 1249 qui
1251 1179 1296 1232 cst
1311 1177 1342 1233 in
1362 1177 1415 1232 hoc
1433 1177 1542 1232 mundo
1556 1178 1578 1249 (Ι
1590 1179 1682 1242 loca,
1700 1193 1737 1246 iv,
1750 1177 1787 1248 4),
1803 1194 1852 1234 nec
1869 1180 1923 1251 plus
1939 1182 1967 1236 ad

320 1257 466 1330 glorietur.
478 1259 552 1331 Opto
566 1276 624 1329 vos,
636 1261 739 1318 iratres
752 1261 919 1332 charissimi,
932 1279 1047 1336 semper
1058 1265 1133 1320 bene
1183 1269 1376 1341 dejiciendum
1395 1272 1490 1343 potest
1506 1275 1621 1326 terrena
1633 1286 1719 1342 poena
1731 1287 1816 1343 quam
1828 1272 1860 1327 ad
1872 1273 1967 1344 erigen-

319 1351 412 1408 valare
424 1355 453 1408 et
466 1354 553 1409 nostri
571 1354 745 1412 meminisse.
766 1357 982 1414 Fraternitatem
997 1373 1060 1415 meo
1078 1374 1132 1415 no·
1184 1363 1255 1420 dum
1272 1364 1361 1420 tutela
1376 1363 1480 1420 divina.
1499 1363 1620 1420 Probata
1638 1380 1683 1420 res
1701 1367 1745 1420 est
1763 1365 1905 1421 certamine
1923 1367 1968 1420 lra-

318 1444 395 1500 miue
413 1445 544 1516 salutata,
563 1451 592 1504 et
609 1449 745 1506 utriustri
765 1450 952 1508 meminerint
968 1451 1133 1508 admonete.
1185 1461 1261 1512 trum
1284 1457 1416 1529 glorioso,
1434 1458 1494 1530 qui,
1509 1458 1544 1512 ad
1565 1461 1709 1514 tormenta
1730 1457 1862 1514 vincenda
1881 1460 1970 1514 cetera

319 1537 425 1594 Valete.
1186 1551 1270 1606 duces
1284 1551 1361 1619 lacti,
1376 1551 1539 1623 exemplum
1551 1551 1664 1608 sinatis
1676 1567 1708 1606 ac
1723 1551 1789 1607 iidei
1804 1551 1970 1623 prebuerunt,

603 1637 764 1694 aristote
781 1638 852 1695 vlu.
1185 1644 1330 1716 congressi
1340 1643 1369 1698 in
1381 1645 1441 1701 acie
1452 1645 1544 1701 donec
1554 1645 1629 1700 acies
1637 1644 1835 1700 succumberet
1843 1646 1913 1700 victa.
1922 1645 1975 1710 Oui·

318 1719 440 1784 (limma
460 1733 489 1786 u,
509 1728 541 1787 ¹3
559 1725 669 1786 semel..
690 1737 733 1791 1¹5
754 1727 821 1791 flia-s
840 1727 940 1790 Buca..
963 1726 1054 1791 Perit»,
1076 1739 1137 1792 ¹1³3
1186 1738 1239 1794 bus
1253 1754 1307 1809 ego
1326 1755 1376 1794 ros
1393 1738 1523 1795 laudibus
1538 1739 1702 1812 praedicem,
1718 1739 1859 1795 tortissimi
1876 1739 1976 1794 iratres?

614 1796 697 1848 ⁰¹⁰⁸·
711 1797 791 1862 HQ
802 1798 840 1862 ι’)
1146 1803 1284 1888 Bllobur
1299 1833 1422 1904 pectoris
1439 1833 1523 1889 rastri
1545 1839 1571 1889 cl
1591 1833 1830 1904 perseverantiam
1847 1832 1915 1899 fidei,
1929 1849 1976 1904 quo

494 1910 531 1950 *Β
550 1911 689 1953 'mim
708 1913 740 1954 ΕΤ
758 1914 954 1956 mmmm·
1189 1925 1334 1997 preconio
1346 1925 1422 1981 racis
1432 1927 1580 1982 exornem?
1593 1927 1774 1983 tolerastis¹¹
1789 1927 1912 1997 usquead
1924 1943 1977 1982 cou-

319 2006 518 2062 Aneuuerrruu.
542 2035 576 2050 -
595 2010 731 2078 Martyres
753 2011 857 2077 Africa
882 2011 1035 2082 Cyprianus
1059 2015 1138 2070 miris
1188 2020 1409 2076 summationem
1425 2021 1523 2092 glorias
1538 2019 1718 2078 durissimam
1735 2021 1921 2092 questionem,
1935 2037 1978 2074 nec

354 2099 441 2154 mass
459 2103 644 2156 amaricatio
658 2103 857 2166 commendans.
872 2106 974 2160 inuitat
991 2106 1029 2161 ad
1044 2122 1137 2177 perse-
1188 2112 1320 2181 cessistis,
1331 2114 1381 2169 sed
1393 2113 1473 2169 robis
1482 2115 1578 2185 potius
1588 2114 1727 2186 supplicia
1736 2116 1884 2170 cesserant.
1897 2114 1977 2168 linaro

354 2191 516 2258 millam,
530 2193 651 2262 emili
664 2193 815 2263 M¹¹Pl³¹¹¹¹¹i
829 2209 922 2250 emm
933 2196 1051 2266 ¹⁰⁸⁶¹1&-
1189 2205 1335 2263 doloribus
1346 2208 1380 2276 ¹¹,
1402 2222 1488 2279 quem
1507 2211 1648 2262 tormenta
1670 2223 1727 2262 non
1751 2206 1864 2274 dabant,
1883 2221 1979 2261 corona

354 2301 510 2372 Cyprianus
524 2303 698 2376 martyribus
714 2310 743 2361 et
756 2305 968 2362 consessoribus
983 2307 1012 2362 in
1024 2308 1138 2365 Christo
1188 2298 1339 2356 dedorunt·
1358 2299 1481 2365 Quoeslio
1494 2301 1548 2371 (75)
1563 2301 1705 2373 8ffl¹50¹¹⁸
1718 2300 1754 2356 δᾶ
1770 2301 1822 2355 11⁰⁰
1836 2300 1881 2356 ¹¹¹¹
1898 2315 1978 2370 l¹⁰¹⁵¹·

319 2393 438 2449 minino
454 2396 635 2453 nostroetin
650 2399 705 2453 llea
720 2399 803 2455 Patre
819 2405 989 2471 perpetuam
1003 2401 1135 2457 salutem.
1188 2393 1304 2462 letatii,
1330 2409 1388 2449 ⁰0¹1
1416 2400 1447 2450 ¹1¹
1471 2397 1593 2450 ³¹⁸¹¹¹0¹¹¹
1619 2394 1705 2450 fldem
1729 2393 1870 2466 dejiceret,
1891 2393 1934 2447 ¹⁸¹
1956 2395 1981 2445 ¹¹¹

320 2486 423 2544 axelio
443 2487 524 2544 leatus
548 2495 576 2544 at
595 2491 732 2562 gratulor,
756 2492 902 2548 tortissimi
925 2509 957 2548 ac
979 2491 1138 2550 beatissimi
1189 2487 1325 2542 immines
1345 2487 1391 2542 Dei
1412 2487 1448 2542 ad
1470 2487 1763 2543 D⁰miss⁰m¹0100i¹¹¹
1782 2485 1982 2543 militm-Vidit

263 2637 265 2644 γ
319 2579 432 2646 fratres,
455 2583 570 2654 cognita
592 2584 648 2638 nde
671 2601 703 2640 ae
728 2585 830 2642 virtum
853 2592 958 2657 vestra,
982 2587 1010 2642 in
1035 2587 1138 2660 quihus
1189 2581 1334 2636 admirans
1348 2581 1532 2653 presentium
1549 2581 1705 2638 multitudo
1724 2581 1834 2637 coelaste
1847 2585 1980 2643 certamen,

318 2675 412 2729 mater
431 2675 551 2731 Ecclesia
568 2678 706 2748 gloriatur
719 2679 784 2750 (73).
797 2679 923 2737 Gloriata
936 2683 982 2735 est
1002 2686 1031 2737 et
1046 2697 1139 2752 nuper
1189 2677 1339 2730 commen
1350 2674 1410 2742 Dei,
1420 2680 1562 2730 ceriflmefl
1572 2675 1708 2748 spiritale,
1719 2673 1982 2747 preliumcnrisuu,

319 2767 434 2839 quidem
453 2783 518 2824 eum
538 2770 712 2826 confessione
732 2776 875 2844 perstante
898 2781 1030 2846 suscepta
1053 2791 1139 2846 poena
1188 2766 1301 2822 stetisse
1322 2784 1417 2824 seruos
1433 2768 1495 2840 ejus
1512 2784 1579 2824 voce
1597 2769 1810 2836 liberamento
1826 2767 1981 2835 incornrpta,

318 2865 362 2916 ast
377 2877 441 2934 quas
453 2863 630 2920 confessores
642 2865 744 2922 Christi
758 2865 828 2923 iecit
839 2870 977 2923 extorres.
994 2868 1138 2924 Confessio
1189 2861 1292 2916 villule
1309 2861 1414 2930 divina,
1430 2863 1492 2916 ielis
1508 2863 1622 2934 (1¹¹1de
1639 2856 1983 2927 cantreciacensem

320 2959 418 3011 tamen
438 2955 534 3030 24ss
553 2973 679 3030 praesgng
700 2966 809 3032 quanto
830 2959 860 3015 in
880 2961 1008 3032 passione
1026 2961 1136 3031 fortior,
1188 2955 1276 3010 almis
1304 2955 1375 3010 fidei
1406 2955 1555 3012 credentes
1583 2955 1638 3027 (76)
1664 2955 1833 3010 armatos¹¹.
1859 2952 1984 3008 Steterunt

320 3049 401 3104 teuto
416 3049 516 3105 clarior
532 3055 560 3107 et
574 3052 666 3124 major
678 3053 708 3108 in
723 3049 832 3110 bonore
848 3059 900 3110 est.
916 3054 1010 3110 Crerit
1028 3071 1135 3127 pugna,
1190 3049 1256 3104 torti
1281 3049 1481 3124 torquentibus
1506 3050 1637 3104 lortimes
1661 3049 1729 3120 (77),
1752 3052 1781 3104 θ)
1802 3047 1937 3120 7715))ὓωῦ
1957 3057 1984 3097 ¹⁰

322 3141 410 3197 crevit
423 3146 452 3198 et
470 3145 661 3217 pugnantium
676 3146 777 3218 gloria.
793 3148 850 3203 Nec
865 3147 1001 3204 retardati
1018 3148 1086 3204 estis
1101 3149 1137 3204 ab
1148 3167 1176 3242 G
1189 3142 1333 3198 laniantes
1348 3143 1470 3215 ungulas
1489 3143 1602 3214 pulsata
1619 3158 1651 3198 ac
1664 3141 1775 3198 laniata
1789 3139 1910 3196 membra
1920 3137 1983 3238 ricc·

320 3235 380 3291 acie
396 3238 609 3294 tormentorum
624 3243 715 3310 matu,
730 3241 778 3296 sed
797 3241 864 3313 ipsis
878 3241 1030 3297 tormentis
1045 3242 1138 3314 magis
1188 3241 1266 3292 nint.
1290 3235 1549 3308 inexpugnabilem
1572 3235 1659 3292 tidem
1678 3250 1815 3308 superare
1835 3249 1888 3289 nen
1907 3231 1985 3302 potuit

320 3342 352 3382 ac
366 3329 459 3399 magis
473 3330 539 3384 aslis
553 3331 589 3386 ad
605 3331 695 3388 aciem
709 3335 864 3404 provocati,
877 3334 965 3390 fortes
982 3336 1011 3390 et
1025 3335 1138 3391 stabiles
1188 3329 1307 3385 assuens
1317 3328 1367 3385 diu
1380 3330 1605 3401 pingerem&
1616 3329 1761 3401 quemvis,
1771 3331 1854 3399 rupit
1864 3337 1984 3394 ⁰⁰ffll¹¹8⁰

322 3419 357 3477 ad
371 3421 489 3477 maximi
500 3423 662 3480 certaminis
671 3427 833 3498 praelium¹¹
844 3426 1136 3500 promptadevutione
1188 3423 1342 3492 viseerum,
1353 3422 1448 3497 247
1461 3428 1666 3495 torquerentur
1675 3423 1706 3478 in
1716 3419 1805 3478 serris
1818 3419 1866 3475 liei
1875 3419 1984 3516 jamnon

321 3513 434 3571 redistis
446 3516 511 3588 (ri).
527 3519 563 3572 lix
576 3517 680 3591 quibus
693 3521 832 3592 quosdam
842 3521 904 3592 jam
916 3521 1046 3594 comperi
1062 3537 1138 3577 coro
1189 3517 1319 3574 membra
1345 3516 1412 3590 (78),
1438 3516 1489 3572 sed
1516 3515 1643 3572 vulnera.
1668 3514 1789 3572 Fluebat
1812 3510 1921 3584 sanguis
1944 3523 1984 3578 qui

1015 3667 1120 3733 Variae
1147 3667 1316 3732 lectiones.

356 3803 374 3834 ¹¹
389 3801 574 3869 inplerisqac
598 3805 667 3854 Fors.
692 3803 766 3856 corb.
815 3805 835 3840 ¹⁴
863 3805 1029 3857 certaminis
1047 3804 1193 3869 praemium
1211 3804 1278 3854 Psoi.
1301 3801 1423 3853 Pretium
1446 3799 1519 3852 cord.
1566 3801 1586 3832 ¹⁵
1604 3799 1738 3882 victerirs
1761 3795 1983 3876 proximatione

326 3869 519 3926 ¹¹'tolerantes
540 3877 608 3926 rem.
634 3875 736 3941 Utique
753 3873 818 3928 dod.
836 3878 857 3930 t.
908 3876 928 3912 ¹⁷
953 3878 1051 3928 Finem
1074 3876 1202 3928 dolorum
1220 3874 1298 3925 Ocea.
1344 3871 1365 3907 ¹¹
1379 3871 1501 3922 Leniena
1521 3871 1600 3920 Ocea
1619 3870 1760 3922 Laniatrto
1780 3871 1847 3949 Peru.
1867 3861 1984 3944 Laurentii

318 3954 395 3994 mora
411 3943 472 3993 Bod.
483 3943 569 3997 Lento
580 3948 688 4010 gravior
703 3947 762 3998 bea.
777 3947 901 4010 Quaestio
917 3948 977 3998 rba.
1027 3949 1047 3980 ¹⁹
1061 3945 1189 4012 Spiritale
1204 3948 1356 4002 certamen,
1369 3941 1497 4008 praeltum
1508 3942 1586 3992 Osca.
1603 3938 1735 4004 spiritale
1749 3937 1874 4003 praelium
1886 3933 1982 3986 Chnstr.

325 4011 393 4063 Voss.
405 4012 430 4062 i.
442 4014 505 4064 Bod.
519 4015 544 4079 l,
556 4015 581 4067 3.
596 4016 664 4066 Pam.
706 4019 728 4050 ¹¹
740 4017 819 4070 Fidei
834 4017 957 4070 ardentis
970 4020 1090 4069 armatos
1105 4018 1173 4068 Pam.

968 4153 1083 4236 Steph.
1105 4153 1230 4218 Baluzii
1252 4157 1352 4217 notae.

351 4290 398 4353 (73)
415 4287 531 4341 Ecclesia
547 4289 689 4354 gloriatur.
709 4290 740 4340 ln
764 4289 862 4342 codice
886 4291 975 4343 sancti
998 4291 1138 4357 arnulphi
1187 4289 1333 4342 vincendis
1353 4289 1522 4355 precipuum
1545 4297 1655 4350 semper
1679 4286 1822 4366 jastonem
1842 4281 1922 4331 tuisse
1942 4289 1985 4325 vu·

319 4361 452 4412 hletensis
475 4361 576 4426 legitur
602 4376 644 4410 :a
661 4359 789 4413 Ecclesia
805 4361 968 4424 gratulatur.
991 4361 1028 4412 Et
1048 4374 1139 4425 nuper
1188 4360 1366 4422 tutem,dum
1380 4374 1429 4425 per
1454 4360 1547 4411 omnia
1572 4360 1744 4409 tentamenta
1767 4357 1906 4420 patientes,
1926 4361 1986 4430 sem·

319 4432 443 4496 quidem.
457 4449 472 4480 a
484 4432 516 4482 ln
529 4431 692 4482 Carnotensi
708 4446 714 4481 :
728 4448 743 4479 ι
760 4432 921 4484 Gratulatur
933 4432 978 4483 vel
995 4431 1137 4496 gloriatur.
1187 4447 1237 4499 per
1258 4433 1364 4495 invictt,
1389 4433 1466 4482 tanto
1488 4430 1587 4480 lortius
1608 4429 1755 4508 vincerent
1775 4429 1876 4492 quanto
1890 4429 1986 4498 grauns

319 4503 465 4568 l³¹¹¹¹¹P¹³¹=
479 4521 493 4550 ¹¹
1187 4503 1374 4568 pertulissent.
1398 4517 1414 4550 a
1440 4499 1522 4564 apud
1543 4498 1687 4559 Rufinum,
1709 4496 1760 4547 1ιί).
1786 4509 1815 4556 v,
1842 4506 1898 4556 cap.
1919 4492 1985 4550 l,1n

352 4576 401 4639 (it)
413 4575 554 4626 amotione
567 4574 683 4626 redistis.
699 4573 788 4626 tidem
810 4574 922 4627 codices
944 4573 1051 4626 habent
1073 4547 1176 4637 pro-D
1189 4575 1308 4626 Historia
1323 4577 1474 4638 martyrum
1495 4569 1717 4652 tuqdaasmiam.
1732 4586 1747 4616 a
1760 4567 1803 4618 lix
1822 4567 1881 4648 ipsa
1898 4560 1985 4640 quieti

318 4647 401 4700 disti&
1187 4649 1347 4698 sanctorum
1371 4643 1505 4709 patieutis
1527 4653 1627 4692 aaerror
1649 4639 1691 4691 eis
1712 4642 1896 4718 contentionis
1909 4631 1986 4682 rabies

351 4720 398 4783 (75)
414 4719 535 4780 οιωιιέο.
553 4717 694 4770 Revocari
705 4718 780 4770 hanc
794 4717 953 4780 lectionem,
969 4730 1054 4780 quam
1074 4714 1137 4766 libri
1187 4713 1403 4775 accendebatur,
1419 4717 1446 4764 et
1458 4711 1534 4762 velut
1556 4709 1662 4792 pudore
1675 4709 1798 4774 quodm
1813 4703 1984 4786 fatigabantur,

321 4793 428 4842 veteres
440 4795 468 4841 et
484 4789 622 4841 editiones
633 4791 758 4854 antiquar
778 4790 936 4854 praeierunt.
964 4787 995 4837 ln
1017 4787 1138 4837 editione
1187 4788 1252 4852 quia
1268 4787 1356 4850 major
1370 4785 1473 4834 inesset
1487 4781 1617 4833 cruciatis
1632 4793 1719 4844 quam
1742 4774 1926 4832 eructantibus
1939 4783 1985 4819 vu·

320 4861 481 4913 Manutiana
495 4860 963 4925 scriptumesttoaienn.Pamelius
977 4859 1137 4923 itaquoque
1188 4862 1270 4908 tus.»
1606 4921 1612 4932 1
1865 4917 1870 4928 .
1971 4907 1985 4956 d

319 4935 422 4998 posuit.
438 4933 494 4984 Sed
515 4937 611 4984 nostra
633 4933 725 4994 lectio,
751 4945 815 4998 quaa
843 4933 941 4982 nititur
964 4931 1137 4989 auctoritate,
1218 4927 1268 4989 (78)
1282 4929 1341 4976 lom
1364 4938 1416 4975 noa
1441 4923 1566 4973 membro.
1585 4921 1631 4974 Sic
1654 4933 1751 4984 supra,
1776 4919 1805 4968 ln
1831 4914 1969 4982 epistolae

319 5009 395 5056 recta
409 5005 538 5068 congruit
552 5017 619 5055 eum
630 5003 675 5054 hie
688 5017 751 5068 qun
766 5003 850 5068 paulo
871 5001 1023 5053 antedicta
1049 5003 1115 5050 sunt
1130 5013 1136 5048 τ
1188 4999 1329 5058 Donatum,
1341 4997 1396 5062 pti
1412 5011 1418 5043 ι
1436 4995 1524 5045 alam
1545 5005 1606 5074 non
1622 4991 1760 5054 membra,
1781 4989 1829 5040 sed
1851 4986 1960 5062 vulnera
1974 4997 1985 5024 a

319 5093 333 5122 «
356 5075 506 5126 'tolerastis
528 5074 706 5126 durissimam
731 5075 925 5140 questionem,
947 5074 976 5122 et
1000 5071 1081 5130 inira,
1108 5071 1137 5119 in
1187 5070 1353 5121 Ammianus
1381 5065 1567 5146 Marcellinus,
1589 5063 1636 5112 lib.
1655 5075 1742 5120 xxrx,
1768 5070 1894 5111 enarrans
1914 5055 1987 5170 lenig-

320 5147 476 5212 quaestione
502 5147 656 5199 victores.»
682 5146 766 5211 Angli
795 5145 971 5210 protulerunt
1001 5140 1137 5206 quasdam
1187 5154 1252 5190 narn
1276 5140 1425 5190 exercitam
1455 5139 1484 5187 in
1511 5136 1663 5198 Diogenem
1679 5131 1841 5213 'quemdam
1861 5129 1891 5177 ut
1914 5133 1986 5173 vert

318 5219 409 5270 aerias
421 5219 557 5270 lectiones
571 5231 635 5282 quaa
656 5218 772 5282 probare
792 5219 909 5281 possunt
930 5213 1013 5264 aliam
1035 5213 1137 5264 lectio·
1187 5212 1325 5275 placentia
1336 5208 1454 5273 principi
1473 5208 1641 5271 loqueretur,
1659 5207 1699 5253 art
1713 5203 1801 5284 filum
1814 5215 1820 5248 ι
1832 5217 1846 5246 «
1859 5197 1923 5249 Cum
1937 5203 1985 5257 pm·

321 5303 386 5340 nam
401 5301 483 5354 posse
494 5303 555 5342 esse
574 5289 685 5340 bonam.
1187 5282 1231 5332 nis
1249 5295 1305 5332 non
1327 5279 1486 5330 sufficerent
1505 5275 1669 5335 membra»
1694 5285 1721 5356 rr
1732 5285 1790 5324 'um
1818 5266 1984 5346 combustum·

351 5361 399 5424 (76)
415 5361 561 5412 Credentes.
580 5359 661 5412 Hanc
683 5359 833 5411 lectionem
857 5356 1008 5422 praeierunt
1029 5355 1137 5405 veteres
1187 5352 1262 5404 ldern
1278 5351 1325 5402 lib.
1342 5363 1402 5411 xlv,
1417 5349 1536 5430 loquens
1558 5345 1592 5397 de
1614 5343 1737 5396 Eusebia
1766 5339 1986 5450 <1¹¹⁰d³¹¹¹¹3¹¹iffi

319 5431 382 5482 libri
395 5435 423 5482 st
434 5432 582 5495 editiones,
601 5432 656 5482 nist
680 5430 755 5496 quod
775 5427 914 5480 interdum
931 5426 987 5476 ridi
1002 5426 1137 5489 scriptum
1188 5424 1310 5475 cruciato
1334 5421 1372 5472 ait
1399 5419 1477 5470 illum
1501 5422 1538 5468 rta
1569 5416 1757 5468 evisceratum
1791 5417 1821 5494 at
1843 5409 1946 5460 cruciats
1961 5415 1988 5519 g,

319 5503 459 5554 credentis.
471 5503 502 5553 ln
517 5503 588 5554 libro
603 5506 696 5554 mman
708 5499 869 5552 Divionensi
881 5503 909 5549 at
931 5499 961 5548 in
985 5497 1137 5548 recentiore
1188 5494 1302 5543 cremore
1323 5492 1445 5541 dcerunt.
1465 5487 1583 5540 Sanctus
1602 5483 1769 5536 Ambrosius
1789 5495 1818 5532 ιιι
1843 5477 1908 5529 libro
1932 5485 1953 5552 1¹

320 5573 485 5640 Remigiano
515 5574 615 5642 legitur
642 5578 801 5624 mastnotsr.
829 5569 911 5634 Quod
932 5567 1001 5619 mihi
1027 5565 1138 5618 videtur
1191 5563 1351 5628 Virginibus,
1380 5562 1497 5626 loquens
1524 5557 1559 5609 de
1579 5556 1713 5620 martyrio
1739 5555 1842 5638 sauata
1865 5547 1970 5662 hauet}

319 5659 381 5698 esse
402 5647 512 5697 melius.
535 5645 590 5698 Sed
617 5648 726 5696 mutare
752 5655 809 5693 non
828 5655 890 5692 sum
918 5651 1004 5691 ausus
1028 5640 1138 5702 propter
1187 5635 1317 5685 «Fuitsne
1332 5634 1360 5683 in
1378 5631 1425 5682 illo
1449 5629 1615 5712 corpusculo
1635 5626 1748 5710 vulneri
1769 5615 1948 5732 locucio'l.l
1964 5624 1991 5727 ri

318 5717 532 5781 repugnantiam
544 5715 663 5766 aliorum
679 5713 888 5778 exemplarium.
1187 5705 1259 5765 vius,
1273 5703 1320 5754 lib.
1335 5715 1373 5764 rv,
1391 5719 1404 5750 ι
1419 5701 1492 5765 Quid
1503 5703 1560 5765 jam
1573 5704 1671 5763 integri
1694 5709 1757 5780 esse
1770 5707 1799 5745 in
1812 5699 1923 5776 corpore
1942 5693 1977 5802 δῦ

353 5787 401 5850 (iit
433 5788 504 5839 lorti
518 5824 523 5836 .
539 5821 567 5836 ..
607 5785 739 5850 (artiores.
775 5781 910 5847 Sulpitius
946 5778 1068 5830 Severus
1109 5777 1138 5827 in
1188 5770 1642 5836 adnovnrulnerarecipiendats
1658 5763 1847 5818 lustinuslrb.
1865 5775 1882 5810 u
1900 5775 1930 5806 :a
1962 5767 1986 5802 o·

320 5858 440 5927 Epistola
467 5859 502 5913 ad
523 5857 662 5914 Eusebium
689 5874 694 5906 :
722 5854 777 5910 Sed
812 5855 856 5906 bis
880 5851 1029 5906 tolerandis
1053 5852 1137 5918 atque
1188 5847 1229 5902 lut
1257 5861 1271 5900 a
1298 5844 1416 5912 siugulis
1446 5839 1577 5898 membris
1599 5852 1690 5908 poenae
1708 5837 1911 5905 exigerentur.»
1931 5823 1985 5878 ule
