4012 6192
79 279 125 340 409
729 285 827 346 LIBER
845 287 889 346 nti
909 285 1150 348 steatomatis.
1705 295 1755 356 940

77 409 209 478 mortem,
224 425 240 464 a
254 410 382 482 prorsuis
394 408 419 447 ⁸⁰
432 416 460 468 ct
477 410 639 468 errantibus
654 411 706 470 snb
725 413 824 470 iictitio
837 430 889 470 no·
900 413 1029 499 pandit,
1050 413 1088 468 44
1109 413 1276 470 sacrificium
1297 415 1405 484 Zahuii,
1429 416 1646 476 immolantibus
1667 399 1755 493 penes

78 502 150 558 mine
168 503 217 560 Dei
234 502 299 574 (34),
315 505 379 570 talis
393 505 447 562 coli
459 506 608 564 meruerit.
939 509 1085 562 auctorem
1096 507 1119 542 00
1142 506 1209 578 (44),
1229 523 1331 562 manus
1351 509 1463 580 polluit.
1477 512 1512 566 iit
1531 512 1635 570 idcirco
1657 516 1754 572 Domi-

107 601 149 655 1x,
172 601 247 658 310ae
269 601 365 658 tabula
385 603 435 676 qui
449 604 532 674 ludit,
555 609 584 660 et
607 605 748 663 maleficia
760 607 783 641 ⁸1
805 622 888 662 nom
938 616 993 656 nus
1006 599 1042 655 ad
1056 600 1110 656 hoc
1122 599 1267 671 indignari
1282 600 1352 656 dicit
1363 619 1369 656 :
1381 604 1481 672 Nolite,
1495 604 1599 678 inquit,
1612 609 1754 666 4444444444

77 693 167 762 dehet,
189 693 266 766 quod
287 711 305 750 4
328 695 483 754 [laisareis
503 698 588 770 longe
610 698 799 768 sit,sciens⁸¹
819 715 888 772 quo·
937 709 1035 750 0004100
1059 698 1164 750 0000000
1187 693 1297 764 injuste,
1323 709 1356 750 00
1379 698 1542 754 0000000000
1563 715 1620 769 000,
1646 707 1672 757 00
1699 718 1754 758 000

76 786 148 842 niam
162 787 235 844 ioris
256 787 401 846 maleficus
415 793 444 846 ei
463 791 632 848 venenarius
648 793 714 866 (34),
733 796 762 850 44
781 792 887 850 iterum
936 789 1025 844 unam
1037 803 1084 844 tos
1098 787 1148 844 004
1165 801 1325 858 permetere
1344 803 1426 859 super
1446 796 1565 860 tetrums
1580 798 1608 848 et
1626 793 1730 850 iterum

75 879 100 934 io
115 879 218 950 judicii
235 880 313 938 diem
327 883 359 938 in
380 882 449 956 igne
469 889 580 942 4444444
601 885 886 959 comminuentes
938 881 1075 938 Abstinete
1095 897 1192 936 marius
1212 886 1316 938 uestros
1338 882 1372 936 nb
1396 882 1506 952 s'rqresto,
1531 890 1556 940 et
1581 901 1613 942 ne
1634 889 1755 954 recentis

75 972 168 1027 tabula
181 974 232 1045 qui
244 973 328 1044 ludit,
339 976 416 1049 prius
427 978 536 1034 auctori
550 978 611 1050 ojus
624 978 779 1036 sacrificare
792 979 885 1048 debet,
936 976 1083 1045 quiequam
1104 975 1172 1030 maii
1187 975 1253 1046 (45).
1274 975 1308 1030 Ei
1322 976 1466 1056 apostolus
1482 975 1662 1034 beatissimas
1680 983 1753 1036 Paa-

75 1063 145 1136 qnod
158 1067 323 1123 Christianis
342 1085 400 1125 non
418 1069 493 1138 iicet,
511 1071 624 1128 dicento
638 1072 758 1128 Domino
773 1089 779 1128 :
793 1074 886 1130 Sacri-
937 1072 980 1127 ius
1004 1072 1134 1128 similiter
1159 1071 1227 1128 dicit
1251 1089 1258 1128 :
1290 1073 1394 1142 Videte,
1419 1076 1539 1144 fratres,
1566 1090 1600 1130 nc
1623 1077 1755 1146 4449444-

73 1162 151 1228 iona
174 1160 229 1216 diis
247 1162 443 1228 eradicabitur,
466 1163 519 1220 nisi
541 1167 598 1221 boo
618 1165 688 1234 soli3
711 1165 883 1222 etiterum:
936 1166 1037 1222 4444400
1052 1165 1108 1238 (46)
1126 1167 1189 1222 huic
1206 1168 1313 1232 saecuto,
1334 1174 1360 1223 et
1378 1171 1484 1239 pompis
1501 1173 1528 1225 et
1547 1168 1652 1224 deliciis
1667 1175 1692 1224 et
1707 1185 1752 1226 oo-

72 1253 157 1308 444444
188 1256 341 1324 sacrificare
367 1256 421 1311 diis
447 1257 552 1322 4444444,
581 1273 615 1313 ne
645 1260 764 1314 incitetis
789 1274 831 1316 me
857 1261 887 1314 in
937 1259 1088 1330 luptatibus
1111 1261 1185 1330 ejus5
1203 1261 1251 1316 sed
1272 1263 1403 1318 cootioete
1422 1277 1469 1318 uos
1490 1263 1524 1318 ab
1547 1265 1620 1318 amai
1639 1263 1753 1333 injusti-

73 1346 195 1415 operibus
213 1362 343 1404 manuum
362 1353 513 1406 terraram
537 1351 575 1406 od
594 1351 807 1422 disperdendum
825 1367 884 1408 uos.
937 1353 1021 1407 tio⁸⁹.
1035 1355 1106 1410 Nom
1124 1355 1171 1423 qui
1189 1353 1321 1424 delinquit
1335 1357 1365 1408 in
1387 1357 1483 1422 Deum,
1500 1356 1579 1411 nuttc
1599 1359 1630 1426 fit
1644 1371 1753 1414 excusa·

74 1443 247 1500 Christianus
265 1445 315 1518 qui
333 1463 374 1516 es,
393 1453 421 1504 et
439 1447 508 1506 aleae
526 1449 622 1506 tabula
638 1449 723 1518 ludis,
738 1449 805 1506 licet
827 1465 885 1506 non
937 1446 973 1500 000
984 1441 1019 1510 ³⁰·
1031 1445 1340 1514 000000004000000000,
1351 1452 1377 1502 00
1388 1448 1673 1504 00000οΜ0000000
1685 1451 1753 1521 (07).

75 1537 221 1606 membres,
243 1539 307 1611 lege
322 1540 408 1612 hujus
423 1541 557 1598 iocinoris
573 1543 713 1616 particeps
727 1559 769 1599 44.
784 1544 819 1599 Et
832 1543 887 1598 uti·
937 1537 967 1592 ln
983 1537 1139 1608 Evangelio
1153 1537 1293 1593 Dominus
1306 1538 1375 1594 dicii
1387 1554 1394 1593 2
1404 1541 1435 1596 St'
1449 1541 1518 1609 400,
1534 1539 1636 1612 inquii,
1651 1543 1753 1600 0044404

75 1647 126 1702 que
142 1631 280 1688 Dominus
294 1633 419 1690 occurrit
438 1638 467 1691 ot
482 1635 689 1694 dieitgssoeidp
706 1652 748 1700 aa,
766 1637 885 1708 populus
936 1629 1116 1701 blasphemius
1141 1633 1170 1685 t'it
1199 1631 1300 1687 R'lt'ttm
1324 1631 1456 1699 hominii,
1488 1633 1642 1690 dt'mi'iielttr
1670 1637 1715 1690 t'llt‘
1740 1656 1747 1693 t

73 1739 153 1793 44444,
175 1741 208 1782 ne
223 1727 261 1782 sis
277 1730 415 1800 particeps
435 1729 596 1786 delictorum
615 1729 683 1800 ejus.
700 1731 733 1784 iit
754 1729 882 1786 iterum:
936 1727 965 1778 ut
979 1726 1002 1780 is
1015 1726 1065 1794 qui
1077 1728 1230 1795 peccauerit
1243 1727 1273 1778 ia
1286 1725 1568 1796 Spiritum'sartctum,
1581 1743 1636 1784 reon
1655 1729 1748 1786 dimit-

73 1818 212 1889 bnoedtae,
239 1820 367 1877 doceam
391 1822 465 1890 snae,
492 1826 563 1879 wite
587 1823 620 1878 de
642 1823 731 1878 medio
755 1822 815 1892 ejas
835 1795 924 1893 quiB
936 1821 1007 1872 tetur
1020 1817 1073 1882 itti,
1094 1832 1141 1872 nec
1161 1816 1213 1886 hic,
1234 1833 1280 1872 nec
1298 1819 1327 1872 ire
1347 1819 1443 1886 futuro
1463 1821 1570 1877 secuta.
1590 1821 1624 1876 Et
1643 1822 1748 1878 iterum

72 1913 185 1980 44444444
207 1928 272 1968 uasa
297 1915 415 1984 Domini,
436 1921 462 1971 et
486 1915 655 1972 immundum
677 1930 710 1970 ae
730 1917 883 1986 tetiqerita's.
934 1910 1074 1982 Propheta
1094 1909 1163 1964 dicit
1184 1927 1190 1964 ι
1211 1911 1243 1968 Si
1265 1911 1445 1982 delinquendo
1470 1917 1559 1982 peccet
1585 1916 1660 1968 4440
1690 1917 1748 1987 (48)

72 2003 242 2061 Christianus
261 2007 426 2080 quicunque
443 2025 472 2064 es
486 2012 516 2065 44
529 2010 591 2066 4444
612 2009 698 2078 ludis,
712 2009 765 2064 hoc
786 2007 884 2080 primo
934 2003 1062 2060 44444444
1083 2005 1183 2068 virum,
1207 2004 1332 2058 orabitur
1356 2019 1406 2074 pro
1427 2021 1456 2060 eo
1479 2006 1518 2060 od
1537 2007 1704 2065 Dominum
1724 2011 1749 2066 si

73 2099 93 2132 0
104 2097 133 2152 in
158 2099 221 2154 ioco
245 2099 361 2156 credere
386 2099 481 2172 debes,
503 2101 572 2175 quia
594 2117 654 2158 non
679 2100 882 2170 Christianum,
934 2102 1024 2152 autem
1046 2099 1076 2152 io
1099 2099 1182 2152 iteum
1199 2097 1358 2165 peccauerit,
1381 2100 1443 2168 quis
1460 2099 1550 2154 orabit
1567 2115 1620 2169 pro
1642 2103 1749 2159 esitii

73 2193 117 2247 sed
138 2191 286 2248 ethnicum
310 2193 361 2249 tibi
384 2209 492 2250 nomen
514 2197 574 2264 est;
601 2197 630 2251 et
656 2195 726 2253 iiiad
744 2193 823 2268 quod
847 2193 884 2249 44
933 2189 1033 2244 heatus
1071 2188 1214 2261 spostolus
1245 2189 1369 2258 Paulus,
1408 2194 1593 2262 procurator,
1627 2194 1747 2252 vicarius

73 2285 237 2341 sacrificium
256 2286 433 2343 Dominicum
454 2287 589 2360 pertinet,
606 2287 637 2344 in
647 2305 768 2345 rocuurn
783 2287 883 2344 sumis.
933 2282 1046 2350 Christi,
1063 2281 1283 2339 Ecclesiasticam
1297 2299 1396 2338 curam
1410 2299 1509 2355 agens,
1522 2285 1605 2357 ponit
1616 2291 1645 2342 ct
1657 2287 1745 2345 dicit:

74 2379 115 2434 Sic
136 2379 251 2435 4444400
272 2379 365 2436 dicit:
387 2381 479 2439 0444444
499 2382 655 2438 immundus
677 2397 731 2438 444
755 2381 883 2451 44444400
936 2379 989 2434 Vos
1004 2379 1067 2432 estis
1086 2377 1213 2446 temptam
1232 2377 1290 2442 Dei,
1309 2382 1335 2432 et
1349 2379 1378 2432 in
1395 2377 1468 2432 uobis
1487 2377 1610 2436 Christus
1624 2383 1747 2450 habitan

74 2473 232 2544 meriticium
256 2474 359 2530 Sancti.
389 2474 460 2530 Dicit
482 2474 560 2530 enim
589 2475 764 2548 Scriptura:
791 2474 884 2531 Omnis
934 2472 959 2526 si
981 2473 1042 2540 quis
1060 2471 1188 2540 temptum
1209 2471 1258 2525 Hei
1279 2471 1432 2538 4444444444,
1452 2473 1548 2542 perdet
1568 2475 1647 2530 ittam
1668 2479 1746 2533 Deus.

72 2569 111 2620 „p
123 2565 294 2622 mamam
307 2583 414 2624 ,mem
432 2571 559 2639 ,mpori
578 2570 643 2642 (40),
664 2575 690 2626 02
708 2569 885 2625 immundicia
933 2561 1038 2615 lterum
1049 2557 1187 2614 Dominus
1201 2557 1230 2612 in
1244 2558 1399 2630 Evangelio
1410 2575 1461 2616 suo
1472 2567 1560 2633 negat
1572 2570 1745 2634 peccatores,

72 2659 122 2728 qq,
138 2662 338 2730 suppremum
352 2667 446 2733 „mar
465 2664 558 2718 anim
577 2664 629 2718 ma
647 2663 680 2718 de
696 2663 797 2734 popula,
816 2675 882 2717 mea,
934 2657 962 2708 et
978 2651 1129 2724 exprobrat
1143 2651 1257 2708 dicens:
1272 2654 1393 2710 Recedite
1405 2669 1422 2708 a
1435 2669 1485 2718 me,
1499 2671 1586 2712 onnes
1598 2660 1747 2730 quiopero-

103 2757 133 2810 X.
153 2757 273 2812 4444444
288 2758 451 2833 quicunque
473 2775 513 2824 es,
531 2759 725 2816 Christianum
744 2765 772 2817 ta
794 2759 881 2826 dicis;
933 2747 1002 2801 00000
1021 2745 1202 2814 0400000004
1225 2761 1364 2816 00040000
1386 2762 1432 2802 000
1457 2749 1575 2816 00400000
1597 2749 1691 2806 habui.
1713 2751 1748 2806 00

72 2850 145 2921 qood
158 2865 217 2906 non
232 2867 315 2920 es,eo
328 2853 403 2924 quod
417 2853 521 2910 saecuto
535 2853 676 2926 particeps
689 2869 738 2909 es:
751 2849 885 2908 4444444-
933 2839 1054 2894 0000000
1072 2839 1218 2910 0400000000
1236 2838 1327 2894 000000
1344 2840 1434 2896 000000
1447 2843 1498 2912 qui
1515 2848 1617 2914 400000οι
1636 2859 1690 2900 0000
1708 2849 1747 2900 000

71 2943 147 2996 cusi⁸
171 2943 277 2998 Christi
294 2949 374 3015 potes
394 2961 466 3014 asse,
483 2943 531 3017 qui
551 2961 617 3002 cum
641 2943 760 3001 inimico
782 2944 885 3002 Christi
934 2933 967 2987 00
985 2934 1048 2996 000.
1063 2932 1111 2987 000
1132 2932 1166 2988 00
1187 2932 1295 2988 0000000
1316 2937 1372 2999 0004
1395 2940 1421 2988 00
1442 2936 1517 2990 000000
1538 2938 1667 3006 40000000
1686 2937 1745 2994 0000

69 3040 147 3090 tenes
164 3035 329 3093 amicitiam.
340 3035 422 3092 Certe
436 3037 526 3110 quatis
545 3037 690 3093 dementia
706 3035 760 3106 (44)
776 3037 883 3092 aleato-
932 3031 1059 3081 00000000
1071 3029 1110 3081 000
1123 3025 1208 3082 0000000
1223 3027 1279 3094 0000»
1293 3029 1325 3081 00
1335 3027 1436 3098 4000000
1449 3027 1520 3098 00000
1533 3028 1645 3086 0000000·

69 3143 129 3184 rum
144 3127 287 3198 fidelium,
299 3129 347 3185 ubi
361 3129 514 3198 insaniunt,
526 3132 556 3186 at
568 3129 754 3186 furacissimis
767 3128 922 3230 vocibusC
969 3111 1067 3187 835
1083 3115 1125 3170 00·
1144 3113 1171 3170 Si
1187 3113 1251 3185 04000
1268 3113 1376 3170 0000000
1389 3115 1565 3172 (0000000000
1581 3133 1622 3187 00,
1640 3121 1748 3176 000000

69 3221 201 3293 pejerant
221 3237 229 3274 2
251 3226 281 3278 θ(
298 3219 397 3296 834
417 3221 546 3278 deorbgq
565 3222 664 3278 pabuli
685 3221 807 3293 caligine
830 3220 883 3292 (qq)
935 3207 1110 3262 hereditatis
1119 3211 1175 3263 4444
1184 3206 1317 3263 inimicus
1327 3208 1542 3282 cstiuicunqus
1551 3226 1591 3280 es,
1604 3211 1703 3269 desine
1711 3213 1746 3270 ab

69 3313 191 3370 invicem
209 3313 262 3370 sibi
282 3329 384 3370 manus
398 3314 538 3384 inierunt,
553 3313 735 3382 maiedicuni,
749 3329 779 3368 44
798 3313 885 3369 4444-
934 3299 981 3355 000
995 3300 1138 3356 0000000ῑο
1149 3299 1244 3356 000000·
1255 3299 1329 3365 0000
1341 3304 1368 3356 00
1382 3301 1410 3356 00
1424 3303 1559 3374 0004000000
1572 3307 1673 3362 0000000
1682 3324 1748 3364 0000

69 3411 142 3476 κη),
163 3409 318 3479 parentum
338 3406 480 3480 originem
503 3407 595 3464 (Μὴ),
620 3407 809 3478 ppfflnqbu,
830 3405 884 3478 (4³)
936 3392 1049 3449 diabolo
1066 3393 1139 3448 ultra
1153 3393 1337 3465 praecipitas?
1351 3393 1421 3464 quid
1436 3411 1506 3468 opes
1520 3400 1550 3454 44
1561 3397 1671 3456 divitias
1685 3405 1749 3458 tuas
1841 3393 1842 3398 ’

68 3499 251 3557 dehonorant
277 3501 365 3558 Sonat
376 3500 488 3573 publice
502 3501 572 3558 aleae
587 3499 733 3573 strepitus,
747 3499 887 3556 festinant
935 3485 1134 3542 0000000000000
1149 3501 1206 3542 0000
1216 3483 1239 3520 ⁸²
1252 3485 1397 3542 0000000000
1415 3488 1485 3560 04000
1496 3493 1525 3546 00
1538 3491 1647 3564 00040000
1659 3511 1747 3550 0000·

68 3593 100 3646 44
123 3608 229 3648 necem
248 3593 424 3657 baereditatis
445 3610 505 3650 susa
525 3609 627 3650 manus
646 3610 653 3650 :
674 3609 727 3648 nec
748 3593 886 3665 inteiligit
934 3579 1041 3638 laribus
1062 3579 1200 3646 ifli⁰liiss
1221 3586 1259 3636 -00
1278 3580 1315 3636 00
1338 3582 1476 3638 0000005*
1495 3583 1654 3654 4000000000
1678 3588 1748 3661 quid

68 3687 155 3742 mise,-
177 3685 248 3759 quid
267 3685 321 3742 ,qq
340 3690 450 3756 noceat,
464 3687 582 3760 qundo
605 3703 634 3742 ,θ
656 3685 726 3742 2103
744 3691 883 3742 auctorat,
933 3672 1082 3730 inimicum
1092 3679 1174 3730 tuum
1188 3673 1332 3730 4444444444
1345 3675 1501 3746 laudando,
1511 3677 1666 3752 delinquis;
1681 3699 1748 3740 oum

70 3779 102 3834 Et
123 3780 175 3852 qui
193 3779 255 3852 jam
277 3780 379 3852 sapius
401 3779 535 3848 vincitur,
558 3795 656 3836 rursus
678 3779 716 3836 44
737 3779 885 3836 nocentius
934 3783 991 3840 (400
1010 3783 1124 3824 0000000
1146 3772 1189 3824 000
1211 3767 1361 3839 0000000000
1382 3771 1447 3826 0000
1468 3771 1573 3843 400000ον
1596 3791 1653 3830 000
1677 3777 1749 3832 0000·

70 3873 208 3942 studium,
224 3871 329 3926 Zabulo
344 3872 490 3940 suadente,
505 3871 661 3928 animatur.
680 3871 702 3928 0
719 3887 764 3928 ars
781 3871 885 3930 infesta
934 3867 988 3932 000»
1011 3860 1061 3917 000
1083 3860 1290 3917 (3000000000οῖ
1319 3863 1473 3933 4000000000
1503 3869 1582 3922 00000
1606 3867 1748 3925 00000000

71 3965 261 4034 studentibus,
274 3968 304 4020 et
316 3949 447 4038 stuprum
461 3960 663 4022 libidinosum!
680 3964 758 4038 quod
772 3981 831 4022 non
844 3965 885 4022 di·
933 3954 1749 4032 (1000004000000000000008000»0000004000οΡ00000·

71 4058 162 4128 riiias,
185 4057 235 4114 sed
255 4057 415 4114 nuditatem
435 4060 464 4114 et
483 4057 608 4131 inopiam
631 4061 763 4132 proestai3
785 4075 885 4116 manus
934 4047 1018 4118 000004
1033 4063 1119 4120 004000
1131 4063 1258 4104 00000000
1274 4048 1453 4104 0000ῑο00000
1471 4065 1594 4124 04000800
1609 4054 1749 4126 40000000·

72 4151 209 4222 carnifex,
222 4167 325 4208 manus
339 4151 431 4222 noxia,
446 4168 509 4226 quas
523 4167 576 4208 noc
591 4155 653 4224 post
671 4152 749 4208 lucra
769 4151 883 4220 desinit,
935 4147 1016 4204 nium
1035 4153 1128 4216 tuum,
1146 4146 1223 4218 quod
1242 4145 1360 4203 iorsitea
1383 4163 1456 4204 44444
1471 4147 1564 4205 dudio
1583 4151 1747 4222 perditurus

72 4245 121 4300 sed
139 4246 236 4302 adhuc
255 4249 320 4318 post
340 4247 444 4302 damna
464 4245 545 4302 ludit.
560 4245 735 4302 Christianus
755 4245 804 4318 qui
822 4247 885 4302 aiea
933 4258 1007 4310 eras,
1021 4239 1196 4313 pauperibus
1210 4239 1328 4296 divido:
1349 4240 1460 4298 44444444
1481 4247 1544 4298 tuas
1562 4243 1673 4302 Christo
1687 4246 1747 4303 vin·

759 4385 864 4460 Variee
892 4385 1059 4457 lectiones.

102 4515 181 4573 “Sic
192 4515 291 4574 hadr.
306 4515 370 4588 imp.
382 4515 488 4574 4044444.
529 4517 551 4558 00
568 4513 734 4575 bdeieiicium
746 4517 809 4574 nod.
824 4520 845 4573 i.
894 4513 1128 4571 essentessent.
1145 4513 1168 4568 i.
1217 4513 1238 4552 00
1248 4513 1291 4566 Sic
1304 4513 1366 4567 bod.
1382 4515 1504 4569 Primum
1517 4517 1581 4583 Imp.
1629 4515 1744 4574 “Enim

72 4593 211 4644 Dominus
224 4593 322 4645 Redi.
355 4594 495 4660 “Tangat
509 4593 569 4644 iiod.
586 4595 609 4645 t.
654 4594 731 4645 “Sic
747 4591 845 4644 itaut.
862 4589 1014 4652 Corbimp.
1030 4588 1145 4638 animat.
1179 4585 1201 4621 ⁴⁷
1216 4587 1260 4638 Sic
1275 4585 1349 4638 Cart.
1363 4588 1427 4652 imp.
1443 4588 1535 4641 Poenis
1547 4593 1675 4644 auctoris.
1721 4594 1744 4627 ⁴⁹

72 4663 406 4730 (144444444444444444Ι
455 4663 738 4729 04444444444444444
755 4662 854 4714 badi.
898 4659 1014 4723 “Quod
1029 4659 1122 4711 delicti
1133 4659 1160 4708 44
1176 4659 1265 4710 4)4444
1280 4657 1355 4707 44444
1372 4659 1408 4707 444
1421 4661 1565 4712 excusatio
1576 4661 1640 4712 Bod.
1655 4665 1679 4715 4.
1722 4665 1743 4700 ¹¹

73 4733 209 4788 Peccator
221 4735 354 4788 44444444
365 4735 429 4788 Bod.
442 4738 464 4787 4.
498 4739 519 4772 0
535 4736 578 4788 Sir
593 4735 666 4787 Cart.
682 4735 747 4801 imp.
760 4733 972 4785 Sordidissimus
984 4731 1055 4784 eris.
1089 4733 1110 4764 0
1123 4729 1195 4782 Cum
1207 4727 1313 4780 seculo
1326 4728 1387 4780 rod.
1404 4731 1426 4780 i.
1441 4729 1516 4782 Corb.

746 4879 829 4947 Edit.
853 4881 958 4948 Oxon.
979 4883 1077 4944 note.

100 5015 156 5076 (38)
174 5015 228 5068 sat
247 5015 337 5082 fictitio
359 5017 464 5069 nomios
479 5019 533 5070 Dei.
556 5019 671 5072 Prorsus
691 5017 732 5070 sic
751 5019 821 5084 iege,
836 5031 924 5109 proD
966 5018 1014 5082 (44)
1030 5015 1124 5069 tarbis
1132 5013 1312 5082 presentibus.
1325 5012 1386 5067 iioc
1402 5027 1438 5066 ex
1451 5013 1550 5068 codam
1561 5017 1681 5084 reposui,
1696 5033 1746 5085 pro

69 5085 180 5150 4444444.
195 5087 306 5140 Patent„
935 5087 1054 5154 eoquod
1070 5086 1277 5151 mettensibus,
1293 5086 1421 5151 pessima.
1435 5086 1546 5140 Parma.

99 5159 154 5222 (39)
177 5157 312 5224 dietricus
332 5165 356 5211 rt
373 5160 544 5211 4444444444.
568 5161 641 5212 Nora
663 5175 727 5223 vox,
751 5163 886 5227 quantum
966 5160 1017 5225 (tt)
1038 5157 1237 5211 immolantibus
1258 5170 1337 5222 penes
1354 5163 1481 5210 auctores.
1504 5157 1625 5212 Rursum
1643 5161 1746 5216 obscu-

70 5232 198 5294 apparat,
213 5243 229 5280 4
242 5231 407 5283 venerandis
420 5230 501 5282 idolis
515 5231 646 5283 derivata.
660 5232 770 5283 Paeane.
935 5231 1082 5282 44444444.
1100 5229 1205 5281 Eadem
1217 5229 1311 5295 phrasi
1325 5241 1410 5294 supra
1421 5230 1551 5282 occurrit.
1564 5229 1674 5285 Pausa.

101 5300 157 5364 (40)
174 5301 263 5351 omnis
276 5304 320 5352 air
332 5301 496 5353 manducaris
510 5303 755 5368 caraemsacrificii.
772 5303 887 5354 Prorsus
967 5301 1016 5365 (44)
1043 5301 1075 5351 iit
1101 5299 1269 5362 reieceritis
1290 5300 1434 5366 quicquam
1458 5299 1534 5352 maii.
1562 5301 1682 5357 Omnino
1704 5308 1745 5361 sic

68 5373 111 5424 sic
129 5371 242 5436 restitui
263 5371 341 5424 hunc
362 5373 466 5437 iocum,
482 5385 516 5425 ex
539 5372 586 5424 iib.
602 5373 635 5424 de
654 5375 755 5439 tapsis,
774 5373 823 5425 ubi
846 5373 887 5424 sic
935 5372 1006 5437 logo,
1020 5373 1085 5436 quia
1097 5371 1239 5436 precedit,
1253 5369 1382 5422 abstineto.
1400 5369 1510 5424 rama.

69 5444 178 5494 citatur
201 5441 264 5495 haec
288 5442 440 5509 Scriptura,
466 5457 515 5508 pro
540 5459 574 5496 eo
597 5445 757 5509 quoderat,
779 5443 886 5496 mendi·
967 5443 1016 5506 (tc)
1044 5442 1141 5498 Videte,
1161 5441 1269 5505 fratres,
1290 5456 1322 5493 ue
1338 5441 1530 5508 otiquremiai.
1551 5445 1660 5514 Ubique
1683 5449 1741 5502 alib

70 5511 412 5579 cans:1egoexeodem,
437 5516 615 5579 immunditia,
633 5529 682 5581 pro
707 5515 886 5567 immunditie.
936 5513 1066 5578 Cyprian.
1082 5513 1290 5577 roniquremioi.
1307 5514 1416 5568 Pansa.

69 5584 187 5636 Pam.
967 5587 1016 5648 (47)
1039 5585 1071 5636 tit
1093 5585 1194 5636 remitti
1212 5586 1291 5638 uenio
1317 5586 1402 5638 daton
1417 5585 1509 5640 Etiam
1531 5587 1586 5642 hoc
1608 5589 1669 5656 logo
1694 5605 1744 5657 pro

102 5657 156 5718 (44)
172 5656 247 5708 Certe
262 5655 351 5723 quotis
373 5656 512 5709 dementia.
533 5657 665 5709 Antonin.
684 5657 704 5708 0
726 5657 823 5722 quotis,
839 5655 888 5724 qui
937 5657 1061 5719 ceriam
1080 5656 1189 5708 ridetur
1205 5659 1297 5709 autem
1324 5657 1379 5710 hoc
1402 5659 1541 5724 portinere
1566 5659 1601 5712 ad
1624 5674 1744 5714 errorem

70 5727 160 5780 stiam
171 5728 305 5794 peinana
317 5727 385 5794 legit
397 5741 455 5794 pro,
467 5727 615 5794 per-joram.
629 5729 740 5781 Pausa.
937 5729 1160 5781 Noratianorum.
1177 5728 1286 5780 4044444.

102 5797 160 5862 (ta)
184 5798 217 5852 st
243 5797 364 5852 deortoti
389 5798 484 5852 zabuli
503 5799 624 5866 cotiqins.
649 5801 751 5852 Antan.
776 5799 887 5853 diaboii.
968 5799 1022 5864 (ts)
1042 5797 1072 5850 Si
1096 5799 1273 5866 dats'oqusodo
1294 5805 1379 5864 peccet
1402 5801 1453 5852 oir.
1479 5801 1557 5854 Istud
1579 5815 1689 5870 quoquo
1712 5815 1747 5858 ex

70 5869 157 5926 Nova
171 5875 264 5924 autom
278 5873 320 5925 eat
335 5883 399 5940 vox,
410 5869 540 5924 dambori.
555 5873 664 5927 Peuce.
938 5871 1069 5940 Cypriani
1082 5871 1142 5925 aliis
1157 5871 1236 5936 iocis,
1252 5875 1446 5940 properentur.
1459 5873 1569 5926 rause.
