3978 6204
78 253 117 310 489
732 247 830 306 tinen
848 247 892 304 DE
911 247 1036 304 tnesis.
1279 308 1283 314 ,
1671 249 1723 304 440

76 371 200 444 Apostolus
213 370 327 426 denotat
345 370 442 426 444444
457 386 464 424 :
479 371 532 438 Qui
546 375 635 426 auten
648 371 745 427 uolunt
760 373 859 428 diuites
870 384 1011 456 ,gregare
1034 369 1107 448 talis¹
1118 373 1146 424 et
1166 369 1259 426 dicare
1280 387 1286 424 :
1308 389 1322 420 a
1341 371 1454 426 Cartare
1476 370 1592 442 quidem
1613 369 1725 426 fortiter

75 465 793 538 peri,inciduntintentationemetmascipalam⁵²ct
811 465 858 521 de·
910 464 996 531 salui,
1026 465 1063 531 et,
1093 463 1259 518 sacramenti
1286 464 1342 518 mci
1368 479 1488 532 memor,
1512 463 1668 520 devotionis
1692 479 1725 518 ac

75 561 156 616 4444444
173 559 256 614 multa
276 559 388 613 inutilia
406 561 432 614 ct
455 560 580 614 nocentia
594 559 628 626 ⁵³,
655 573 717 628 quse
738 563 860 628 merpnm
909 556 977 612 helei
998 573 1077 612 arma
1099 557 1225 629 snscepi;
1251 557 1301 612 sed
1324 573 1370 613 me
1392 558 1422 612 in
1443 558 1643 628 congressione
1667 559 1723 628 (47)

74 655 182 708 hainen
194 654 223 706 in
232 651 411 722 perditionem
426 655 452 706 et
468 654 498 706 in
516 653 663 708 interitum.
680 653 772 708 Radia
789 655 860 708 enim
910 655 1088 722 pugnantem
1111 649 1307 705 cruciamenta
1327 651 1404 704 varia
1426 656 1455 704 et
1475 651 1615 724 supplicia
1637 651 1723 722 langa

74 749 171 802 44444444
183 746 315 800 melorum
328 751 366 800 est
379 745 527 815 cupiditas,
545 760 628 814 quam
645 744 758 814 44444444
776 762 859 818 appc·
910 743 1046 798 vicerunt.
1062 743 1146 798 Stetit
1159 759 1240 798 mens
1259 742 1362 798 stabilis
1381 746 1410 798 et
1426 741 1496 797 lldas
1511 744 1599 814 lortis,
1616 747 1644 799 et
1658 759 1723 798 cum

75 845 139 896 tenta
153 843 307 894 4444444444
322 838 378 910 (42)
392 839 472 907 ande
486 843 512 894 et
529 841 701 896 inseruerant
717 856 744 897 se
757 841 858 896 dolari-
909 837 1108 909 torquentibus
1131 836 1223 908 poenis
1249 835 1407 891 immobilis
1430 836 1478 890 din
1502 837 1597 892 anima
1620 837 1724 892 luctata

73 935 109 988 444
124 933 208 988 maltis
226 932 248 1004 (4
269 933 348 993 Tim„
368 948 406 999 44,
427 931 465 1001 9).
482 932 619 987 Dominus
640 937 735 989 autem
758 932 861 1006 quibus
911 934 952 984 est
968 947 975 984 s
990 930 1040 985 sed
1059 946 1135 998 cum,
1151 929 1294 985 durissimi
1310 928 1415 1001 judicis
1435 929 1650 986 recrudescente
1670 947 1723 984 444-

73 1041 112 1080 nos
126 1024 292 1096 praemiisad
309 1026 508 1096 contemptum
525 1025 567 1080 rei
581 1025 728 1081 familiaris
745 1026 861 1082 44444444
911 1023 988 1092 vitia,
1007 1025 1068 1094 jam
1093 1024 1243 1096 inligatum
1268 1024 1321 1096 (48)
1345 1039 1421 1079 nune
1445 1022 1591 1094 llagellall
1613 1022 1725 1078 scinde·
1830 1062 1833 1072 .

72 1121 144 1174 Parra
156 1119 213 1172 444
227 1123 254 1172 44
268 1117 372 1188 exigua
384 1117 471 1189 hujus
484 1118 622 1190 temporis
637 1119 741 1174 damna
759 1119 861 1191 quibus
911 1121 990 1184 rent,
1016 1133 1091 1172 nunc
1117 1117 1326 1172 contunderent
1355 1116 1458 1185 iustas,
1484 1131 1560 1172 nunc
1589 1116 1727 1188 equuleus

72 1210 228 1266 mercedibus
245 1211 365 1282 pensati
379 1212 461 1266 Nemo
476 1217 524 1274 est,
539 1211 641 1283 inquit,
657 1215 707 1282 qui
723 1215 862 1284 relinquat
911 1208 1090 1280 extenderet,
1113 1225 1188 1265 nunc
1212 1208 1321 1282 ungula
1343 1209 1491 1278 effoderet,
1516 1225 1592 1264 nuuc
1612 1209 1727 1264 4444444444

72 1305 159 1360 mnam
171 1311 220 1359 out
233 1319 339 1374 agrum,
352 1309 400 1360 ant
408 1311 536 1374 parentes
548 1310 597 1360 ant
608 1307 721 1372 (ratres,
736 1310 787 1360 ant
798 1322 863 1362 aaa
911 1305 1044 1370 torreret,
1066 1318 1132 1358 caro
1154 1319 1200 1358 me
1223 1305 1252 1358 ln
1273 1303 1468 1358 colluctatione
1490 1302 1625 1369 deseruit,
1646 1301 1725 1357 intir-

71 1414 113 1452 rm
132 1401 177 1452 aut
195 1397 276 1466 filies,
292 1403 405 1467 propter
422 1413 536 1466 regnum
551 1400 609 1461 Dei,
629 1404 655 1452 et
675 1415 729 1452 non
749 1401 863 1469 recipiat
912 1395 998 1450 mites
1017 1395 1155 1451 viscerum
1178 1396 1272 1464 cessit,
1293 1412 1345 1451 nec
1367 1397 1480 1452 animus
1500 1397 1548 1451 sed
1571 1411 1673 1466 carpus
1696 1394 1727 1450 in

73 1493 150 1560 septies
169 1490 221 1560 (43)
238 1494 344 1544 tantum
363 1491 393 1543 in
412 1492 462 1544 4444
483 1495 608 1560 tempere,
623 1493 652 1545 in
667 1492 864 1546 seculoantem
913 1488 1009 1544 dolare
1036 1489 1139 1545 deiecit
1163 1491 1227 1560 (49).
1251 1512 1264 1540 e
1290 1491 1387 1545 Potest
1411 1491 1498 1544 cita⁵⁷
1523 1489 1664 1560 proficere
1690 1489 1726 1544 ad

72 1585 258 1636 uenturouitam
272 1589 400 1636 aternam
417 1584 525 1652 (44444,
539 1599 566 1651 4,
580 1584 635 1654 te).
651 1583 757 1648 Quibus
770 1584 863 1654 cogni·
913 1582 1028 1637 veniam
1049 1598 1131 1637 444444
1151 1583 1221 1638 talis.
1239 1585 1333 1638 Potest
1352 1583 1492 1653 ejusmodi
1510 1582 1651 1638 excusatio
1666 1598 1726 1638 essa

72 1675 98 1728 tis
114 1675 308 1730 atdellomini
327 1674 861 1748 pollicentisveritatecompertis,non
914 1675 1095 1730 miserabilis.
1126 1676 1169 1731 Sic
1196 1675 1275 1730 44458
1299 1679 1381 1732 Casto
1406 1680 1435 1731 et
1458 1676 1568 1730 AEmilio
1596 1677 1649 1746 (40)
1673 1675 1726 1730 444-

72 1769 163 1821 hatum
180 1767 306 1850 timenda
321 1785 378 1824 non
395 1773 437 1823 est
451 1768 604 1840 ejusmodi,
623 1769 673 1824 sed
691 1772 720 1825 et
738 1746 1029 1842 aptandanuanda
1053 1769 1191 1826 Dominus
1213 1767 1338 1840 ignasit3
1357 1769 1406 1836 sic,
1426 1769 1455 1824 in
1475 1769 1568 1841 prium
1590 1785 1727 1840 congres-

69 1861 169 1930 jsctura,
190 1860 250 1933 ipso
270 1859 364 1916 denuo
385 1852 732 1934 Domino⁵⁴'praedicaute
752 1865 781 1918 et
800 1879 861 1918 mo·
912 1863 991 1918 sione
1024 1863 1162 1932 devictas,
1189 1863 1308 1919 victores
1335 1863 1365 1918 in
1398 1863 1520 1918 secundo
1545 1863 1601 1934 (54)
1626 1862 1726 1933 praelio

73 1959 162 2007 nante:
184 1955 262 2008 Beati
279 1955 356 2009 critis
377 1969 437 2009 cum
456 1958 593 2024 persecuti
611 1970 656 2010 uos
675 1957 824 2023 (manill,
838 1961 864 2011 ct
913 1955 1045 2024 reddidit,
1070 1959 1100 2010 ut
1123 1957 1254 2012 fortiores
1278 1955 1393 2026 ignibus
1418 1955 1519 2011 tierent
1539 1955 1589 2026 qui
1612 1955 1728 2026 ignibus

71 2047 236 2115 castraverint
252 2061 300 2102 uas
322 2051 348 2102 et
368 2049 532 2117 expulerint,
556 2053 581 2105 et
602 2049 794 2104 maledixerint
814 2063 861 2104 no-
912 2049 1149 2118 antecessissent,
1164 2055 1192 2105 et
1210 2049 1285 2104 unde
1300 2048 1428 2119 superati
1441 2053 1547 2118 essent,
1561 2047 1628 2103 inde
1642 2064 1727 2120 supe-

72 2141 124 2192 aini
133 2145 216 2194 oestro
227 2145 258 2194 ut
277 2155 395 2210 nequam
408 2146 520 2212 prepter
532 2142 632 2197 Filium
645 2142 771 2196 bominis.
787 2141 861 2198 deu·
913 2146 1020 2198 4444444.
1033 2143 1266 2215 Deprecabautur
1280 2143 1320 2198 4444
1335 2158 1393 2197 non
1408 2143 1598 2214 lacrymarum
1612 2141 1730 2198 misera·

9 2223 10 2250 *
72 2229 210 2287 delsinilla
229 2233 275 2288 die
295 2234 485 2288 etemaltata:
503 2249 558 2290 ecce
575 2237 646 2290 enim
663 2241 864 2290 marcescestra
913 2235 989 2291 tiene
1005 2236 1054 2291 sed
1069 2237 1232 2305 4444444444,
1250 2251 1302 2292 nec
1316 2237 1376 2292 sola
1394 2235 1570 2292 lamentabili
1585 2251 1662 2304 uoce,
1677 2237 1728 2290 sed

72 2326 141 2378 multa
155 2328 232 2381 estin
244 2326 318 2381 coetis
330 2327 415 2398 (444..
429 2343 466 2395 vr,
480 2328 535 2397 22).
913 2329 1085 2384 laceratione
1100 2329 1229 2401 carparis
1242 2335 1270 2386 el
1282 2331 1391 2385 datare.
1408 2329 1538 2386 hlanabat
1548 2345 1600 2402 pro
1613 2328 1728 2384 fletibus

9 2451 10 2454 =
98 2416 182 2492 476
209 2419 278 2474 lllll.
307 2418 364 2473 Sed
392 2422 536 2475 tormenta
569 2420 753 2492 postmodum
777 2437 863 2477 44444-
914 2422 1040 2493 sanguis,
1065 2427 1095 2478 et
1115 2439 1168 2495 pra
1190 2424 1322 2496 lacrymis
1345 2439 1428 2482 cruor
1450 2423 1651 2480 semiustulatis
1672 2422 1728 2495 (52)

72 2517 121 2564 4444
142 2512 205 2582 (44),
228 2515 257 2567 44
285 2512 425 2568 444444444
453 2529 554 2586 graves
580 2514 784 2570 reluctantibus
811 2516 863 2586 (45)
914 2515 1067 2572 visceribus
1083 2515 1236 2572 4444444444.

9 2623 10 2626 “
71 2603 251 2662 imminebant.
276 2606 363 2670 Queri
391 2606 428 2660 de
454 2606 603 2662 tormentis
629 2611 723 2679 potest
744 2609 794 2679 qui
815 2625 865 2681 per
950 2610 1014 2666 xlv.
1032 2611 1110 2664 Nunc
1123 2626 1190 2664 4444
1205 2625 1269 2682 qua
1283 2610 1402 2664 44444444
1417 2609 1567 2666 4444444444
1580 2610 1648 2666 44444
1662 2627 1727 2682 pos·

9 2763 10 2780 (
72 2701 194 2754 tormenta
214 2703 363 2771 separatus
384 2700 445 2754 est‘l
466 2701 561 2756 Potest
582 2700 792 2756 excusationem
814 2701 863 2756 do·
915 2707 990 2772 sunt,
1011 2701 1106 2775 477
1131 2718 1202 2774 quas
1223 2704 1319 2774 plagas
1341 2703 1394 2773 (53)
1414 2703 1555 2758 hiantium
1577 2703 1727 2774 4444444444,

72 2787 123 2845 loris
136 2792 291 2850 obtendere
304 2793 354 2864 qui
367 2791 455 2850 444444
470 2799 513 2850 est
525 2793 555 2848 in
568 2792 666 2849 dolore
681 2793 759 2864 (solt
771 2795 866 2851 Potest
915 2813 979 2868 quae
992 2800 1134 2853 tormenta
1147 2797 1356 2867 membrarum,
1368 2796 1416 2852 444
1427 2812 1484 2853 444
1495 2795 1565 2853 lldes
1577 2813 1729 2868 congressa

739 2973 844 3040 Varia
870 2974 1043 3041 lectiones.

97 3133 302 3200 ς’44444444444444
319 3135 422 3188 4444444
443 3138 547 3190 rosae.
597 3141 616 3172 ⁵³
632 3139 717 3190 444444
733 3143 761 3190 44
774 3139 904 3192 nocentia
924 3139 1002 3190 Oeen
1022 3153 1053 3188 ee
1072 3138 1147 3189 4448.
1195 3137 1217 3172 ⁵⁸
1231 3138 1267 3189 Et
1286 3139 1345 3189 Deo
1366 3138 1434 3188 Voss.
1458 3139 1481 3187 4.
1501 3137 1525 3189 3.
1576 3139 1597 3172 ⁵⁵
1614 3137 1729 3190 Fuerim

74 3201 316 3258 nominassent.
333 3208 356 3258 4.
370 3207 394 3259 3.
444 3207 599 3274 “illegalia
611 3208 703 3260 adhuc
719 3209 778 3258 444.
795 3211 818 3272 4,
831 3208 856 3272 3,
873 3210 899 3260 4.
948 3207 968 3242 ⁵⁷
983 3207 1045 3260 Clto
1059 3208 1129 3258 dean
1144 3209 1169 3258 in
1185 3209 1253 3260 Voss.
1304 3207 1324 3241 ⁵⁸
1339 3205 1386 3260 Sic
1398 3207 1519 3259 sichem.
1540 3207 1606 3258 Voss.
1623 3207 1645 3256 t.
1659 3208 1730 3258 Face.

75 3273 127 3336 Spir.
141 3277 213 3339 impr.
228 3291 292 3342 nup.

701 3359 815 3442 Steph.
838 3359 962 3425 Baluzii
984 3363 1081 3424 uotae.

99 3491 137 3554 {tit
160 3493 333 3544 trraommnt.
362 3491 565 3544 Revocartmus
597 3495 753 3546 necessario
792 3494 1003 3587 haucCtatum
1022 3494 1188 3546 4444444444
1210 3494 1286 3545 4444
1310 3493 1404 3545 locum
1423 3498 1482 3559 jssm
1503 3491 1610 3544 lassum
1626 3492 1730 3556 Caesar,

74 3561 207 3626 tectionem,
238 3577 325 3628 quam
360 3563 500 3615 Manutius
529 3565 721 3616 eliminaverat
760 3579 866 3630 ponens
915 3564 1111 3616 lib.'1debello
1127 3565 1314 3626 Gallico,dlcil
1330 3582 1343 3612 s
1357 3563 1526 3618 Verberibus
1542 3565 1731 3616 exanimatum

74 3633 292 3696 mutraqaserunt.
330 3633 497 3699 Quanquam
524 3636 600 3686 illius
626 3637 788 3687 mutationis
812 3637 865 3700 pri-
916 3649 1025 3701 corpus.
1043 3655 1057 3682 »

10 3739 11 3742 .
75 3713 122 3751 4444
133 3709 222 3754 444444
245 3719 304 3754 non
326 3708 368 3754 est
394 3705 628 3767 heracleanum
650 3719 682 3757 aa
703 3707 786 3758 lectio
809 3711 865 3771 jam
950 3707 998 3770 (49)
1022 3707 1167 3758 indolere
1194 3707 1296 3770 deiecit.
1329 3707 1517 3770 Hieronymus
1550 3707 1577 3756 iu
1606 3708 1691 3769 capnt
1721 3719 1731 3754 1

10 3789 11 3804 4
75 3777 172 3826 44444444
185 3777 212 3826 444
228 3775 356 3838 margine
368 3774 499 3826 editionis
513 3790 577 3841 quse
601 3777 701 3828 dicitur
721 3791 782 3829 essa
796 3777 866 3829 Gra·
917 3777 1048 3842 Epistolae
1071 3778 1148 3828 Pauli
1177 3778 1293 3842 apostoli
1311 3777 1346 3828 44
1365 3776 1477 3828 Galatas
1499 3793 1504 3826 :
1528 3777 1584 3825 «ln
1600 3777 1732 3840 martyrio

76 3845 110 3891 444.
132 3845 166 3894 444
191 3859 277 3910 quam
300 3857 351 3895 uos
378 3848 553 3910 reposuimus
575 3852 665 3898 exstat
687 3850 716 3898 444
744 3850 867 3914 antiquis
916 3861 972 3898 non
986 3849 1083 3899 eadem
1095 3861 1177 3914 paena
1193 3848 1324 3912 plectitur
1338 3849 1386 3912 qui
1410 3847 1516 3911 absque
1533 3846 1732 3897 colluctatione

76 3911 222 3966 editionibus
246 3920 275 3966 et
295 3916 323 3965 tu
350 3913 447 3966 decem
469 3921 496 3966 et
516 3930 614 3968 novem
640 3921 866 3972 vetustisexem-
916 3923 943 3969 et
955 3921 1099 3970 tormentis
1123 3920 1215 3970 statim
1239 3918 1376 3984 prosilivit
1393 3916 1427 3968 ad
1448 3915 1615 3982 negandum,
1631 3921 1659 3968 et
1684 3917 1731 3967 ille

75 3983 182 4044 pleribus.
212 3987 403 4038 Manutianam
426 4000 482 4037 non
501 3988 594 4038 inveni
613 3987 666 4038 nisi
689 3989 717 4038 in
733 3991 864 4055 quinqua.
916 3991 966 4054 qui
998 3990 1070 4041 inter
1095 3990 1238 4054 equuleos,
1267 3989 1404 4050 fidiculas,
1438 3989 1571 4052 ignesque
1597 3987 1730 4037 distortus

77 4053 199 4118 44444444,
223 4058 354 4122 quamvis
391 4071 451 4108 eam
488 4059 634 4110 retinuerit
661 4061 690 4110 ln
722 4065 865 4122 contextu,
917 4061 1081 4126 compulsus
1097 4060 1227 4126 estquod
1250 4059 1381 4111 credebat
1404 4071 1514 4122 negare.
1529 4077 1543 4102 »
1558 4057 1731 4122 4444444444

76 4127 356 4249 titillasset
373 4127 866 4252 insensibilitatibus
916 4129 1324 4254 tl.u.⁸..t.l.l¹⁸..l‘t.⁰.l.ttl
1341 4126 1732 4251 instimulatus·

76 4267 334 4332 ataeufraqaoerunt
355 4275 379 4318 st
401 4278 567 4320 erraverunt.
591 4271 625 4321 Et
643 4275 736 4324 tamen
754 4216 866 4337 (34144444-
917 4276 1037 4338 patiatur
1062 4271 1226 4323 vulneribus
1247 4272 1395 4337 negatoris,
1419 4274 1447 4321 et
1480 4213 1631 4321 nonsstam’
1651 4269 1730 4319 illum

76 4346 117 4385 nus
136 4339 161 4387 ln
189 4339 258 4390 libro
286 4339 318 4388 de
346 4339 471 4389 Oratione
499 4341 658 4404 flaminica,-
685 4343 714 4392 ln
738 4342 808 4393 libro
836 4345 868 4394 de
917 4345 1022 4395 victum
1037 4357 1121 4407 quam
1136 4356 1166 4394 se
1181 4343 1282 4394 vicisse
1295 4341 1417 4392 miretur.
1435 4359 1449 4388 4

78 4407 169 4468 ttperen
184 4409 373 4472 Eleemosynis,
385 4415 413 4460 et
425 4410 473 4462 lib.
488 4423 517 4463 444
532 4412 746 4464 Testimoniorum
756 4427 816 4478 cap.
826 4415 865 4476 til,
950 4415 998 4479 (50)
1013 4416 1091 4466 Ceste
1106 4420 1129 4464 et
1145 4414 1262 4465 AEmilio.
1282 4412 1479 4465 Kalandarium
1503 4417 1584 4462 vetus
1604 4409 1730 4463 ecclesiae

77 4473 141 4527 habat
153 4479 389 4544 slovlraoaoernnt
406 4493 424 4530 a
437 4481 495 4543 ddi·
917 4486 1144 4549 Carthaginensis
1169 4486 1275 4536 editum
1295 4499 1310 4534 a
1325 4484 1484 4536 4444444444
1499 4497 1504 4530 :
1521 4481 1730 4534 Matienius

86 4547 139 4626 ,4434
154 4551 258 4614 Septies.
277 4551 405 4614 Quatuor
423 4551 486 4603 libri
505 4555 614 4606 4444444
632 4559 659 4605 44
674 4554 758 4606 aditio
772 4555 868 4607 Manu·
917 4561 1071 4608 sanctorum
1102 4556 1174 4607 Cesti
1195 4561 1218 4606 et
1238 4554 1350 4606 AEmitii.
1373 4555 1404 4604 ln
1424 4553 1624 4618 Martyrologlts
1648 4553 1731 4603 Bedae

77 4617 241 4672 tunahabent
256 4623 360 4672 centies.
917 4631 945 4678 et
966 4626 1083 4676 aliorum
1102 4626 1203 4692 legitur
1218 4626 1316 4678 eadem
1334 4627 1379 4677 die
1395 4641 1401 4674 2
1416 4642 1430 4672 a
1444 4626 1475 4675 ln
1496 4624 1590 4674 Africa
1613 4621 1688 4675 Cesti
1704 4626 1730 4674 at

100 4687 139 4750 (44)
153 4691 289 4742 Vmerant.
310 4692 350 4742 lta
370 4695 477 4744 veteres
502 4693 636 4746 editiones
659 4698 689 4746 et
708 4705 791 4748 xxva
804 4694 866 4746 libri
916 4699 1029 4759 AEmilil,
1044 4699 1093 4764 qui
1105 4712 1154 4764 per
1166 4699 1258 4763 iguem
1272 4697 1408 4762 passionis
1419 4695 1582 4758 martyrium
1597 4707 1729 4746 consum·

77 4762 171 4824 soteres,
185 4762 212 4812 in
232 4763 337 4828 quibus
353 4775 428 4828 pono
447 4765 638 4817 veronensem
660 4772 687 4818 et
710 4766 866 4832 Seguierla-
917 4773 1072 4820 manarunt.
1097 4767 1199 4821 Scribit
1218 4766 1375 4834 Cyprianus
1395 4767 1424 4816 ln
1448 4765 1519 4816 libro
1546 4765 1578 4816 de
1604 4765 1729 4829 tepere.»

77 4841 139 4892 num,
156 4835 207 4884 nist
231 4833 307 4899 quod
331 4847 424 4885 earum
442 4839 497 4886 tres
514 4835 618 4888 habent
635 4843 771 4888 venerum.
786 4838 867 4890 Eras-
916 4839 1019 4891 Exstat
1040 4841 1111 4890 inter
1132 4839 1280 4891 Sermones
1300 4838 1390 4889 sancti
1414 4837 1564 4902 Augustini
1587 4835 1684 4886 Serme
1701 4837 1731 4885 in

78 4909 126 4949 uns
139 4905 243 4968 scripsit
255 4909 368 4956 uentura
381 4909 468 4955 ment.
876 4880 1005 4962 Danieli
1025 4909 1204 4974 plurimorum
1224 4912 1377 4973 martyrum
1401 4909 1536 4972 iucipiens
1552 4922 1558 4956 ε
1574 4907 1730 4958 Sanctarum

102 4971 142 5033 (45)
166 4975 369 5027 delectantibus.
406 4979 532 5040 0444444
549 4979 612 5030 44444
634 4984 741 5031 veteres
767 4980 869 5045 praeia-
918 4985 1077 5046 martyrum,
1106 4993 1189 5045 quem
1215 4981 1313 5046 nuperi
1348 4979 1468 5030 editores
1492 4992 1608 5042 operum
1640 4979 1730 5029 sanctl

79 5047 128 5090 runt
141 5043 167 5092 in
180 5043 375 5108 luctationibus,
388 5047 459 5098 alius
478 5049 507 5098 in
524 5047 717 5099 luctaminibus.
918 5052 1067 5117 Augustini
1086 5050 1258 5115 collegerunt
1277 5065 1311 5102 ax
1335 5050 1458 5102 indicula
1486 5050 1604 5100 Possidii
1623 5049 1730 5100 dictum

104 5111 141 5177 ‘ldt
153 5116 182 5164 tn
198 5116 298 5168 dolare.
315 5116 411 5168 Codex
430 5119 555 5170 Lemouii
575 5133 624 5183 per
647 5119 773 5170 dotorem.
787 5119 868 5183 Quod
918 5136 980 5174 esse
994 5124 1022 5172 in
1038 5122 1126 5173 Natali
1138 5127 1299 5174 sauctorum
1314 5121 1389 5174 Castl
1403 5127 1432 5174 et
1445 5121 1557 5172 44444444.

79 5179 172 5264 semesa
191 5188 292 5237 melius
316 5190 365 5238 ast.
394 5188 464 5242 vids
485 5190 638 5255 Epistulam
665 5204 694 5242 444
716 5191 811 5242 Baallil
833 5190 869 5240 ud
949 5195 997 5256 (54)
1042 5194 1157 5244 Victores
1189 5195 1218 5242 in
1252 5193 1372 5246 secundo.
1397 5193 1445 5244 Sic
1469 5195 1581 5244 sanctus
1610 5191 1732 5242 loannes

79 5251 277 5318 Amphilochium,
299 5257 348 5309 ubi
369 5263 468 5310 tractat
487 5261 521 5312 da
544 5263 578 5313 iis
595 5264 642 5327 qui
670 5275 725 5313 non
749 5263 869 5314 terentes
919 5264 1143 5328 chrysostomus,
1177 5265 1206 5316 in
1234 5266 1314 5315 initio
1344 5264 1475 5316 secundm
1513 5263 1667 5313 Paraenesia
1697 5261 1732 5313 ad

80 5319 168 5376 dolores
181 5328 214 5380 ad
229 5331 406 5394 negationem
418 5329 521 5382 Christi
537 5334 614 5383 tracti
629 5337 703 5384 sunl.
921 5335 1082 5387 Theodorum
1110 5334 1211 5400 lapsum
1233 5336 1270 5386 alt
1291 5335 1393 5386 multos
1417 5336 1464 5400 qui
1481 5335 1508 5384 44
1530 5338 1731 5385 tormentorum

104 5395 141 5457 (44)
156 5399 349 5464 cmpressisse.
365 5401 460 5454 Codex
478 5403 615 5456 Fuxensis
627 5404 817 5456 colluctatione.
917 5406 995 5457 tracti
1008 5405 1151 5458 Christum
1172 5410 1351 5470 negaverant,
1375 5405 1560 5470 redintegrato
1581 5405 1732 5456 certamina

86 5465 144 5540 Ι444)
180 5471 338 5534 fatigatum.
367 5471 510 5524 Morellius
539 5479 566 5526 at
595 5476 734 5526 Pamelius
765 5475 870 5526 addunt
918 5478 1041 5541 martyrii
1053 5489 1182 5528 coronam
1198 5481 1360 5542 reportasse.

78 5543 123 5610 ton
137 5539 225 5590 lanum
239 5555 339 5605 carpus.
358 5543 413 5594 Sed
429 5556 479 5608 ego
492 5541 592 5607 delevi,
613 5546 679 5610 quia
702 5559 759 5597 non
781 5546 870 5610 repert
951 5547 999 5610 (54)
1024 5547 1225 5600 semiustulatis.
1249 5548 1345 5600 Codex
1366 5547 1500 5610 Lemouii,
1526 5546 1644 5598 semiusti
1668 5543 1732 5596 late-

13 5633 14 5640 4
81 5607 159 5680 uallo
178 5613 263 5662 reteri
284 5612 354 5664 libro
376 5627 461 5679 quam
487 5615 515 5665 ln
541 5617 682 5668 Becceuai.
708 5615 765 5668 Sed
779 5620 871 5669 tamen
920 5621 966 5670 rie.

82 5680 187 5760 44444444
209 5682 377 5734 lectionibus
397 5686 495 5750 positis
518 5686 554 5736 ab
577 5688 686 5740 erudlto
711 5688 870 5753 quodamtn
953 5690 1004 5754 (43)
1018 5691 1089 5752 auus
1100 5687 1206 5754 plapas.
1224 5687 1319 5742 Codex
1341 5687 1547 5755 Seguierianus,
1570 5699 1651 5753 quam
1669 5685 1732 5748 aim,

82 5751 231 5814 4444444444
251 5752 380 5806 edltionls
404 5753 600 5821 Lugdunensis
619 5760 683 5811 444444
699 5761 769 5822 sats,
785 5760 872 5811 adue·
923 5775 991 5828 quae
1005 5761 1109 5828 plegae.

219 5841 356 5914 theu.
379 5845 432 5914 tv.
1559 5849 1597 5916 46
