4076 6190
162 339 169 351 .
258 259 306 324 aa
392 259 395 272 ·
862 217 865 224 '
920 212 1252 324 numanum.
1676 287 1679 292 ,
1881 269 1931 330 ιιι

257 384 349 457 (epist.
376 386 443 455 ill:
469 403 483 434 ι
503 377 703 441 communicet
716 383 764 439 ille
783 396 849 440 cum
862 384 931 440 suis.
952 403 966 436 a
989 385 1066 440 Non·
1077 386 1145 472 Aet
1155 383 1287 440 audiebat
1308 387 1337 438 et
1357 382 1527 455 loquebatur
1547 399 1582 440 ea
1599 385 1703 458 quibus
1726 409 1740 438 »
1756 388 1931 460 Cyprianus„

256 478 349 534 nullos
368 477 439 533 alios
459 481 538 532 notat
553 477 713 548 Cyprianus
735 497 749 528 ιι
768 477 819 549 qui
832 493 971 549 personas
991 477 1064 534 acci·
1119 499 1133 528 ιι
1150 477 1287 532 Dominus
1308 493 1425 532 monere
1441 482 1470 533 et
1483 478 1634 536 instituere
1656 501 1670 532 a
1692 481 1876 550 dignabatur.
1899 485 1931 540 ln

254 573 366 644 pientes
384 571 414 626 in
429 569 574 626 beneflciis
588 593 603 620 a
626 575 784 642 martyrum
800 573 851 626 ant
865 571 1064 643 gratificaban·
1115 571 1240 641 Epistola
1267 571 1304 625 ad
1326 571 1432 628 Plebem
1454 571 1580 627 declarat
1601 589 1683 628 nosse
1707 591 1737 629 se
1758 575 1850 646 plebis
1870 567 1932 632 'suas

254 667 310 733 tur,
325 665 374 718 aut
389 685 404 714 ιι
416 662 522 719 illicitae
537 663 742 734 negotiationis
754 664 896 720 nundinas
909 685 923 714 o
939 679 1063 736 aucupa·
1116 664 1240 734 quietem
1257 663 1364 736 pariter
1376 667 1406 718 et
1418 663 1574 734 timorem;
1591 682 1645 722 nec
1655 667 1845 742 dubitatquin
1859 671 1932 742 lapsi

253 757 370 814 bantur.
1115 756 1145 811 iu
1159 757 1349 812 satisfactione
1373 756 1423 812 Dei
1438 764 1466 812 et
1481 757 1681 830 deprecatione
1696 762 1858 834 vigilarent,
1875 763 1931 820 nisi

289 852 350 908 Non
376 849 530 922 ignorabat
551 849 709 922 Cyprianus
736 851 863 923 quinque
884 849 1066 922 presbyteros
1115 850 1179 906 illos
1200 849 1318 923 quidam
1334 850 1370 906 de
1390 851 1563 923 presbyteris
1585 854 1781 925 gratificantes
1801 855 1931 930 decepis-

254 965 268 995 «
281 945 406 1000 fomenta
416 943 587 1015 quibusdam
597 944 808 1000 confessoribus
819 944 1038 1000 ethortamenta
1050 964 1064 994 a
1116 948 1191 1000 sent.
1203 945 1337 1000 Hortatur
1361 949 1392 999 nt
1414 944 1467 1015 ipsi
1480 945 1604 1016 singulos
1622 951 1732 1019 regant,
1758 951 1788 1004 at
1811 950 1930 1006 consilio

167 1037 171 1050 '
214 1085 219 1096 .
252 1038 387 1104 tribuere,
405 1057 420 1086 ιι
438 1053 475 1092 ne
496 1037 701 1094 concordarent
720 1053 786 1093 cum
801 1037 944 1110 episcopo,
960 1054 995 1092 ne
1017 1053 1065 1092 ec·
1116 1053 1149 1092 ac
1173 1037 1369 1093 moderatione
1397 1053 1449 1093 sua
1477 1037 1636 1094 secundum
1659 1041 1755 1097 divina
1787 1047 1931 1115 praecepta

253 1131 437 1187 clesiasticam
462 1130 641 1203 disciplinam
664 1147 731 1186 cum
752 1130 809 1186 tide
823 1133 852 1186 et
874 1131 972 1202 quiete
983 1130 1066 1201 juxta
1115 1130 1259 1201 lapsorum
1270 1131 1380 1186 animos
1393 1135 1562 1202 temperent.
1578 1133 1677 1188 Totam
1690 1149 1751 1190 rem
1763 1135 1793 1190 iu
1802 1137 1930 1192 reditum

252 1229 394 1297 precepta
414 1223 561 1279 [lominica
585 1225 766 1279 continerent
783 1225 878 1296 (epist.
893 1225 949 1293 40).
973 1245 987 1274 a
1012 1224 1065 1280 sed
1115 1235 1199 1274 suum
1213 1221 1355 1291 integram
1372 1221 1478 1275 servari
1489 1221 1582 1292 jubet,
1601 1242 1615 1272 ιι
1631 1225 1671 1290 ut,
1688 1225 1802 1279 eumad
1817 1241 1931 1297 vesper

253 1321 361 1385 nmen,
374 1332 440 1371 curn
455 1321 513 1372 tota
528 1333 573 1371 res
587 1317 623 1373 ad
635 1316 725 1388 ipsius
738 1316 866 1372 reditum
878 1317 991 1388 integra
1003 1332 1063 1372 ser·
1116 1313 1165 1367 Dei
1186 1312 1421 1382 misericordiam,
1449 1314 1564 1385 inquit,
1590 1316 1762 1387 venerimus,
1788 1319 1932 1374 convocati

252 1416 375 1480 veretur,
402 1409 544 1481 usquein
567 1410 621 1464 bac
651 1409 808 1465 libellorum
834 1409 957 1478 licentia,
982 1410 1066 1482 lapsis
1116 1408 1274 1479 coepiscopi
1287 1408 1383 1478 piures
1400 1407 1556 1462 secundum
1579 1409 1692 1464 Domini
1707 1409 1887 1483 disciplinam
1903 1420 1931 1468 et

253 1503 411 1576 quidquam
433 1508 498 1558 ante
519 1502 650 1558 Ecclesiae
674 1519 774 1575 pacem
796 1508 824 1559 et
848 1503 1064 1576 episeopiJudi-
1115 1499 1311 1556 confessorum
1332 1501 1514 1572 praesantiam
1539 1507 1568 1557 et
1588 1506 1710 1558 vestram
1726 1520 1841 1577 quoque
1863 1523 1929 1562 sen·

252 1598 327 1655 cium
343 1594 569 1667 promitteretur,
584 1596 781 1652 dissimulabat
796 1603 826 1652 et
839 1597 1006 1668 patientiam
1020 1603 1064 1653 te·
1116 1595 1245 1662 tentiam,
1265 1593 1415 1651 beatorum
1436 1600 1595 1667 martyrum
1618 1596 1728 1653 litteras
1740 1602 1769 1653 et
1792 1598 1931 1656 desideria

253 1690 350 1758 nebat,
364 1687 441 1760 quasi
467 1690 659 1745 verecundum
681 1689 826 1746 silentium
849 1691 1003 1762 proflueret
1029 1689 1065 1746 ad
1116 1688 1280 1742 examinare
1295 1687 1446 1758 possimus.
1464 1709 1478 1739 a

253 1783 378 1854 quietem
404 1781 497 1855 (epist.
520 1782 572 1854 to).
599 1781 655 1838 Sed
678 1783 805 1855 quinque
829 1783 990 1855 presbyteri
1012 1793 1104 1864 necB
1151 1782 1191 1836 Ex
1212 1781 1256 1835 his
1280 1782 1411 1852 Epistola
1432 1782 1470 1837 ad
1492 1781 1615 1849 Clarum,
1649 1805 1663 1834 ιι
1689 1783 1738 1840 diu
1765 1785 1931 1856 patientiam

251 1874 406 1947 Evangelii,
419 1875 538 1930 necloci
560 1875 604 1930 sni
625 1891 778 1946 memores,
795 1893 846 1933 nec
867 1876 996 1932 futurum
1010 1879 1064 1932 Do·
1115 1889 1209 1929 meam
1232 1875 1323 1943 tenui,
1345 1895 1359 1924 ι»
1386 1875 1505 1947 perspici
1522 1880 1615 1948 potest
1634 1882 1692 1932 tres
1713 1877 1776 1933 illas
1800 1879 1932 1950 epistolas

251 1969 323 2024 mini
334 1967 486 2040 judicium,
497 1969 805 2040 necpraapositumsibi
816 1971 981 2042 episcopum
991 1971 1065 2043 cogi·
1114 1974 1179 2024 ante
1191 1967 1307 2038 junium
1327 1982 1454 2024 mensem
1469 1969 1589 2040 scriptas
1604 1987 1663 2026 non
1684 1970 1782 2027 fuisse.
1806 1971 1860 2028 Sed
1875 1973 1931 2028 mi-

247 2069 351 2132 tantes,
367 2077 473 2116 norum
489 2065 518 2116 st
530 2063 581 2117 sub
596 2063 821 2119 antecessoribus
836 2064 972 2136 Cypriani
985 2065 1065 2119 inau·
1115 2077 1167 2114 nus
1189 2061 1262 2116 belle
1283 2060 1478 2116 Tillemoutius
1503 2063 1648 2118 existimat
1667 2064 1842 2136 cyprianum
1871 2082 1930 2121 uon

250 2157 341 2214 ditum
353 2155 463 2211 lacinus
475 2156 634 2212 ediderunt.
650 2157 747 2228 Lapsis
761 2173 861 2228 pacem
872 2161 901 2212 at
916 2158 1063 2214 tincheris·
1114 2154 1207 2209 solum
1220 2154 1380 2210 libellorum
1395 2155 1560 2224 licentiam,
1576 2155 1626 2212 sed
1642 2157 1730 2212 etiam
1745 2158 1931 2214 Eucharistiae

249 2251 319 2306 tiam
335 2248 474 2305 dederant
484 2269 499 2300 ιι
512 2252 578 2305 ante
592 2255 683 2305 aotam
696 2250 906 2322 paenitentiam,
920 2257 985 2308 ante
999 2268 1064 2308 exo·
1113 2246 1270 2318 profanatae
1283 2247 1393 2303 facinus
1402 2248 1451 2303 din
1465 2249 1607 2320 patienter
1617 2249 1726 2306 tulisse.
1737 2252 1843 2306 Focum
1854 2253 1928 2308 tece-

250 2343 407 2415 molegesin
421 2342 580 2414 gravissimi
601 2345 688 2415 etque
703 2345 824 2400 extremi
836 2344 930 2400 delicti
944 2345 1061 2415 lacum,
1113 2343 1182 2396 runt
1196 2340 1357 2397 doctissimo
1366 2342 1427 2397 viro
1438 2341 1499 2397 haec
1511 2342 1645 2414 Cypriani
1657 2343 1742 2399 rerba
1751 2343 1781 2400 in
1795 2345 1878 2417 epist.
1894 2349 1930 2401 55

249 2441 316 2494 ente
329 2451 449 2492 manum
464 2435 500 2492 ab
520 2437 652 2509 episcopo
667 2443 697 2492 et
718 2438 793 2493 clero
814 2438 844 2492 in
866 2438 1062 2509 poenitentiam
1113 2433 1187 2505 (pag.
1204 2433 1248 2506 85)
1266 2449 1272 2489 τ
1290 2455 1304 2484 κ
1320 2435 1413 2490 Unum
1427 2435 1613 2507 illudinquo
1626 2453 1685 2493 11011
1697 2453 1760 2494 mea
1770 2453 1823 2495 nec
1836 2439 1931 2495 homi·
2004 2494 2010 2502 .

248 2531 424 2604 impositam.
441 2551 456 2582 a
474 2530 546 2586 Tum
560 2545 626 2586 vero
648 2529 805 2602 Cyprianus
823 2531 963 2586 intellexit
978 2529 1060 2586 dissi·
1113 2527 1254 2597 num,sed
1268 2527 1316 2583 Dei
1329 2543 1413 2583 causa
1424 2533 1477 2598 est,
1491 2529 1526 2585 de
1541 2545 1643 2585 eorum
1654 2530 1778 2588 facinore
1788 2547 1845 2587 nou
1857 2538 1929 2604 puto

251 2623 420 2680 mulandum
436 2638 495 2678 uon
519 2639 580 2680 esse
599 2624 630 2678 in
653 2639 683 2679 re
703 2624 774 2679 tanti
793 2623 945 2694 momenti,
967 2640 1004 2679 ne
1025 2623 1062 2679 ad
1113 2635 1175 2676 esse
1189 2620 1366 2676 reticendum
1380 2621 1458 2693 quod
1472 2639 1488 2678 a
1502 2623 1597 2695 primo
1611 2624 1708 2684 stetim
1719 2625 1930 2697 persecutionis

248 2717 406 2790 periculum
420 2716 509 2787 plebis
519 2717 627 2789 pariter
639 2721 667 2772 et
681 2733 765 2772 snum
778 2717 957 2772 taciturnitas
972 2717 1061 2772 nimia
1112 2713 1167 2782 die,
1181 2730 1246 2769 cum
1260 2715 1385 2770 recentia
1393 2715 1621 2788 delinquentiam
1637 2717 1762 2774 facinora
1774 2719 1928 2789 ferverent,

125 2873 131 2888 ι
247 2811 421 2885 procederet.
438 2809 543 2879 Qtrare,
554 2815 587 2866 ut
600 2810 671 2866 mali
680 2827 847 2884 progressus
857 2811 1060 2883 supprimeret,
1111 2809 1142 2862 et
1165 2807 1308 2864 sacrificiis
1334 2807 1465 2864 notandis
1480 2825 1538 2865 nou
1559 2813 1673 2866 tantum
1693 2810 1801 2868 diaboli
1816 2813 1927 2877 altaria,

247 2911 305 2961 tres
319 2904 452 2977 epistolas
465 2902 501 2958 de
514 2903 616 2959 eodem
627 2904 690 2960 oleo
704 2909 826 2976 etopera
838 2904 959 2976 scripsit,
972 2905 1061 2961 animi
1110 2901 1259 2956 sedadbuc
1269 2901 1448 2976 manusipsae
1457 2903 1603 2974 lapsorum
1616 2907 1702 2976 etque
1711 2905 1928 2970 orafumarent,

250 2996 347 3072 103
372 3003 400 3053 et
421 2997 529 3052 doloris
554 2998 676 3070 plenas:
701 3014 788 3054 unam
809 2999 845 3054 ad
865 3003 1007 3071 martyres
1032 3004 1061 3054 et
1111 2995 1322 3052 communicare
1358 3012 1424 3051 cnm
1446 2997 1534 3068 lapsis
1558 3003 1586 3053 et
1609 2997 1784 3068 paenitentias
1807 3000 1929 3072 agendae

247 3092 435 3162 confessores,
448 3090 534 3146 aliam
548 3092 584 3146 ad
606 3091 788 3164 presbyteros
801 3096 830 3147 et
844 3092 989 3162 diaconos,
1006 3096 1060 3148 ter·
1110 3087 1291 3144 intercedere
1325 3104 1383 3145 uon
1419 3089 1600 3147 destiterunt.
1634 3092 1673 3146 Ex
1708 3091 1753 3148 his
1784 3093 1930 3150 concludit

246 3187 317 3244 tiam
335 3185 372 3242 ad
396 3185 520 3258 plebem.
537 3185 585 3239 ila
603 3185 706 3240 litteras
726 3190 792 3240 sunt
812 3185 887 3258 apud
902 3161 1097 3243 PameliumC
1109 3182 1305 3239 Tillemoutius
1330 3183 1365 3239 ab
1389 3183 1450 3256 ipso
1474 3185 1522 3240 illo
1557 3182 1653 3258 104
1687 3185 1732 3240 die
1752 3203 1808 3258 quo
1833 3187 1930 3258 erupit

246 3280 406 3358 undecima,
419 3278 542 3348 decima,
556 3276 748 3334 duodecima:
763 3279 794 3334 in
806 3295 980 3353 unaquaque
994 3279 1060 3335 duae
1110 3276 1288 3347 persecutio,
1312 3293 1370 3334 uon
1393 3277 1514 3336 defuisse
1539 3278 1589 3350 qui
1611 3278 1696 3351 lapsis
1718 3279 1927 3336 Eucharistiam

247 3374 308 3430 alia
326 3374 605 3429 commemorantur.
700 3357 701 3362 ¹
1112 3369 1223 3426 darent.

280 3469 416 3539 Martyres
438 3464 574 3520 admonet
586 3483 601 3515 ιι
616 3466 646 3520 ut
671 3463 806 3536 aquibus
828 3467 889 3520 tam
906 3465 1006 3522 devote
1031 3471 1059 3522 et
1145 3464 1270 3520 Nimium
1283 3465 1413 3520 restricte
1427 3465 1601 3539 cyprianum
1615 3465 1794 3522 doctissimus
1806 3467 1929 3539 scriptor

244 3561 358 3620 fortiter
373 3559 500 3616 servatur
525 3557 592 3615 fides
616 3557 740 3625 Domini,
753 3557 788 3612 ab
807 3557 907 3614 iisdem
922 3559 966 3615 lex
985 3576 1058 3631 qua·
1109 3557 1417 3628 interpretatoribus
1438 3559 1522 3615 rerba
1544 3559 1616 3616 nihil
1638 3559 1716 3616 aliud
1739 3566 1845 3617 sonant
1870 3562 1926 3616 nisi

245 3671 301 3728 que
322 3659 350 3710 et
373 3652 522 3724 disciplina
548 3650 663 3706 Domini
689 3655 858 3708 reservetur.
884 3672 898 3702 a
919 3652 1011 3707 Mirari
1029 3669 1059 3708 se
1109 3650 1288 3722 presbyteros
1301 3653 1465 3724 cumlapsis
1477 3652 1569 3708 adbuc
1583 3653 1690 3709 recenti
1702 3669 1805 3710 eorum
1815 3655 1924 3712 scelere

244 3751 510 3824 demonstratquod
524 3767 591 3816 non,
607 3754 638 3805 ut
652 3749 795 3806 olimtleri
809 3749 928 3817 solebat,
943 3765 960 3804 a
976 3765 1057 3822 pras·
1109 3745 1344 3800 communicasse.
1376 3747 1499 3814 Revera,
1530 3747 1553 3802 si
1585 3747 1783 3804 consideretur
1809 3751 1925 3821 tempus

244 3847 352 3920 byteris
377 3850 405 3901 el
429 3845 555 3901 diaconis
579 3848 717 3917 regantur
739 3849 769 3899 et
790 3843 979 3912 erudiantur,
1007 3844 1058 3899 sad
1108 3837 1163 3893 illis
1188 3839 1363 3911 temporibus
1388 3840 1416 3894 in
1439 3840 1609 3911 poenitentia
1635 3842 1750 3898 solitum
1773 3840 1923 3914 impendi,

243 3941 339 4014 potius
353 3955 369 3994 a
382 3939 553 4011 quibusdam
567 3938 740 4010 presbyteris
747 3938 815 4008 jura
828 3937 925 3992 omnia
937 3953 1055 4010 parrer·
1107 3931 1203 3988 dicere
1217 3933 1307 4004 patuit
1319 3933 1476 4005 Cyprianus
1490 3933 1553 3988 sine
1566 3933 1687 3991 absurde
1699 3937 1924 4008 exaggeratione

244 4030 369 4086 tentibus
389 4029 444 4099 piae
459 4044 560 4084 eorum
574 4029 733 4084 voluntates
745 4026 974 4099 interpellentur.
989 4028 1057 4083 Dor·
1106 4026 1287 4099 presbyteros
1309 4043 1375 4082 cum
1392 4027 1476 4098 lapsis
1495 4046 1510 4080 ιι
1532 4029 1657 4098 aprima
1673 4029 1770 4084 statim
1784 4045 1923 4100 persecu-

242 4128 319 4182 tatur
332 4138 401 4195 ergo
415 4126 446 4178 ut
458 4121 511 4194 ipsi
523 4121 702 4194 presbyteros
715 4120 836 4176 doceant
850 4137 916 4194 qua.
930 4137 962 4175 ex
979 4137 1058 4193 pres·
1106 4120 1193 4176 donis
1219 4119 1266 4176 dia
1289 4141 1303 4172 »
1327 4122 1561 4178 communicasse.
1583 4124 1735 4189 Praeterea,
1760 4139 1827 4179 curu
1851 4124 1925 4196 lapsi

243 4218 350 4291 byteris
372 4232 421 4271 eos
444 4214 544 4271 audire
569 4217 757 4287 oportuerat:
782 4215 941 4285 prescribit
961 4221 1000 4284 ut,
1025 4217 1056 4270 in
1107 4230 1163 4271 uon
1193 4214 1294 4270 eodem
1313 4231 1413 4270 omnes
1436 4219 1565 4286 tempore
1591 4215 1777 4288 deliquerint,
1799 4215 1850 4271 sed
1875 4217 1925 4274 elii

243 4311 344 4368 dandis
366 4308 470 4365 libellis
491 4312 702 4365 antecessorum
725 4324 842 4363 suorum
867 4307 986 4380 vestigia
1011 4325 1054 4366 se·
1106 4309 1200 4377 citius,
1216 4307 1264 4364 alii
1287 4310 1385 4376 serius,
1408 4309 1472 4364 fieri
1495 4309 1588 4381 potuit
1612 4313 1645 4365 ut
1669 4310 1749 4366 multi
1774 4311 1925 4383 perpaucis

243 4409 384 4479 quantes,
410 4402 525 4458 sollicite
558 4407 586 4457 et
613 4408 694 4458 catate
725 4401 886 4473 petentium
915 4401 1057 4458 desideria
1107 4401 1206 4459 diebus
1229 4409 1291 4474 post
1320 4403 1474 4458 admissum
1500 4403 1591 4458 scelus
1621 4403 1852 4460 communionem
1887 4405 1923 4460 ab

242 4499 411 4572 ponderent,
435 4495 587 4567 inspicient
599 4501 629 4551 et
645 4498 741 4550 actum
755 4498 783 4550 et
801 4510 888 4566 opera
901 4499 930 4550 at
954 4495 1056 4551 merita
1106 4495 1243 4568 improbis
1264 4496 1436 4568 presbyteris
1456 4497 1629 4568 acciperent.
1655 4497 1699 4554 Sic
1713 4497 1924 4570 interpretandi

242 4593 433 4666 singulorum,
449 4591 577 4662 ipsorum
591 4603 708 4661 quoque
724 4587 889 4644 delictorum
905 4604 1014 4661 genera
1028 4594 1057 4645 et
1106 4589 1239 4662 Cypriani
1262 4588 1460 4645 necessitatem
1482 4590 1564 4646 affert
1589 4594 1648 4646 tota
1663 4605 1761 4646 rerum
1777 4594 1924 4662 gestarum

242 4688 391 4761 qualitates
403 4683 552 4757 cogitent;
568 4683 693 4750 denique
705 4699 777 4755 quos
790 4681 845 4753 ipsi
863 4683 970 4750 rident,
985 4700 1057 4754 quos
1106 4683 1193 4740 series
1208 4686 1238 4738 et
1246 4683 1391 4755 junctura.
1410 4684 1480 4740 Nam
1493 4683 1650 4756 presbyteri
1663 4699 1762 4740 ansam
1786 4684 1924 4740 turbandi

243 4786 368 4850 norunt,
388 4795 512 4852 quorum
533 4777 732 4850 poeniteutiam
753 4776 939 4832 satisfactioni
958 4777 1055 4848 proxi·
1106 4793 1228 4849 rapuere
1248 4793 1283 4832 ex
1305 4777 1409 4833 libellis
1424 4783 1593 4849 martyrum,
1618 4777 1668 4849 qui
1691 4783 1756 4849 post
1777 4780 1924 4834 tormenta

243 4891 322 4932 mam
334 4873 535 4946 conspiciunt,
552 4871 705 4944 designent
719 4871 889 4927 nominatim
902 4870 1012 4940 libello,
1028 4875 1057 4926 et
1106 4870 1167 4926 dari
1179 4875 1344 4944 coeperunt;
1369 4873 1398 4926 et
1409 4870 1568 4942 Cyprianus
1583 4870 1612 4926 in
1635 4871 1718 4942 epist.
1737 4874 1779 4940 ¹5,
1794 4877 1825 4926 ut
1839 4887 1921 4928 mar·

243 4971 282 5026 aic
292 4969 329 5024 ad
341 4967 503 5040 episcopum
517 4963 583 5022 fidei
592 4981 625 5021 ac
638 4963 793 5037 disciptinae
805 4967 996 5037 coagmentes
1011 4965 1054 5019 lit·
1105 4969 1201 5036 tyrum
1223 4965 1331 5021 libellos
1358 4967 1421 5037 post
1446 4964 1553 5020 intticta
1578 4969 1741 5034 tormenta,
1767 4964 1806 5020 ita
1830 4966 1922 5023 etiam

242 5067 319 5119 teras
331 5061 466 5132 dirigant.
1105 5063 1168 5131 post
1183 5059 1259 5132 ipsos
1285 5059 1394 5115 libellos
1413 5058 1560 5115 audaciam
1586 5075 1685 5115 aarum
1713 5067 1924 5118 commemorat

162 5197 163 5200 ι
276 5157 306 5212 ln
321 5155 445 5226 Epistola
468 5151 505 5208 ad
518 5151 625 5208 Clarum
640 5151 734 5208 adhuc
749 5150 947 5208 vehementius
959 5152 1054 5227 indig-
1106 5174 1120 5204 ιι
1134 5153 1260 5227 quicum
1270 5154 1353 5226 lapsis
1363 5152 1636 5224 communicarejam
1645 5157 1799 5226 coeperant.
1811 5173 1825 5202 a
1839 5154 1924 5210 Unde

240 5254 326 5306 natm
348 5248 379 5302 iu
400 5245 579 5319 presbyteros
594 5243 643 5317 qui
665 5247 794 5302 sanctam
821 5247 933 5302 Domini
952 5264 1056 5321 corpus
1106 5247 1191 5304 etiam
1205 5251 1283 5319 patet
1304 5263 1401 5304 recens
1416 5246 1535 5303 omnino
1555 5247 1643 5302 inisse
1666 5246 1776 5304 facinus
1801 5247 1935 5321 presby-¹

242 5343 393 5416 profanare
405 5339 465 5396 ansi
487 5339 611 5394 fuerant.
634 5338 798 5408 Desierat«
821 5339 845 5394 si
865 5341 939 5396 ultra
962 5341 991 5397 in
1008 5342 1054 5396 iis·
1106 5347 1242 5398 terarum.
1263 5341 1344 5397 idem
1367 5344 1488 5397 testatur
1500 5341 1531 5396 in
1552 5341 1635 5414 epist.
1661 5343 1704 5410 ta,
1730 5341 1921 5397 ArlPlabcm:

241 5444 306 5499 dem
321 5437 580 5512 perseveraverint,
595 5457 609 5487 a
625 5453 744 5492 usurum
765 5453 795 5493 se
810 5455 844 5494 ea
857 5439 1054 5496 admonitione
1106 5457 1121 5486 ιι
1135 5435 1224 5491 audio
1238 5441 1344 5502 tamen,
1370 5436 1472 5506 inquit,
1497 5435 1638 5507 quosdam
1650 5434 1686 5490 de
1710 5433 1919 5506 presbyteris...

242 5555 299 5613 qua
321 5538 401 5593 illum
423 5537 463 5590 nti
486 5533 624 5590 Dominus
638 5534 768 5605 jubebat,
793 5541 823 5591 ut
846 5537 962 5592 interim
986 5555 1053 5610 pro·
1101 5530 1162 5602 jlm
1177 5545 1241 5585 eum
1262 5529 1346 5601 lapsis
1361 5529 1574 5586 communicfllfl
1593 5527 1720 5602 coepisse·
1737 5550 1751 5580 a
1765 5526 1830 5594 Sed·
1843 5529 1921 5601 quod

241 5631 396 5687 hibeantur
414 5625 526 5682 offerre.
547 5626 618 5680 llam
633 5629 906 5698 praetereanturque
921 5628 1053 5698 visiones,
1104 5639 1166 5679 rem
1180 5639 1353 5695 cansamque
1366 5624 1490 5679 maxime
1504 5623 1642 5690 continet,
1666 5622 1791 5678 declarat
1801 5621 1922 5694 Cypria-

241 5723 365 5799 perdies
391 5737 503 5795 quoque
517 5719 693 5792 implebatur
707 5741 721 5770 ιι
736 5721 842 5792 Spiritu
865 5726 962 5780 sancto
985 5739 1052 5794 pue·
1104 5735 1157 5774 nus
1181 5717 1210 5772 in
1224 5718 1348 5789 Epistola
1368 5718 1405 5772 od
1427 5717 1532 5774 Clarum
1556 5715 1787 5789 presbyterorum
1811 5715 1921 5772 lacinus

241 5831 340 5878 rorum
353 5813 492 5870 innocens
504 5815 584 5884 atas,
599 5825 663 5885 que
683 5810 712 5866 in
732 5811 821 5868 extasi
835 5811 949 5870 ridebat
965 5814 1054 5870 oculis
1104 5831 1138 5871 ex
1156 5829 1191 5870 eo
1218 5827 1321 5889 genere
1338 5827 1399 5868 esse
1423 5809 1501 5888 quod
1527 5809 1594 5868 terri
1618 5813 1648 5866 et
1668 5809 1840 5868 dissimulari
1857 5825 1920 5868 nou
