<?xml version="1.0" encoding="UTF-8"?>
<!DOCTYPE html PUBLIC "-//W3C//DTD XHTML 1.0 Transitional//EN"
    "http://www.w3.org/TR/xhtml1/DTD/xhtml1-transitional.dtd">
<html xmlns="http://www.w3.org/1999/xhtml" xml:lang="en" lang="en">
 <head>
  <title>
</title>
<meta http-equiv="Content-Type" content="text/html;charset=utf-8" />
  <meta name='ocr-system' content='tesseract 3.04.00' />
  <meta name='ocr-capabilities' content='ocr_page ocr_carea ocr_par ocr_line ocrx_word'/>
</head>
<body>
  <div class='ocr_page' id='page_1' title='image "./patrologiaecurs85unkngoog/patrologiaecurs85unkngoog_0033.png"; bbox 0 0 4076 6190; ppageno 0'>
   <div class='ocr_carea' id='block_1_1' title="bbox 188 207 1871 268">
    <p class='ocr_par' dir='ltr' id='par_1_1' title="bbox 188 207 1871 268">
     <span class='ocr_line' id='line_1_1' title="bbox 188 207 1871 268; baseline 0.006 -10"><span class='ocrx_word' id='word_1_1' title='bbox 188 207 226 259; x_wconf 80' lang='lat' dir='ltr'><strong>se</strong></span> <span class='ocrx_word' id='word_1_2' title='bbox 844 207 879 265; x_wconf 85' lang='lat' dir='ltr'><strong>D.</strong></span> <span class='ocrx_word' id='word_1_3' title='bbox 898 207 1081 267; x_wconf 71' lang='lat' dir='ltr'><strong>probantu</strong></span> <span class='ocrx_word' id='word_1_4' title='bbox 1099 207 1229 268; x_wconf 73' lang='lat' dir='ltr'><strong>ueneni</strong></span> <span class='ocrx_word' id='word_1_5' title='bbox 1836 211 1871 268; x_wconf 80' lang='lat' dir='ltr'><strong>eo</strong></span> 
     </span>
    </p>
   </div>
   <div class='ocr_carea' id='block_1_2' title="bbox 190 330 1874 492">
    <p class='ocr_par' dir='ltr' id='par_1_2' title="bbox 190 330 1874 492">
     <span class='ocr_line' id='line_1_2' title="bbox 190 330 1874 412; baseline 0.004 -24"><span class='ocrx_word' id='word_1_6' title='bbox 190 330 335 407; x_wconf 80' lang='grc'><strong>55-56</strong></span> <span class='ocrx_word' id='word_1_7' title='bbox 350 333 543 389; x_wconf 77' lang='lat' dir='ltr'><strong>antecessores</strong></span> <span class='ocrx_word' id='word_1_8' title='bbox 555 332 646 392; x_wconf 82' lang='lat' dir='ltr'><strong>nostri</strong></span> <span class='ocrx_word' id='word_1_9' title='bbox 658 347 734 406; x_wconf 74' lang='lat' dir='ltr'><strong>saepe</strong></span> <span class='ocrx_word' id='word_1_10' title='bbox 747 332 888 404; x_wconf 82' lang='lat' dir='ltr'><strong>lecerunt,</strong></span> <span class='ocrx_word' id='word_1_11' title='bbox 900 334 994 408; x_wconf 90' lang='lat' dir='ltr'><strong>inquit</strong></span> <span class='ocrx_word' id='word_1_12' title='bbox 1005 337 1044 412; x_wconf 82' lang='lat' dir='ltr'><strong>(p.</strong></span> <span class='ocrx_word' id='word_1_13' title='bbox 1059 336 1103 409; x_wconf 82' lang='grc'><strong>69)</strong></span> <span class='ocrx_word' id='word_1_14' title='bbox 1124 335 1291 408; x_wconf 76' lang='lat' dir='ltr'><strong>colligendis</strong></span> <span class='ocrx_word' id='word_1_15' title='bbox 1310 335 1445 394; x_wconf 85' lang='lat' dir='ltr'><strong>iratribus</strong></span> <span class='ocrx_word' id='word_1_16' title='bbox 1463 336 1566 394; x_wconf 87' lang='lat' dir='ltr'><strong>nostris</strong></span> <span class='ocrx_word' id='word_1_17' title='bbox 1584 336 1766 396; x_wconf 90' lang='lat' dir='ltr'><strong>charissimus</strong></span> <span class='ocrx_word' id='word_1_18' title='bbox 1781 340 1874 398; x_wconf 83' lang='lat' dir='ltr'><strong>irater</strong></span> 
     </span>
     <span class='ocr_line' id='line_1_3' title="bbox 190 421 849 492; baseline -0.006 -14"><span class='ocrx_word' id='word_1_19' title='bbox 190 426 286 478; x_wconf 86' lang='lat' dir='ltr'><strong>noster</strong></span> <span class='ocrx_word' id='word_1_20' title='bbox 301 421 470 492; x_wconf 73' lang='lat' dir='ltr'><strong>(Corneliusl</strong></span> <span class='ocrx_word' id='word_1_21' title='bbox 484 421 646 480; x_wconf 78' lang='lat' dir='ltr'><strong>necessitati</strong></span> <span class='ocrx_word' id='word_1_22' title='bbox 661 423 818 480; x_wconf 82' lang='lat' dir='ltr'><strong>succubuit.</strong></span> <span class='ocrx_word' id='word_1_23' title='bbox 834 444 849 474; x_wconf 71' lang='lat' dir='ltr'><strong>a</strong></span> 
     </span>
    </p>
   </div>
   <div class='ocr_carea' id='block_1_3' title="bbox 230 481 1874 588">
    <p class='ocr_par' dir='ltr' id='par_1_3' title="bbox 230 481 1874 588">
     <span class='ocr_line' id='line_1_4' title="bbox 230 481 1874 588; baseline 0.004 -20"><span class='ocrx_word' id='word_1_24' title='bbox 230 511 383 568; x_wconf 84' lang='lat' dir='ltr'><strong>Pristinam</strong></span> <span class='ocrx_word' id='word_1_25' title='bbox 405 511 586 568; x_wconf 69' lang='lat' dir='ltr'><strong>serenatam</strong></span> <span class='ocrx_word' id='word_1_26' title='bbox 607 512 753 570; x_wconf 88' lang='lat' dir='ltr'><strong>interdum</strong></span> <span class='ocrx_word' id='word_1_27' title='bbox 773 529 790 570; x_wconf 89' lang='lat' dir='ltr'><strong>a</strong></span> <span class='ocrx_word' id='word_1_28' title='bbox 811 514 955 586; x_wconf 83' lang='lat' dir='ltr'><strong>Cypriane</strong></span> <span class='ocrx_word' id='word_1_29' title='bbox 974 519 1114 572; x_wconf 78' lang='lat' dir='ltr'><strong>retentam</strong></span> <span class='ocrx_word' id='word_1_30' title='bbox 1133 515 1327 587; x_wconf 72' lang='lat' dir='ltr'><strong>albaspinaeus</strong></span> <span class='ocrx_word' id='word_1_31' title='bbox 1341 519 1370 570; x_wconf 89' lang='lat' dir='ltr'><strong>et</strong></span> <span class='ocrx_word' id='word_1_32' title='bbox 1389 520 1453 587; x_wconf 89' lang='lat' dir='ltr'><strong>post</strong></span> <span class='ocrx_word' id='word_1_33' title='bbox 1472 531 1537 572; x_wconf 90' lang='lat' dir='ltr'><strong>eum</strong></span> <span class='ocrx_word' id='word_1_34' title='bbox 1556 516 1728 573; x_wconf 83' lang='lat' dir='ltr'><strong>Gotofredus</strong></span> <span class='ocrx_word' id='word_1_35' title='bbox 1748 517 1808 588; x_wconf 83' lang='lat' dir='ltr'><strong>(lib.</strong></span> <span class='ocrx_word' id='word_1_36' title='bbox 1829 481 1874 575; x_wconf 79' lang='grc' dir='ltr'><strong>ιιι</strong></span> 
     </span>
    </p>
   </div>
   <div class='ocr_carea' id='block_1_4' title="bbox 188 601 1875 853">
    <p class='ocr_par' dir='ltr' id='par_1_4' title="bbox 188 601 1875 853">
     <span class='ocr_line' id='line_1_5' title="bbox 191 601 1875 677; baseline 0.002 -19"><span class='ocrx_word' id='word_1_37' title='bbox 191 601 256 658; x_wconf 85' lang='lat' dir='ltr'><strong>Cod.</strong></span> <span class='ocrx_word' id='word_1_38' title='bbox 272 601 370 658; x_wconf 81' lang='lat' dir='ltr'><strong>Tbcod.</strong></span> <span class='ocrx_word' id='word_1_39' title='bbox 386 618 415 673; x_wconf 89' lang='lat' dir='ltr'><strong>p.</strong></span> <span class='ocrx_word' id='word_1_40' title='bbox 429 601 494 673; x_wconf 78' lang='lat'><strong>2¹0)</strong></span> <span class='ocrx_word' id='word_1_41' title='bbox 513 617 547 656; x_wconf 84' lang='lat' dir='ltr'><strong>ex</strong></span> <span class='ocrx_word' id='word_1_42' title='bbox 559 601 605 656; x_wconf 91' lang='lat' dir='ltr'><strong>his</strong></span> <span class='ocrx_word' id='word_1_43' title='bbox 619 601 749 673; x_wconf 75' lang='lat' dir='ltr'><strong>Epistola</strong></span> <span class='ocrx_word' id='word_1_44' title='bbox 762 619 799 659; x_wconf 81' lang='lat' dir='ltr'><strong>nu</strong></span> <span class='ocrx_word' id='word_1_45' title='bbox 816 603 910 659; x_wconf 82' lang='lat' dir='ltr'><strong>verbis</strong></span> <span class='ocrx_word' id='word_1_46' title='bbox 930 605 1089 677; x_wconf 90' lang='lat' dir='ltr'><strong>colligunt:</strong></span> <span class='ocrx_word' id='word_1_47' title='bbox 1107 625 1121 656; x_wconf 78' lang='lat' dir='ltr'><strong>a</strong></span> <span class='ocrx_word' id='word_1_48' title='bbox 1139 607 1280 677; x_wconf 68' lang='lat' dir='ltr'><strong>apostatae</strong></span> <span class='ocrx_word' id='word_1_49' title='bbox 1299 619 1364 659; x_wconf 83' lang='lat' dir='ltr'><strong>vero</strong></span> <span class='ocrx_word' id='word_1_50' title='bbox 1384 607 1412 660; x_wconf 91' lang='lat' dir='ltr'><strong>et</strong></span> <span class='ocrx_word' id='word_1_51' title='bbox 1431 605 1591 660; x_wconf 83' lang='lat' dir='ltr'><strong>desertores</strong></span> <span class='ocrx_word' id='word_1_52' title='bbox 1611 605 1653 660; x_wconf 83' lang='lat' dir='ltr'><strong>vel</strong></span> <span class='ocrx_word' id='word_1_53' title='bbox 1674 605 1830 661; x_wconf 79' lang='lat' dir='ltr'><strong>aduersarii</strong></span> <span class='ocrx_word' id='word_1_54' title='bbox 1845 609 1875 662; x_wconf 91' lang='lat' dir='ltr'><strong>et</strong></span> 
     </span>
     <span class='ocr_line' id='line_1_6' title="bbox 190 689 1873 767; baseline 0.002 -21"><span class='ocrx_word' id='word_1_55' title='bbox 190 691 285 747; x_wconf 90' lang='lat' dir='ltr'><strong>hostes</strong></span> <span class='ocrx_word' id='word_1_56' title='bbox 300 694 329 747; x_wconf 90' lang='lat' dir='ltr'><strong>et</strong></span> <span class='ocrx_word' id='word_1_57' title='bbox 342 690 446 748; x_wconf 84' lang='lat' dir='ltr'><strong>Christi</strong></span> <span class='ocrx_word' id='word_1_58' title='bbox 459 690 613 747; x_wconf 89' lang='lat' dir='ltr'><strong>Ecclesiam</strong></span> <span class='ocrx_word' id='word_1_59' title='bbox 627 689 806 763; x_wconf 82' lang='lat' dir='ltr'><strong>dissipantes,</strong></span> <span class='ocrx_word' id='word_1_60' title='bbox 820 707 874 748; x_wconf 92' lang='lat' dir='ltr'><strong>nec</strong></span> <span class='ocrx_word' id='word_1_61' title='bbox 889 692 912 748; x_wconf 90' lang='lat' dir='ltr'><strong>ei</strong></span> <span class='ocrx_word' id='word_1_62' title='bbox 926 692 1010 748; x_wconf 90' lang='lat' dir='ltr'><strong>occisi</strong></span> <span class='ocrx_word' id='word_1_63' title='bbox 1024 708 1075 764; x_wconf 90' lang='lat' dir='ltr'><strong>pro</strong></span> <span class='ocrx_word' id='word_1_64' title='bbox 1088 693 1207 748; x_wconf 90' lang='lat' dir='ltr'><strong>nomine</strong></span> <span class='ocrx_word' id='word_1_65' title='bbox 1227 692 1296 749; x_wconf 87' lang='lat' dir='ltr'><strong>foris</strong></span> <span class='ocrx_word' id='word_1_66' title='bbox 1314 693 1430 762; x_wconf 84' lang='lat' dir='ltr'><strong>luerint,</strong></span> <span class='ocrx_word' id='word_1_67' title='bbox 1444 691 1557 748; x_wconf 85' lang='lat' dir='ltr'><strong>admitti</strong></span> <span class='ocrx_word' id='word_1_68' title='bbox 1576 693 1733 750; x_wconf 92' lang='lat' dir='ltr'><strong>secundum</strong></span> <span class='ocrx_word' id='word_1_69' title='bbox 1751 697 1873 767; x_wconf 82' lang='lat' dir='ltr'><strong>aposco-</strong></span> 
     </span>
     <span class='ocr_line' id='line_1_7' title="bbox 188 779 1605 853; baseline -0.001 -18"><span class='ocrx_word' id='word_1_70' title='bbox 188 779 249 836; x_wconf 91' lang='lat' dir='ltr'><strong>lum</strong></span> <span class='ocrx_word' id='word_1_71' title='bbox 261 785 381 853; x_wconf 93' lang='lat' dir='ltr'><strong>possuut</strong></span> <span class='ocrx_word' id='word_1_72' title='bbox 392 781 428 836; x_wconf 91' lang='lat' dir='ltr'><strong>ad</strong></span> <span class='ocrx_word' id='word_1_73' title='bbox 442 779 575 836; x_wconf 84' lang='lat' dir='ltr'><strong>Ecclesiae</strong></span> <span class='ocrx_word' id='word_1_74' title='bbox 589 797 703 852; x_wconf 90' lang='lat' dir='ltr'><strong>pacem,</strong></span> <span class='ocrx_word' id='word_1_75' title='bbox 718 781 833 852; x_wconf 92' lang='lat' dir='ltr'><strong>quando</strong></span> <span class='ocrx_word' id='word_1_76' title='bbox 844 797 900 837; x_wconf 92' lang='lat' dir='ltr'><strong>nec</strong></span> <span class='ocrx_word' id='word_1_77' title='bbox 913 781 1035 853; x_wconf 88' lang='lat' dir='ltr'><strong>Spiritus</strong></span> <span class='ocrx_word' id='word_1_78' title='bbox 1045 799 1100 838; x_wconf 90' lang='lat' dir='ltr'><strong>uec</strong></span> <span class='ocrx_word' id='word_1_79' title='bbox 1112 781 1244 839; x_wconf 75' lang='lat' dir='ltr'><strong>Ecclesiae</strong></span> <span class='ocrx_word' id='word_1_80' title='bbox 1258 782 1398 838; x_wconf 87' lang='lat' dir='ltr'><strong>unitatem</strong></span> <span class='ocrx_word' id='word_1_81' title='bbox 1413 784 1576 838; x_wconf 89' lang='lat' dir='ltr'><strong>tenuerunt.</strong></span> <span class='ocrx_word' id='word_1_82' title='bbox 1590 803 1605 834; x_wconf 77' lang='lat' dir='ltr'><strong>s</strong></span> 
     </span>
    </p>
   </div>
   <div class='ocr_carea' id='block_1_5' title="bbox 223 867 1967 943">
    <p class='ocr_par' dir='ltr' id='par_1_5' title="bbox 223 867 1967 943">
     <span class='ocr_line' id='line_1_8' title="bbox 223 867 1967 943; baseline 0.002 -18"><span class='ocrx_word' id='word_1_83' title='bbox 223 869 261 925; x_wconf 91' lang='lat' dir='ltr'><strong>Ut</strong></span> <span class='ocrx_word' id='word_1_84' title='bbox 281 867 337 925; x_wconf 89' lang='lat' dir='ltr'><strong>hoc</strong></span> <span class='ocrx_word' id='word_1_85' title='bbox 361 869 495 942; x_wconf 90' lang='lat' dir='ltr'><strong>Cypriani</strong></span> <span class='ocrx_word' id='word_1_86' title='bbox 509 869 704 926; x_wconf 87' lang='lat' dir='ltr'><strong>testimonium</strong></span> <span class='ocrx_word' id='word_1_87' title='bbox 723 869 890 942; x_wconf 87' lang='lat' dir='ltr'><strong>explicetur,</strong></span> <span class='ocrx_word' id='word_1_88' title='bbox 903 869 1116 927; x_wconf 81' lang='lat' dir='ltr'><strong>obseruandum</strong></span> <span class='ocrx_word' id='word_1_89' title='bbox 1133 877 1176 927; x_wconf 91' lang='lat' dir='ltr'><strong>est</strong></span> <span class='ocrx_word' id='word_1_90' title='bbox 1194 875 1223 925; x_wconf 83' lang='lat' dir='ltr'><strong>t⁰</strong></span> <span class='ocrx_word' id='word_1_91' title='bbox 1238 875 1376 943; x_wconf 86' lang='lat' dir='ltr'><strong>apostatas</strong></span> <span class='ocrx_word' id='word_1_92' title='bbox 1395 873 1424 928; x_wconf 89' lang='lat' dir='ltr'><strong>et</strong></span> <span class='ocrx_word' id='word_1_93' title='bbox 1441 870 1599 927; x_wconf 85' lang='lat' dir='ltr'><strong>desertores</strong></span> <span class='ocrx_word' id='word_1_94' title='bbox 1618 887 1676 927; x_wconf 93' lang='lat' dir='ltr'><strong>non</strong></span> <span class='ocrx_word' id='word_1_95' title='bbox 1696 887 1743 927; x_wconf 91' lang='lat' dir='ltr'><strong>eos</strong></span> <span class='ocrx_word' id='word_1_96' title='bbox 1761 871 1827 942; x_wconf 91' lang='lat' dir='ltr'><strong>dici,</strong></span> <span class='ocrx_word' id='word_1_97' title='bbox 1842 877 1875 929; x_wconf 92' lang='lat' dir='ltr'><strong>ut</strong></span> <span class='ocrx_word' id='word_1_98' title='bbox 1963 881 1967 886; x_wconf 87' lang='lat'>&#39;</span> 
     </span>
    </p>
   </div>
   <div class='ocr_carea' id='block_1_6' title="bbox 179 955 1875 3795">
    <p class='ocr_par' dir='ltr' id='par_1_6' title="bbox 179 955 1875 3795">
     <span class='ocr_line' id='line_1_9' title="bbox 188 955 1875 1032; baseline 0.002 -17"><span class='ocrx_word' id='word_1_99' title='bbox 188 955 382 1030; x_wconf 78' lang='lat' dir='ltr'><strong>Albaspinmus</strong></span> <span class='ocrx_word' id='word_1_100' title='bbox 400 963 429 1014; x_wconf 87' lang='lat' dir='ltr'><strong>at</strong></span> <span class='ocrx_word' id='word_1_101' title='bbox 442 957 612 1016; x_wconf 84' lang='lat' dir='ltr'><strong>Cotoiredus</strong></span> <span class='ocrx_word' id='word_1_102' title='bbox 629 960 743 1030; x_wconf 89' lang='lat' dir='ltr'><strong>putant,</strong></span> <span class='ocrx_word' id='word_1_103' title='bbox 765 958 813 1030; x_wconf 90' lang='lat' dir='ltr'><strong>qui</strong></span> <span class='ocrx_word' id='word_1_104' title='bbox 835 975 871 1015; x_wconf 82' lang='lat' dir='ltr'><strong>ex</strong></span> <span class='ocrx_word' id='word_1_105' title='bbox 884 959 989 1014; x_wconf 83' lang='lat' dir='ltr'><strong>Judaeis</strong></span> <span class='ocrx_word' id='word_1_106' title='bbox 1008 959 1115 1016; x_wconf 90' lang='lat' dir='ltr'><strong>ethnici</strong></span> <span class='ocrx_word' id='word_1_107' title='bbox 1130 963 1180 1014; x_wconf 91' lang='lat' dir='ltr'><strong>aut</strong></span> <span class='ocrx_word' id='word_1_108' title='bbox 1192 959 1347 1017; x_wconf 88' lang='lat' dir='ltr'><strong>Christiani</strong></span> <span class='ocrx_word' id='word_1_109' title='bbox 1368 959 1485 1030; x_wconf 84' lang='lat' dir='ltr'><strong>fiebant,</strong></span> <span class='ocrx_word' id='word_1_110' title='bbox 1499 959 1548 1016; x_wconf 90' lang='lat' dir='ltr'><strong>sed</strong></span> <span class='ocrx_word' id='word_1_111' title='bbox 1568 961 1618 1032; x_wconf 90' lang='lat' dir='ltr'><strong>qui</strong></span> <span class='ocrx_word' id='word_1_112' title='bbox 1640 976 1746 1017; x_wconf 92' lang='lat' dir='ltr'><strong>nornen</strong></span> <span class='ocrx_word' id='word_1_113' title='bbox 1768 961 1875 1019; x_wconf 86' lang='lat' dir='ltr'><strong>dabant</strong></span> 
     </span>
     <span class='ocr_line' id='line_1_10' title="bbox 186 1046 1871 1124; baseline 0.004 -24"><span class='ocrx_word' id='word_1_114' title='bbox 186 1046 352 1103; x_wconf 86' lang='lat' dir='ltr'><strong>Felicissimi</strong></span> <span class='ocrx_word' id='word_1_115' title='bbox 370 1046 525 1103; x_wconf 86' lang='lat' dir='ltr'><strong>schismati.</strong></span> <span class='ocrx_word' id='word_1_116' title='bbox 544 1049 575 1102; x_wconf 80' lang='grc'><strong>20</strong></span> <span class='ocrx_word' id='word_1_117' title='bbox 593 1048 796 1105; x_wconf 79' lang='lat' dir='ltr'><strong>Revocandum</strong></span> <span class='ocrx_word' id='word_1_118' title='bbox 816 1053 858 1104; x_wconf 87' lang='lat' dir='ltr'><strong>est</strong></span> <span class='ocrx_word' id='word_1_119' title='bbox 875 1049 907 1103; x_wconf 91' lang='lat' dir='ltr'><strong>in</strong></span> <span class='ocrx_word' id='word_1_120' title='bbox 928 1048 1101 1104; x_wconf 91' lang='lat' dir='ltr'><strong>memoriam</strong></span> <span class='ocrx_word' id='word_1_121' title='bbox 1120 1047 1197 1120; x_wconf 89' lang='lat' dir='ltr'><strong>quod</strong></span> <span class='ocrx_word' id='word_1_122' title='bbox 1220 1065 1307 1120; x_wconf 89' lang='lat' dir='ltr'><strong>supra</strong></span> <span class='ocrx_word' id='word_1_123' title='bbox 1327 1048 1463 1116; x_wconf 85' lang='lat' dir='ltr'><strong>diximus,</strong></span> <span class='ocrx_word' id='word_1_124' title='bbox 1486 1065 1587 1122; x_wconf 88' lang='lat' dir='ltr'><strong>pacem</strong></span> <span class='ocrx_word' id='word_1_125' title='bbox 1608 1049 1664 1106; x_wconf 90' lang='lat' dir='ltr'><strong>illis</strong></span> <span class='ocrx_word' id='word_1_126' title='bbox 1683 1053 1819 1124; x_wconf 85' lang='lat' dir='ltr'><strong>negatam</strong></span> <span class='ocrx_word' id='word_1_127' title='bbox 1840 1052 1871 1107; x_wconf 92' lang='lat' dir='ltr'><strong>in</strong></span> 
     </span>
     <span class='ocr_line' id='line_1_11' title="bbox 186 1135 1874 1210; baseline 0.002 -19"><span class='ocrx_word' id='word_1_128' title='bbox 186 1135 288 1192; x_wconf 87' lang='lat' dir='ltr'><strong>mortis</strong></span> <span class='ocrx_word' id='word_1_129' title='bbox 307 1135 471 1192; x_wconf 72' lang='lat' dir='ltr'><strong>discxr&#39;mna</strong></span> <span class='ocrx_word' id='word_1_130' title='bbox 484 1137 534 1210; x_wconf 92' lang='lat' dir='ltr'><strong>qni</strong></span> <span class='ocrx_word' id='word_1_131' title='bbox 552 1137 751 1209; x_wconf 70' lang='lat' dir='ltr'><strong>paenitentiam</strong></span> <span class='ocrx_word' id='word_1_132' title='bbox 772 1137 834 1194; x_wconf 88' lang='lat' dir='ltr'><strong>sani</strong></span> <span class='ocrx_word' id='word_1_133' title='bbox 853 1141 1091 1208; x_wconf 86' lang='lat' dir='ltr'><strong>contempserant,</strong></span> <span class='ocrx_word' id='word_1_134' title='bbox 1105 1137 1172 1209; x_wconf 87' lang='lat' dir='ltr'><strong>qnia</strong></span> <span class='ocrx_word' id='word_1_135' title='bbox 1192 1137 1323 1192; x_wconf 88' lang='lat' dir='ltr'><strong>videlicet</strong></span> <span class='ocrx_word' id='word_1_136' title='bbox 1335 1135 1455 1192; x_wconf 92' lang='lat' dir='ltr'><strong>dubium</strong></span> <span class='ocrx_word' id='word_1_137' title='bbox 1475 1138 1578 1192; x_wconf 88' lang='lat' dir='ltr'><strong>merito</strong></span> <span class='ocrx_word' id='word_1_138' title='bbox 1597 1137 1745 1194; x_wconf 82' lang='lat' dir='ltr'><strong>videbatur</strong></span> <span class='ocrx_word' id='word_1_139' title='bbox 1763 1156 1799 1194; x_wconf 91' lang='lat' dir='ltr'><strong>an</strong></span> <span class='ocrx_word' id='word_1_140' title='bbox 1819 1139 1874 1196; x_wconf 91' lang='lat' dir='ltr'><strong>siu-</strong></span> 
     </span>
     <span class='ocr_line' id='line_1_12' title="bbox 185 1224 1872 1300; baseline 0.002 -20"><span class='ocrx_word' id='word_1_141' title='bbox 185 1241 252 1281; x_wconf 89' lang='lat' dir='ltr'><strong>cero</strong></span> <span class='ocrx_word' id='word_1_142' title='bbox 266 1225 356 1282; x_wconf 89' lang='lat' dir='ltr'><strong>animi</strong></span> <span class='ocrx_word' id='word_1_143' title='bbox 367 1224 469 1282; x_wconf 81' lang='lat' dir='ltr'><strong>affectu</strong></span> <span class='ocrx_word' id='word_1_144' title='bbox 479 1226 687 1298; x_wconf 89' lang='lat' dir='ltr'><strong>resipiscerent.</strong></span> <span class='ocrx_word' id='word_1_145' title='bbox 702 1227 782 1294; x_wconf 83' lang='lat' dir='ltr'><strong>Quod</strong></span> <span class='ocrx_word' id='word_1_146' title='bbox 801 1229 900 1282; x_wconf 83' lang='lat' dir='ltr'><strong>autent</strong></span> <span class='ocrx_word' id='word_1_147' title='bbox 918 1228 953 1282; x_wconf 92' lang='lat' dir='ltr'><strong>de</strong></span> <span class='ocrx_word' id='word_1_148' title='bbox 966 1225 1108 1297; x_wconf 86' lang='lat' dir='ltr'><strong>ejusmodi</strong></span> <span class='ocrx_word' id='word_1_149' title='bbox 1126 1225 1289 1282; x_wconf 88' lang='lat' dir='ltr'><strong>hominibus</strong></span> <span class='ocrx_word' id='word_1_150' title='bbox 1306 1229 1444 1283; x_wconf 88' lang='lat' dir='ltr'><strong>statutum</strong></span> <span class='ocrx_word' id='word_1_151' title='bbox 1459 1231 1531 1292; x_wconf 89' lang='lat' dir='ltr'><strong>erat,</strong></span> <span class='ocrx_word' id='word_1_152' title='bbox 1554 1227 1584 1282; x_wconf 89' lang='lat' dir='ltr'><strong>id</strong></span> <span class='ocrx_word' id='word_1_153' title='bbox 1606 1227 1636 1282; x_wconf 92' lang='lat' dir='ltr'><strong>iu</strong></span> <span class='ocrx_word' id='word_1_154' title='bbox 1658 1227 1785 1300; x_wconf 90' lang='lat' dir='ltr'><strong>pluribus</strong></span> <span class='ocrx_word' id='word_1_155' title='bbox 1807 1227 1872 1284; x_wconf 92' lang='lat' dir='ltr'><strong>aliis</strong></span> 
     </span>
     <span class='ocr_line' id='line_1_13' title="bbox 186 1314 1874 1390; baseline 0.002 -20"><span class='ocrx_word' id='word_1_156' title='bbox 186 1329 240 1387; x_wconf 93' lang='lat' dir='ltr'><strong>par</strong></span> <span class='ocrx_word' id='word_1_157' title='bbox 252 1318 314 1370; x_wconf 88' lang='lat' dir='ltr'><strong>erat</strong></span> <span class='ocrx_word' id='word_1_158' title='bbox 326 1315 482 1384; x_wconf 83' lang='lat' dir='ltr'><strong>observari,</strong></span> <span class='ocrx_word' id='word_1_159' title='bbox 502 1331 626 1388; x_wconf 88' lang='lat' dir='ltr'><strong>quorum</strong></span> <span class='ocrx_word' id='word_1_160' title='bbox 640 1320 691 1372; x_wconf 88' lang='lat' dir='ltr'><strong>aut</strong></span> <span class='ocrx_word' id='word_1_161' title='bbox 704 1315 870 1372; x_wconf 90' lang='lat' dir='ltr'><strong>insanabilis</strong></span> <span class='ocrx_word' id='word_1_162' title='bbox 889 1314 1038 1372; x_wconf 85' lang='lat' dir='ltr'><strong>ridebatur</strong></span> <span class='ocrx_word' id='word_1_163' title='bbox 1050 1318 1099 1371; x_wconf 90' lang='lat' dir='ltr'><strong>aut</strong></span> <span class='ocrx_word' id='word_1_164' title='bbox 1117 1316 1226 1371; x_wconf 85' lang='lat' dir='ltr'><strong>caeteris</strong></span> <span class='ocrx_word' id='word_1_165' title='bbox 1240 1315 1338 1372; x_wconf 85' lang='lat' dir='ltr'><strong>ovibus</strong></span> <span class='ocrx_word' id='word_1_166' title='bbox 1351 1315 1508 1387; x_wconf 90' lang='lat' dir='ltr'><strong>periculosa</strong></span> <span class='ocrx_word' id='word_1_167' title='bbox 1526 1317 1705 1390; x_wconf 84' lang='lat' dir='ltr'><strong>improbitas.</strong></span> <span class='ocrx_word' id='word_1_168' title='bbox 1722 1317 1792 1374; x_wconf 89' lang='lat' dir='ltr'><strong>llinc</strong></span> <span class='ocrx_word' id='word_1_169' title='bbox 1808 1335 1874 1374; x_wconf 89' lang='lat' dir='ltr'><strong>cum</strong></span> 
     </span>
     <span class='ocr_line' id='line_1_14' title="bbox 185 1404 1875 1480; baseline 0.002 -20"><span class='ocrx_word' id='word_1_170' title='bbox 185 1404 279 1475; x_wconf 90' lang='lat' dir='ltr'><strong>multi,</strong></span> <span class='ocrx_word' id='word_1_171' title='bbox 294 1410 441 1477; x_wconf 86' lang='lat' dir='ltr'><strong>perspecta</strong></span> <span class='ocrx_word' id='word_1_172' title='bbox 455 1404 619 1461; x_wconf 83' lang='lat' dir='ltr'><strong>Felicissimi</strong></span> <span class='ocrx_word' id='word_1_173' title='bbox 639 1405 777 1478; x_wconf 89' lang='lat' dir='ltr'><strong>nequitia,</strong></span> <span class='ocrx_word' id='word_1_174' title='bbox 791 1410 957 1462; x_wconf 86' lang='lat' dir='ltr'><strong>remearent</strong></span> <span class='ocrx_word' id='word_1_175' title='bbox 975 1404 1055 1460; x_wconf 89' lang='lat' dir='ltr'><strong>etad</strong></span> <span class='ocrx_word' id='word_1_176' title='bbox 1070 1405 1222 1461; x_wconf 82' lang='lat' dir='ltr'><strong>Ecclesiam</strong></span> <span class='ocrx_word' id='word_1_177' title='bbox 1236 1406 1391 1477; x_wconf 89' lang='lat' dir='ltr'><strong>pulsarent,</strong></span> <span class='ocrx_word' id='word_1_178' title='bbox 1407 1405 1566 1477; x_wconf 88' lang='lat' dir='ltr'><strong>Cyprianus</strong></span> <span class='ocrx_word' id='word_1_179' title='bbox 1589 1406 1673 1462; x_wconf 88' lang='lat' dir='ltr'><strong>anxie</strong></span> <span class='ocrx_word' id='word_1_180' title='bbox 1696 1406 1875 1480; x_wconf 87' lang='lat' dir='ltr'><strong>ponderabat</strong></span> 
     </span>
     <span class='ocr_line' id='line_1_15' title="bbox 186 1492 1868 1570; baseline 0.002 -20"><span class='ocrx_word' id='word_1_181' title='bbox 186 1499 215 1550; x_wconf 89' lang='lat' dir='ltr'><strong>et</strong></span> <span class='ocrx_word' id='word_1_182' title='bbox 228 1493 345 1551; x_wconf 88' lang='lat' dir='ltr'><strong>sollicite</strong></span> <span class='ocrx_word' id='word_1_183' title='bbox 360 1493 543 1550; x_wconf 87' lang='lat' dir='ltr'><strong>examinabat</strong></span> <span class='ocrx_word' id='word_1_184' title='bbox 559 1515 574 1546; x_wconf 80' lang='lat' dir='ltr'><strong>o</strong></span> <span class='ocrx_word' id='word_1_185' title='bbox 588 1495 637 1567; x_wconf 90' lang='lat' dir='ltr'><strong>qni</strong></span> <span class='ocrx_word' id='word_1_186' title='bbox 652 1495 741 1567; x_wconf 90' lang='lat' dir='ltr'><strong>recipi</strong></span> <span class='ocrx_word' id='word_1_187' title='bbox 762 1498 791 1552; x_wconf 92' lang='lat' dir='ltr'><strong>et</strong></span> <span class='ocrx_word' id='word_1_188' title='bbox 812 1493 925 1550; x_wconf 89' lang='lat' dir='ltr'><strong>admitti</strong></span> <span class='ocrx_word' id='word_1_189' title='bbox 940 1494 976 1549; x_wconf 90' lang='lat' dir='ltr'><strong>ad</strong></span> <span class='ocrx_word' id='word_1_190' title='bbox 996 1492 1151 1550; x_wconf 84' lang='lat' dir='ltr'><strong>Ecclesiam</strong></span> <span class='ocrx_word' id='word_1_191' title='bbox 1167 1493 1315 1550; x_wconf 89' lang='lat' dir='ltr'><strong>deberent.</strong></span> <span class='ocrx_word' id='word_1_192' title='bbox 1333 1494 1507 1560; x_wconf 84' lang='lat' dir='ltr'><strong>Quibusdam</strong></span> <span class='ocrx_word' id='word_1_193' title='bbox 1526 1495 1613 1565; x_wconf 90' lang='lat' dir='ltr'><strong>enim,</strong></span> <span class='ocrx_word' id='word_1_194' title='bbox 1629 1518 1643 1546; x_wconf 74' lang='grc' dir='ltr'>ι</span> <span class='ocrx_word' id='word_1_195' title='bbox 1664 1496 1759 1569; x_wconf 90' lang='lat' dir='ltr'><strong>inquit</strong></span> <span class='ocrx_word' id='word_1_196' title='bbox 1779 1495 1868 1570; x_wconf 80' lang='lat' dir='ltr'><strong>Epist.</strong></span> 
     </span>
     <span class='ocr_line' id='line_1_16' title="bbox 183 1581 1870 1658; baseline 0.002 -18"><span class='ocrx_word' id='word_1_197' title='bbox 183 1600 227 1655; x_wconf 81' lang='grc' dir='ltr'>ιι,</span> <span class='ocrx_word' id='word_1_198' title='bbox 241 1600 271 1656; x_wconf 90' lang='lat' dir='ltr'><strong>p.</strong></span> <span class='ocrx_word' id='word_1_199' title='bbox 285 1585 330 1652; x_wconf 84' lang='lat'><strong>87,</strong></span> <span class='ocrx_word' id='word_1_200' title='bbox 345 1602 360 1636; x_wconf 82' lang='lat' dir='ltr'><strong>a</strong></span> <span class='ocrx_word' id='word_1_201' title='bbox 373 1582 414 1638; x_wconf 92' lang='lat' dir='ltr'><strong>ita</strong></span> <span class='ocrx_word' id='word_1_202' title='bbox 424 1584 474 1638; x_wconf 88' lang='lat' dir='ltr'><strong>aut</strong></span> <span class='ocrx_word' id='word_1_203' title='bbox 486 1582 607 1639; x_wconf 88' lang='lat' dir='ltr'><strong>crimina</strong></span> <span class='ocrx_word' id='word_1_204' title='bbox 624 1600 676 1639; x_wconf 90' lang='lat' dir='ltr'><strong>sua</strong></span> <span class='ocrx_word' id='word_1_205' title='bbox 696 1581 846 1653; x_wconf 87' lang='lat' dir='ltr'><strong>obsistunt,</strong></span> <span class='ocrx_word' id='word_1_206' title='bbox 865 1585 916 1638; x_wconf 90' lang='lat' dir='ltr'><strong>aut</strong></span> <span class='ocrx_word' id='word_1_207' title='bbox 936 1582 1041 1639; x_wconf 85' lang='lat' dir='ltr'><strong>fratres</strong></span> <span class='ocrx_word' id='word_1_208' title='bbox 1053 1583 1191 1640; x_wconf 88' lang='lat' dir='ltr'><strong>obstinate</strong></span> <span class='ocrx_word' id='word_1_209' title='bbox 1213 1587 1242 1639; x_wconf 90' lang='lat' dir='ltr'><strong>at</strong></span> <span class='ocrx_word' id='word_1_210' title='bbox 1263 1585 1383 1640; x_wconf 82' lang='lat' dir='ltr'><strong>tirmiter</strong></span> <span class='ocrx_word' id='word_1_211' title='bbox 1396 1585 1569 1653; x_wconf 92' lang='lat' dir='ltr'><strong>renituntur,</strong></span> <span class='ocrx_word' id='word_1_212' title='bbox 1584 1591 1616 1640; x_wconf 91' lang='lat' dir='ltr'><strong>ut</strong></span> <span class='ocrx_word' id='word_1_213' title='bbox 1640 1586 1729 1658; x_wconf 90' lang='lat' dir='ltr'><strong>recipi</strong></span> <span class='ocrx_word' id='word_1_214' title='bbox 1750 1587 1870 1643; x_wconf 90' lang='lat' dir='ltr'><strong>omnino</strong></span> 
     </span>
     <span class='ocr_line' id='line_1_17' title="bbox 184 1670 1870 1746; baseline 0.001 -18"><span class='ocrx_word' id='word_1_215' title='bbox 184 1689 243 1728; x_wconf 93' lang='lat' dir='ltr'><strong>non</strong></span> <span class='ocrx_word' id='word_1_216' title='bbox 266 1671 376 1744; x_wconf 85' lang='lat' dir='ltr'><strong>possint</strong></span> <span class='ocrx_word' id='word_1_217' title='bbox 394 1670 449 1727; x_wconf 92' lang='lat' dir='ltr'><strong>nisi</strong></span> <span class='ocrx_word' id='word_1_218' title='bbox 463 1687 529 1728; x_wconf 90' lang='lat' dir='ltr'><strong>com</strong></span> <span class='ocrx_word' id='word_1_219' title='bbox 549 1671 680 1728; x_wconf 84' lang='lat' dir='ltr'><strong>scandalo</strong></span> <span class='ocrx_word' id='word_1_220' title='bbox 697 1678 724 1728; x_wconf 91' lang='lat' dir='ltr'><strong>et</strong></span> <span class='ocrx_word' id='word_1_221' title='bbox 739 1671 867 1744; x_wconf 86' lang='lat' dir='ltr'><strong>periculo</strong></span> <span class='ocrx_word' id='word_1_222' title='bbox 885 1672 1086 1743; x_wconf 91' lang='lat' dir='ltr'><strong>plurimorum.</strong></span> <span class='ocrx_word' id='word_1_223' title='bbox 1107 1693 1122 1724; x_wconf 80' lang='lat' dir='ltr'><strong>s</strong></span> <span class='ocrx_word' id='word_1_224' title='bbox 1139 1671 1182 1728; x_wconf 78' lang='lat' dir='ltr'><strong>Ad</strong></span> <span class='ocrx_word' id='word_1_225' title='bbox 1205 1673 1257 1728; x_wconf 91' lang='lat' dir='ltr'><strong>hos</strong></span> <span class='ocrx_word' id='word_1_226' title='bbox 1276 1673 1409 1728; x_wconf 86' lang='lat' dir='ltr'><strong>videntur</strong></span> <span class='ocrx_word' id='word_1_227' title='bbox 1431 1678 1558 1746; x_wconf 90' lang='lat' dir='ltr'><strong>spectare</strong></span> <span class='ocrx_word' id='word_1_228' title='bbox 1578 1673 1712 1746; x_wconf 90' lang='lat' dir='ltr'><strong>Cypriani</strong></span> <span class='ocrx_word' id='word_1_229' title='bbox 1733 1676 1818 1732; x_wconf 83' lang='lat' dir='ltr'><strong>minae</strong></span> <span class='ocrx_word' id='word_1_230' title='bbox 1841 1676 1870 1731; x_wconf 94' lang='lat' dir='ltr'><strong>in</strong></span> 
     </span>
     <span class='ocr_line' id='line_1_18' title="bbox 185 1759 1873 1835; baseline 0.002 -19"><span class='ocrx_word' id='word_1_231' title='bbox 185 1761 274 1834; x_wconf 85' lang='lat' dir='ltr'><strong>Epist.</strong></span> <span class='ocrx_word' id='word_1_232' title='bbox 286 1777 400 1829; x_wconf 82' lang='lat' dir='ltr'><strong>xxxvur,</strong></span> <span class='ocrx_word' id='word_1_233' title='bbox 416 1759 464 1817; x_wconf 91' lang='lat' dir='ltr'><strong>ubi</strong></span> <span class='ocrx_word' id='word_1_234' title='bbox 478 1759 519 1817; x_wconf 93' lang='lat' dir='ltr'><strong>sic</strong></span> <span class='ocrx_word' id='word_1_235' title='bbox 531 1761 657 1834; x_wconf 91' lang='lat' dir='ltr'><strong>loquitur</strong></span> <span class='ocrx_word' id='word_1_236' title='bbox 673 1777 680 1816; x_wconf 76' lang='grc' dir='ltr'><strong><em>ε</em></strong></span> <span class='ocrx_word' id='word_1_237' title='bbox 694 1780 709 1811; x_wconf 81' lang='lat' dir='ltr'><strong>a</strong></span> <span class='ocrx_word' id='word_1_238' title='bbox 725 1760 783 1818; x_wconf 90' lang='lat' dir='ltr'><strong>Sed</strong></span> <span class='ocrx_word' id='word_1_239' title='bbox 797 1766 827 1817; x_wconf 91' lang='lat' dir='ltr'><strong>et</strong></span> <span class='ocrx_word' id='word_1_240' title='bbox 842 1760 973 1834; x_wconf 90' lang='lat' dir='ltr'><strong>quisquis</strong></span> <span class='ocrx_word' id='word_1_241' title='bbox 988 1777 1017 1817; x_wconf 89' lang='lat' dir='ltr'><strong>se</strong></span> <span class='ocrx_word' id='word_1_242' title='bbox 1030 1761 1232 1833; x_wconf 87' lang='lat' dir='ltr'><strong>conspirationi</strong></span> <span class='ocrx_word' id='word_1_243' title='bbox 1250 1765 1279 1818; x_wconf 90' lang='lat' dir='ltr'><strong>et</strong></span> <span class='ocrx_word' id='word_1_244' title='bbox 1292 1761 1410 1818; x_wconf 85' lang='lat' dir='ltr'><strong>factioni</strong></span> <span class='ocrx_word' id='word_1_245' title='bbox 1428 1761 1490 1834; x_wconf 81' lang='lat' dir='ltr'><strong>ejus</strong></span> <span class='ocrx_word' id='word_1_246' title='bbox 1507 1763 1682 1835; x_wconf 85' lang='lat' dir='ltr'><strong>adjunxerit,</strong></span> <span class='ocrx_word' id='word_1_247' title='bbox 1704 1764 1773 1820; x_wconf 90' lang='lat' dir='ltr'><strong>sciat</strong></span> <span class='ocrx_word' id='word_1_248' title='bbox 1791 1780 1822 1820; x_wconf 90' lang='lat' dir='ltr'><strong>se</strong></span> <span class='ocrx_word' id='word_1_249' title='bbox 1842 1763 1873 1820; x_wconf 95' lang='lat' dir='ltr'><strong>in</strong></span> 
     </span>
     <span class='ocr_line' id='line_1_19' title="bbox 183 1850 1868 1926; baseline 0 -18"><span class='ocrx_word' id='word_1_250' title='bbox 183 1850 307 1908; x_wconf 87' lang='lat' dir='ltr'><strong>Ecclesia</strong></span> <span class='ocrx_word' id='word_1_251' title='bbox 321 1851 471 1908; x_wconf 91' lang='lat' dir='ltr'><strong>nobiscum</strong></span> <span class='ocrx_word' id='word_1_252' title='bbox 484 1867 544 1908; x_wconf 94' lang='lat' dir='ltr'><strong>non</strong></span> <span class='ocrx_word' id='word_1_253' title='bbox 557 1867 619 1906; x_wconf 91' lang='lat' dir='ltr'><strong>esse</strong></span> <span class='ocrx_word' id='word_1_254' title='bbox 632 1852 920 1920; x_wconf 87' lang='lat' dir='ltr'><strong>communicatorum,</strong></span> <span class='ocrx_word' id='word_1_255' title='bbox 934 1850 984 1923; x_wconf 91' lang='lat' dir='ltr'><strong>qai</strong></span> <span class='ocrx_word' id='word_1_256' title='bbox 996 1854 1099 1924; x_wconf 85' lang='lat' dir='ltr'><strong>sponte</strong></span> <span class='ocrx_word' id='word_1_257' title='bbox 1114 1851 1214 1907; x_wconf 75' lang='lat' dir='ltr'><strong>malmt</strong></span> <span class='ocrx_word' id='word_1_258' title='bbox 1232 1852 1268 1907; x_wconf 88' lang='lat' dir='ltr'><strong>ab</strong></span> <span class='ocrx_word' id='word_1_259' title='bbox 1284 1852 1406 1908; x_wconf 87' lang='lat' dir='ltr'><strong>Ecclesia</strong></span> <span class='ocrx_word' id='word_1_260' title='bbox 1425 1853 1563 1926; x_wconf 87' lang='lat' dir='ltr'><strong>separari.</strong></span> <span class='ocrx_word' id='word_1_261' title='bbox 1577 1876 1592 1905; x_wconf 78' lang='lat' dir='ltr'><strong>s</strong></span> <span class='ocrx_word' id='word_1_262' title='bbox 1608 1855 1642 1911; x_wconf 88' lang='lat' dir='ltr'><strong>Et</strong></span> <span class='ocrx_word' id='word_1_263' title='bbox 1656 1855 1687 1912; x_wconf 90' lang='lat' dir='ltr'><strong>in</strong></span> <span class='ocrx_word' id='word_1_264' title='bbox 1706 1853 1794 1926; x_wconf 87' lang='lat' dir='ltr'><strong>Epist.</strong></span> <span class='ocrx_word' id='word_1_265' title='bbox 1811 1871 1847 1910; x_wconf 79' lang='lat' dir='ltr'><strong>xc</strong></span> <span class='ocrx_word' id='word_1_266' title='bbox 1863 1876 1868 1908; x_wconf 95' lang='lat'><strong>:</strong></span> 
     </span>
     <span class='ocr_line' id='line_1_20' title="bbox 187 1937 1871 2017; baseline 0.005 -25"><span class='ocrx_word' id='word_1_267' title='bbox 187 1963 201 1992; x_wconf 76' lang='lat' dir='ltr'><strong>a</strong></span> <span class='ocrx_word' id='word_1_268' title='bbox 216 1941 247 1997; x_wconf 90' lang='lat' dir='ltr'><strong>Si</strong></span> <span class='ocrx_word' id='word_1_269' title='bbox 260 1940 324 2013; x_wconf 90' lang='lat' dir='ltr'><strong>quis</strong></span> <span class='ocrx_word' id='word_1_270' title='bbox 336 1944 434 1996; x_wconf 89' lang='lat' dir='ltr'><strong>autam</strong></span> <span class='ocrx_word' id='word_1_271' title='bbox 447 1937 645 2012; x_wconf 73' lang='lat' dir='ltr'><strong>paenitentiam</strong></span> <span class='ocrx_word' id='word_1_272' title='bbox 660 1955 746 2012; x_wconf 88' lang='lat' dir='ltr'><strong>agera</strong></span> <span class='ocrx_word' id='word_1_273' title='bbox 766 1942 795 1995; x_wconf 91' lang='lat' dir='ltr'><strong>et</strong></span> <span class='ocrx_word' id='word_1_274' title='bbox 810 1939 866 1994; x_wconf 84' lang='lat' dir='ltr'><strong>lleo</strong></span> <span class='ocrx_word' id='word_1_275' title='bbox 887 1939 1049 1996; x_wconf 84' lang='lat' dir='ltr'><strong>satisiacere</strong></span> <span class='ocrx_word' id='word_1_276' title='bbox 1065 1938 1224 1996; x_wconf 90' lang='lat' dir='ltr'><strong>detrectans</strong></span> <span class='ocrx_word' id='word_1_277' title='bbox 1237 1941 1274 1996; x_wconf 90' lang='lat' dir='ltr'><strong>ad</strong></span> <span class='ocrx_word' id='word_1_278' title='bbox 1289 1941 1451 1998; x_wconf 84' lang='lat' dir='ltr'><strong>Felicissimi</strong></span> <span class='ocrx_word' id='word_1_279' title='bbox 1469 1945 1498 1998; x_wconf 89' lang='lat' dir='ltr'><strong>et</strong></span> <span class='ocrx_word' id='word_1_280' title='bbox 1516 1941 1670 2000; x_wconf 85' lang='lat' dir='ltr'><strong>satellitum</strong></span> <span class='ocrx_word' id='word_1_281' title='bbox 1691 1945 1753 2015; x_wconf 88' lang='lat' dir='ltr'><strong>ejus</strong></span> <span class='ocrx_word' id='word_1_282' title='bbox 1775 1947 1871 2017; x_wconf 88' lang='lat' dir='ltr'><strong>partes</strong></span> 
     </span>
     <span class='ocr_line' id='line_1_21' title="bbox 184 2026 1872 2105; baseline 0.002 -21"><span class='ocrx_word' id='word_1_283' title='bbox 184 2027 365 2098; x_wconf 88' lang='lat' dir='ltr'><strong>concesserit,</strong></span> <span class='ocrx_word' id='word_1_284' title='bbox 380 2030 453 2083; x_wconf 91' lang='lat' dir='ltr'><strong>etse</strong></span> <span class='ocrx_word' id='word_1_285' title='bbox 475 2028 619 2084; x_wconf 77' lang='lat' dir='ltr'><strong>haereticae</strong></span> <span class='ocrx_word' id='word_1_286' title='bbox 643 2026 757 2084; x_wconf 84' lang='lat' dir='ltr'><strong>lectioni</strong></span> <span class='ocrx_word' id='word_1_287' title='bbox 779 2027 965 2100; x_wconf 87' lang='lat' dir='ltr'><strong>conjunxerit,</strong></span> <span class='ocrx_word' id='word_1_288' title='bbox 987 2027 1057 2084; x_wconf 91' lang='lat' dir='ltr'><strong>sciat</strong></span> <span class='ocrx_word' id='word_1_289' title='bbox 1076 2044 1106 2083; x_wconf 90' lang='lat' dir='ltr'><strong>se</strong></span> <span class='ocrx_word' id='word_1_290' title='bbox 1121 2034 1219 2099; x_wconf 84' lang='lat' dir='ltr'><strong>postea</strong></span> <span class='ocrx_word' id='word_1_291' title='bbox 1239 2029 1277 2084; x_wconf 91' lang='lat' dir='ltr'><strong>ad</strong></span> <span class='ocrx_word' id='word_1_292' title='bbox 1292 2030 1447 2087; x_wconf 84' lang='lat' dir='ltr'><strong>Ecclesiam</strong></span> <span class='ocrx_word' id='word_1_293' title='bbox 1469 2029 1576 2100; x_wconf 90' lang='lat' dir='ltr'><strong>redire,</strong></span> <span class='ocrx_word' id='word_1_294' title='bbox 1592 2037 1620 2087; x_wconf 94' lang='lat' dir='ltr'><strong>et</strong></span> <span class='ocrx_word' id='word_1_295' title='bbox 1643 2048 1709 2087; x_wconf 91' lang='lat' dir='ltr'><strong>curn</strong></span> <span class='ocrx_word' id='word_1_296' title='bbox 1732 2031 1872 2105; x_wconf 87' lang='lat' dir='ltr'><strong>episcopis</strong></span> 
     </span>
     <span class='ocr_line' id='line_1_22' title="bbox 186 2115 1871 2192; baseline 0.003 -20"><span class='ocrx_word' id='word_1_297' title='bbox 186 2123 215 2175; x_wconf 90' lang='lat' dir='ltr'><strong>et</strong></span> <span class='ocrx_word' id='word_1_298' title='bbox 232 2117 317 2190; x_wconf 90' lang='lat' dir='ltr'><strong>plebe</strong></span> <span class='ocrx_word' id='word_1_299' title='bbox 331 2115 437 2172; x_wconf 87' lang='lat' dir='ltr'><strong>Christi</strong></span> <span class='ocrx_word' id='word_1_300' title='bbox 450 2116 662 2172; x_wconf 89' lang='lat' dir='ltr'><strong>communicare</strong></span> <span class='ocrx_word' id='word_1_301' title='bbox 675 2132 734 2172; x_wconf 93' lang='lat' dir='ltr'><strong>non</strong></span> <span class='ocrx_word' id='word_1_302' title='bbox 749 2131 841 2186; x_wconf 91' lang='lat' dir='ltr'><strong>posse.</strong></span> <span class='ocrx_word' id='word_1_303' title='bbox 856 2137 871 2167; x_wconf 91' lang='lat'>»</span> <span class='ocrx_word' id='word_1_304' title='bbox 886 2117 941 2172; x_wconf 84' lang='lat' dir='ltr'><strong>llas</strong></span> <span class='ocrx_word' id='word_1_305' title='bbox 956 2115 1051 2172; x_wconf 85' lang='lat' dir='ltr'><strong>mines</strong></span> <span class='ocrx_word' id='word_1_306' title='bbox 1063 2133 1121 2172; x_wconf 93' lang='lat' dir='ltr'><strong>non</strong></span> <span class='ocrx_word' id='word_1_307' title='bbox 1136 2116 1254 2172; x_wconf 90' lang='lat' dir='ltr'><strong>omnino</strong></span> <span class='ocrx_word' id='word_1_308' title='bbox 1267 2117 1297 2172; x_wconf 92' lang='lat' dir='ltr'><strong>in</strong></span> <span class='ocrx_word' id='word_1_309' title='bbox 1311 2134 1371 2174; x_wconf 90' lang='lat' dir='ltr'><strong>rem</strong></span> <span class='ocrx_word' id='word_1_310' title='bbox 1393 2119 1515 2176; x_wconf 89' lang='lat' dir='ltr'><strong>contulit</strong></span> <span class='ocrx_word' id='word_1_311' title='bbox 1534 2118 1701 2192; x_wconf 86' lang='lat' dir='ltr'><strong>Cyprianus.</strong></span> <span class='ocrx_word' id='word_1_312' title='bbox 1717 2121 1777 2191; x_wconf 87' lang='lat' dir='ltr'><strong>lpse</strong></span> <span class='ocrx_word' id='word_1_313' title='bbox 1792 2122 1871 2176; x_wconf 89' lang='lat' dir='ltr'><strong>enim</strong></span> 
     </span>
     <span class='ocr_line' id='line_1_23' title="bbox 183 2204 1873 2281; baseline 0.002 -19"><span class='ocrx_word' id='word_1_314' title='bbox 183 2211 301 2262; x_wconf 90' lang='lat' dir='ltr'><strong>testator</strong></span> <span class='ocrx_word' id='word_1_315' title='bbox 322 2204 353 2262; x_wconf 92' lang='lat' dir='ltr'><strong>in</strong></span> <span class='ocrx_word' id='word_1_316' title='bbox 370 2204 458 2278; x_wconf 90' lang='lat' dir='ltr'><strong>Epist.</strong></span> <span class='ocrx_word' id='word_1_317' title='bbox 483 2221 526 2274; x_wconf 83' lang='lat' dir='ltr'><strong>nv,</strong></span> <span class='ocrx_word' id='word_1_318' title='bbox 548 2205 654 2262; x_wconf 88' lang='lat' dir='ltr'><strong>multos</strong></span> <span class='ocrx_word' id='word_1_319' title='bbox 667 2220 684 2259; x_wconf 92' lang='lat' dir='ltr'><strong>a</strong></span> <span class='ocrx_word' id='word_1_320' title='bbox 699 2220 728 2260; x_wconf 89' lang='lat' dir='ltr'><strong>se</strong></span> <span class='ocrx_word' id='word_1_321' title='bbox 750 2221 764 2260; x_wconf 91' lang='lat' dir='ltr'><strong>e</strong></span> <span class='ocrx_word' id='word_1_322' title='bbox 785 2204 938 2260; x_wconf 88' lang='lat' dir='ltr'><strong>schismate</strong></span> <span class='ocrx_word' id='word_1_323' title='bbox 959 2205 1113 2260; x_wconf 90' lang='lat' dir='ltr'><strong>redeuntes</strong></span> <span class='ocrx_word' id='word_1_324' title='bbox 1135 2221 1197 2262; x_wconf 91' lang='lat' dir='ltr'><strong>esse</strong></span> <span class='ocrx_word' id='word_1_325' title='bbox 1217 2210 1372 2278; x_wconf 88' lang='lat' dir='ltr'><strong>susceptos,</strong></span> <span class='ocrx_word' id='word_1_326' title='bbox 1393 2224 1426 2263; x_wconf 92' lang='lat' dir='ltr'><strong>ae</strong></span> <span class='ocrx_word' id='word_1_327' title='bbox 1447 2208 1561 2280; x_wconf 89' lang='lat' dir='ltr'><strong>plebem</strong></span> <span class='ocrx_word' id='word_1_328' title='bbox 1584 2209 1712 2281; x_wconf 89' lang='lat' dir='ltr'><strong>gaudere</strong></span> <span class='ocrx_word' id='word_1_329' title='bbox 1734 2213 1763 2264; x_wconf 91' lang='lat' dir='ltr'><strong>et</strong></span> <span class='ocrx_word' id='word_1_330' title='bbox 1781 2209 1873 2266; x_wconf 76' lang='lat' dir='ltr'><strong>laetari</strong></span> 
     </span>
     <span class='ocr_line' id='line_1_24' title="bbox 182 2292 1871 2370; baseline 0.001 -18"><span class='ocrx_word' id='word_1_331' title='bbox 182 2296 296 2353; x_wconf 89' lang='lat' dir='ltr'><strong>solitam</strong></span> <span class='ocrx_word' id='word_1_332' title='bbox 318 2311 384 2352; x_wconf 90' lang='lat' dir='ltr'><strong>oum</strong></span> <span class='ocrx_word' id='word_1_333' title='bbox 398 2316 412 2347; x_wconf 79' lang='lat' dir='ltr'><strong>a</strong></span> <span class='ocrx_word' id='word_1_334' title='bbox 427 2295 586 2352; x_wconf 89' lang='lat' dir='ltr'><strong>tolerabiles</strong></span> <span class='ocrx_word' id='word_1_335' title='bbox 599 2299 629 2350; x_wconf 91' lang='lat' dir='ltr'><strong>et</strong></span> <span class='ocrx_word' id='word_1_336' title='bbox 642 2294 738 2349; x_wconf 91' lang='lat' dir='ltr'><strong>minus</strong></span> <span class='ocrx_word' id='word_1_337' title='bbox 760 2292 945 2366; x_wconf 85' lang='lat' dir='ltr'><strong>culpabiles»</strong></span> <span class='ocrx_word' id='word_1_338' title='bbox 962 2293 1098 2348; x_wconf 88' lang='lat' dir='ltr'><strong>redirent.</strong></span> <span class='ocrx_word' id='word_1_339' title='bbox 1121 2293 1195 2359; x_wconf 80' lang='lat' dir='ltr'><strong>Quin</strong></span> <span class='ocrx_word' id='word_1_340' title='bbox 1216 2293 1303 2351; x_wconf 88' lang='lat' dir='ltr'><strong>etiam</strong></span> <span class='ocrx_word' id='word_1_341' title='bbox 1323 2295 1398 2366; x_wconf 93' lang='lat' dir='ltr'><strong>plebi</strong></span> <span class='ocrx_word' id='word_1_342' title='bbox 1417 2295 1566 2352; x_wconf 88' lang='lat' dir='ltr'><strong>interdum</strong></span> <span class='ocrx_word' id='word_1_343' title='bbox 1587 2297 1789 2370; x_wconf 88' lang='lat' dir='ltr'><strong>persuadebat,</strong></span> <span class='ocrx_word' id='word_1_344' title='bbox 1812 2299 1871 2354; x_wconf 89' lang='lat' dir='ltr'><strong>imo</strong></span> 
     </span>
     <span class='ocr_line' id='line_1_25' title="bbox 183 2382 1869 2460; baseline -0.003 -15"><span class='ocrx_word' id='word_1_345' title='bbox 183 2385 380 2460; x_wconf 81' lang='lat' dir='ltr'><strong>extorquebat,</strong></span> <span class='ocrx_word' id='word_1_346' title='bbox 394 2389 427 2442; x_wconf 90' lang='lat' dir='ltr'><strong>ut</strong></span> <span class='ocrx_word' id='word_1_347' title='bbox 438 2401 474 2443; x_wconf 82' lang='lat' dir='ltr'><strong>ax</strong></span> <span class='ocrx_word' id='word_1_348' title='bbox 488 2386 523 2444; x_wconf 90' lang='lat' dir='ltr'><strong>iis</strong></span> <span class='ocrx_word' id='word_1_349' title='bbox 538 2385 587 2458; x_wconf 92' lang='lat' dir='ltr'><strong>qui</strong></span> <span class='ocrx_word' id='word_1_350' title='bbox 607 2384 834 2441; x_wconf 88' lang='lat' dir='ltr'><strong>inemendabiles</strong></span> <span class='ocrx_word' id='word_1_351' title='bbox 855 2387 884 2439; x_wconf 92' lang='lat' dir='ltr'><strong>et</strong></span> <span class='ocrx_word' id='word_1_352' title='bbox 898 2382 1022 2454; x_wconf 85' lang='lat' dir='ltr'><strong>protervi</strong></span> <span class='ocrx_word' id='word_1_353' title='bbox 1035 2387 1127 2452; x_wconf 90' lang='lat' dir='ltr'><strong>erant,</strong></span> <span class='ocrx_word' id='word_1_354' title='bbox 1149 2382 1281 2438; x_wconf 91' lang='lat' dir='ltr'><strong>nonnulli</strong></span> <span class='ocrx_word' id='word_1_355' title='bbox 1297 2383 1527 2455; x_wconf 81' lang='lat' dir='ltr'><strong>suscipereutar3</strong></span> <span class='ocrx_word' id='word_1_356' title='bbox 1551 2390 1580 2441; x_wconf 91' lang='lat' dir='ltr'><strong>at</strong></span> <span class='ocrx_word' id='word_1_357' title='bbox 1599 2402 1673 2441; x_wconf 77' lang='lat' dir='ltr'><strong>untes</strong></span> <span class='ocrx_word' id='word_1_358' title='bbox 1689 2390 1774 2458; x_wconf 88' lang='lat' dir='ltr'><strong>etque</strong></span> <span class='ocrx_word' id='word_1_359' title='bbox 1787 2385 1869 2451; x_wconf 90' lang='lat' dir='ltr'><strong>alius,</strong></span> 
     </span>
     <span class='ocr_line' id='line_1_26' title="bbox 186 2471 1869 2550; baseline -0.002 -18"><span class='ocrx_word' id='word_1_360' title='bbox 186 2477 335 2534; x_wconf 90' lang='lat' dir='ltr'><strong>obnitente</strong></span> <span class='ocrx_word' id='word_1_361' title='bbox 346 2475 427 2550; x_wconf 88' lang='lat' dir='ltr'><strong>plebe</strong></span> <span class='ocrx_word' id='word_1_362' title='bbox 438 2479 468 2533; x_wconf 89' lang='lat' dir='ltr'><strong>et</strong></span> <span class='ocrx_word' id='word_1_363' title='bbox 477 2473 837 2548; x_wconf 89' lang='lat' dir='ltr'><strong>contradicente,Cypriani</strong></span> <span class='ocrx_word' id='word_1_364' title='bbox 847 2479 943 2528; x_wconf 86' lang='lat' dir='ltr'><strong>tamen</strong></span> <span class='ocrx_word' id='word_1_365' title='bbox 957 2471 1091 2527; x_wconf 80' lang='lat' dir='ltr'><strong>facilitate</strong></span> <span class='ocrx_word' id='word_1_366' title='bbox 1105 2471 1239 2543; x_wconf 88' lang='lat' dir='ltr'><strong>suscepti,</strong></span> <span class='ocrx_word' id='word_1_367' title='bbox 1251 2472 1362 2545; x_wconf 83' lang='lat' dir='ltr'><strong>pejores</strong></span> <span class='ocrx_word' id='word_1_368' title='bbox 1375 2472 1544 2531; x_wconf 88' lang='lat' dir='ltr'><strong>exstiterunt</strong></span> <span class='ocrx_word' id='word_1_369' title='bbox 1555 2489 1642 2546; x_wconf 90' lang='lat' dir='ltr'><strong>quam</strong></span> <span class='ocrx_word' id='word_1_370' title='bbox 1656 2475 1733 2546; x_wconf 89' lang='lat' dir='ltr'><strong>prius</strong></span> <span class='ocrx_word' id='word_1_371' title='bbox 1747 2475 1869 2532; x_wconf 84' lang='lat' dir='ltr'><strong>luerent.</strong></span> 
     </span>
     <span class='ocr_line' id='line_1_27' title="bbox 182 2559 1869 2640; baseline -0.004 -15"><span class='ocrx_word' id='word_1_372' title='bbox 182 2569 246 2626; x_wconf 84' lang='lat' dir='ltr'><strong>lton</strong></span> <span class='ocrx_word' id='word_1_373' title='bbox 258 2567 381 2625; x_wconf 88' lang='lat' dir='ltr'><strong>absimili</strong></span> <span class='ocrx_word' id='word_1_374' title='bbox 394 2569 534 2625; x_wconf 87' lang='lat' dir='ltr'><strong>sententia</strong></span> <span class='ocrx_word' id='word_1_375' title='bbox 547 2567 705 2640; x_wconf 81' lang='lat' dir='ltr'><strong>Cyprianus</strong></span> <span class='ocrx_word' id='word_1_376' title='bbox 723 2582 789 2621; x_wconf 90' lang='lat' dir='ltr'><strong>cam</strong></span> <span class='ocrx_word' id='word_1_377' title='bbox 801 2565 931 2638; x_wconf 90' lang='lat' dir='ltr'><strong>pluribus</strong></span> <span class='ocrx_word' id='word_1_378' title='bbox 944 2564 1008 2620; x_wconf 90' lang='lat' dir='ltr'><strong>aliis</strong></span> <span class='ocrx_word' id='word_1_379' title='bbox 1023 2563 1163 2636; x_wconf 88' lang='lat' dir='ltr'><strong>episcopis</strong></span> <span class='ocrx_word' id='word_1_380' title='bbox 1176 2561 1212 2618; x_wconf 89' lang='lat' dir='ltr'><strong>de</strong></span> <span class='ocrx_word' id='word_1_381' title='bbox 1227 2559 1386 2633; x_wconf 88' lang='lat' dir='ltr'><strong>virginibus</strong></span> <span class='ocrx_word' id='word_1_382' title='bbox 1406 2578 1471 2634; x_wconf 81' lang='lat' dir='ltr'><strong>quoe</strong></span> <span class='ocrx_word' id='word_1_383' title='bbox 1488 2579 1554 2618; x_wconf 91' lang='lat' dir='ltr'><strong>cum</strong></span> <span class='ocrx_word' id='word_1_384' title='bbox 1570 2564 1703 2618; x_wconf 88' lang='lat' dir='ltr'><strong>masculis</strong></span> <span class='ocrx_word' id='word_1_385' title='bbox 1719 2564 1747 2618; x_wconf 92' lang='lat' dir='ltr'><strong>in</strong></span> <span class='ocrx_word' id='word_1_386' title='bbox 1769 2564 1869 2620; x_wconf 89' lang='lat' dir='ltr'><strong>eodem</strong></span> 
     </span>
     <span class='ocr_line' id='line_1_28' title="bbox 182 2651 1869 2733; baseline -0.004 -19"><span class='ocrx_word' id='word_1_387' title='bbox 182 2659 254 2716; x_wconf 90' lang='lat' dir='ltr'><strong>lecto</strong></span> <span class='ocrx_word' id='word_1_388' title='bbox 272 2658 462 2733; x_wconf 83' lang='lat' dir='ltr'><strong>deprehensae</strong></span> <span class='ocrx_word' id='word_1_389' title='bbox 481 2658 605 2727; x_wconf 83' lang='lat' dir='ltr'><strong>luerent,</strong></span> <span class='ocrx_word' id='word_1_390' title='bbox 621 2657 660 2712; x_wconf 93' lang='lat' dir='ltr'><strong>sic</strong></span> <span class='ocrx_word' id='word_1_391' title='bbox 680 2655 818 2712; x_wconf 88' lang='lat' dir='ltr'><strong>decernit.</strong></span> <span class='ocrx_word' id='word_1_392' title='bbox 837 2654 944 2720; x_wconf 81' lang='lat' dir='ltr'><strong>«Quod</strong></span> <span class='ocrx_word' id='word_1_393' title='bbox 966 2653 990 2708; x_wconf 87' lang='lat' dir='ltr'><strong>si</strong></span> <span class='ocrx_word' id='word_1_394' title='bbox 1011 2653 1152 2708; x_wconf 87' lang='lat' dir='ltr'><strong>obstinate</strong></span> <span class='ocrx_word' id='word_1_395' title='bbox 1177 2651 1368 2724; x_wconf 84' lang='lat' dir='ltr'><strong>perseverant,</strong></span> <span class='ocrx_word' id='word_1_396' title='bbox 1391 2667 1443 2706; x_wconf 91' lang='lat' dir='ltr'><strong>nec</strong></span> <span class='ocrx_word' id='word_1_397' title='bbox 1466 2668 1495 2706; x_wconf 89' lang='lat' dir='ltr'><strong>se</strong></span> <span class='ocrx_word' id='word_1_398' title='bbox 1520 2652 1555 2708; x_wconf 95' lang='lat' dir='ltr'><strong>ab</strong></span> <span class='ocrx_word' id='word_1_399' title='bbox 1577 2653 1700 2708; x_wconf 84' lang='lat' dir='ltr'><strong>invicem</strong></span> <span class='ocrx_word' id='word_1_400' title='bbox 1724 2660 1869 2725; x_wconf 90' lang='lat' dir='ltr'><strong>separant,</strong></span> 
     </span>
     <span class='ocr_line' id='line_1_29' title="bbox 183 2739 1871 2818; baseline -0.001 -16"><span class='ocrx_word' id='word_1_401' title='bbox 183 2747 276 2803; x_wconf 89' lang='lat' dir='ltr'><strong>sciant</strong></span> <span class='ocrx_word' id='word_1_402' title='bbox 288 2763 317 2804; x_wconf 90' lang='lat' dir='ltr'><strong>se</strong></span> <span class='ocrx_word' id='word_1_403' title='bbox 329 2763 395 2804; x_wconf 91' lang='lat' dir='ltr'><strong>cum</strong></span> <span class='ocrx_word' id='word_1_404' title='bbox 408 2747 463 2804; x_wconf 91' lang='lat' dir='ltr'><strong>hac</strong></span> <span class='ocrx_word' id='word_1_405' title='bbox 475 2763 527 2804; x_wconf 92' lang='lat' dir='ltr'><strong>sua</strong></span> <span class='ocrx_word' id='word_1_406' title='bbox 540 2746 684 2818; x_wconf 89' lang='lat' dir='ltr'><strong>impudica</strong></span> <span class='ocrx_word' id='word_1_407' title='bbox 702 2743 893 2802; x_wconf 90' lang='lat' dir='ltr'><strong>obstinatione</strong></span> <span class='ocrx_word' id='word_1_408' title='bbox 908 2757 1055 2814; x_wconf 88' lang='lat' dir='ltr'><strong>nunquam</strong></span> <span class='ocrx_word' id='word_1_409' title='bbox 1073 2759 1090 2798; x_wconf 93' lang='lat' dir='ltr'><strong>a</strong></span> <span class='ocrx_word' id='word_1_410' title='bbox 1108 2741 1193 2797; x_wconf 90' lang='lat' dir='ltr'><strong>nobis</strong></span> <span class='ocrx_word' id='word_1_411' title='bbox 1212 2739 1326 2796; x_wconf 88' lang='lat' dir='ltr'><strong>admitti</strong></span> <span class='ocrx_word' id='word_1_412' title='bbox 1339 2739 1370 2795; x_wconf 92' lang='lat' dir='ltr'><strong>in</strong></span> <span class='ocrx_word' id='word_1_413' title='bbox 1383 2741 1536 2797; x_wconf 89' lang='lat' dir='ltr'><strong>Ecclesiam</strong></span> <span class='ocrx_word' id='word_1_414' title='bbox 1551 2758 1644 2813; x_wconf 88' lang='lat' dir='ltr'><strong>posse,</strong></span> <span class='ocrx_word' id='word_1_415' title='bbox 1658 2759 1694 2799; x_wconf 92' lang='lat' dir='ltr'><strong>ue</strong></span> <span class='ocrx_word' id='word_1_416' title='bbox 1708 2743 1871 2814; x_wconf 84' lang='lat' dir='ltr'><strong>exemplum</strong></span> 
     </span>
     <span class='ocr_line' id='line_1_30' title="bbox 184 2827 1872 2904; baseline -0.004 -12"><span class='ocrx_word' id='word_1_417' title='bbox 184 2836 297 2892; x_wconf 77' lang='lat' dir='ltr'><strong>ceteris</strong></span> <span class='ocrx_word' id='word_1_418' title='bbox 319 2837 355 2893; x_wconf 86' lang='lat' dir='ltr'><strong>ad</strong></span> <span class='ocrx_word' id='word_1_419' title='bbox 376 2837 489 2894; x_wconf 90' lang='lat' dir='ltr'><strong>ruinam</strong></span> <span class='ocrx_word' id='word_1_420' title='bbox 510 2834 622 2892; x_wconf 88' lang='lat' dir='ltr'><strong>delictis</strong></span> <span class='ocrx_word' id='word_1_421' title='bbox 638 2835 697 2890; x_wconf 90' lang='lat' dir='ltr'><strong>auis</strong></span> <span class='ocrx_word' id='word_1_422' title='bbox 715 2832 807 2890; x_wconf 85' lang='lat' dir='ltr'><strong>facere</strong></span> <span class='ocrx_word' id='word_1_423' title='bbox 827 2831 972 2904; x_wconf 89' lang='lat' dir='ltr'><strong>incipiant.</strong></span> <span class='ocrx_word' id='word_1_424' title='bbox 990 2851 1004 2881; x_wconf 81' lang='lat' dir='ltr'><strong>s</strong></span> <span class='ocrx_word' id='word_1_425' title='bbox 1018 2829 1116 2887; x_wconf 89' lang='lat' dir='ltr'><strong>llerito</strong></span> <span class='ocrx_word' id='word_1_426' title='bbox 1141 2827 1290 2884; x_wconf 91' lang='lat' dir='ltr'><strong>obstinatis</strong></span> <span class='ocrx_word' id='word_1_427' title='bbox 1314 2828 1456 2900; x_wconf 87' lang='lat' dir='ltr'><strong>ejusmodi</strong></span> <span class='ocrx_word' id='word_1_428' title='bbox 1481 2831 1689 2902; x_wconf 89' lang='lat' dir='ltr'><strong>peccatoribus,</strong></span> <span class='ocrx_word' id='word_1_429' title='bbox 1715 2830 1817 2887; x_wconf 89' lang='lat' dir='ltr'><strong>itidem</strong></span> <span class='ocrx_word' id='word_1_430' title='bbox 1839 2834 1872 2886; x_wconf 88' lang='lat' dir='ltr'><strong>ut</strong></span> 
     </span>
     <span class='ocr_line' id='line_1_31' title="bbox 183 2917 1872 2998; baseline -0.005 -16"><span class='ocrx_word' id='word_1_431' title='bbox 183 2926 377 2998; x_wconf 89' lang='lat' dir='ltr'><strong>pertinacibus</strong></span> <span class='ocrx_word' id='word_1_432' title='bbox 389 2925 584 2992; x_wconf 90' lang='lat' dir='ltr'><strong>schismaticis,</strong></span> <span class='ocrx_word' id='word_1_433' title='bbox 599 2940 656 2980; x_wconf 92' lang='lat' dir='ltr'><strong>non</strong></span> <span class='ocrx_word' id='word_1_434' title='bbox 671 2921 757 2978; x_wconf 90' lang='lat' dir='ltr'><strong>modo</strong></span> <span class='ocrx_word' id='word_1_435' title='bbox 771 2922 864 2989; x_wconf 82' lang='lat' dir='ltr'><strong>venia,</strong></span> <span class='ocrx_word' id='word_1_436' title='bbox 882 2920 933 2996; x_wconf 81' lang='lat' dir='ltr'><strong>sed</strong></span> <span class='ocrx_word' id='word_1_437' title='bbox 947 2919 1033 2975; x_wconf 88' lang='lat' dir='ltr'><strong>etiam</strong></span> <span class='ocrx_word' id='word_1_438' title='bbox 1053 2917 1187 2973; x_wconf 89' lang='lat' dir='ltr'><strong>introitus</strong></span> <span class='ocrx_word' id='word_1_439' title='bbox 1201 2917 1230 2974; x_wconf 92' lang='lat' dir='ltr'><strong>in</strong></span> <span class='ocrx_word' id='word_1_440' title='bbox 1244 2917 1392 2974; x_wconf 89' lang='lat' dir='ltr'><strong>ecclesiam</strong></span> <span class='ocrx_word' id='word_1_441' title='bbox 1407 2919 1574 2991; x_wconf 79' lang='lat' dir='ltr'><strong>negabatur.</strong></span> <span class='ocrx_word' id='word_1_442' title='bbox 1590 2919 1646 2976; x_wconf 90' lang='lat' dir='ltr'><strong>Sed</strong></span> <span class='ocrx_word' id='word_1_443' title='bbox 1657 2920 1680 2975; x_wconf 94' lang='lat' dir='ltr'><strong>si</strong></span> <span class='ocrx_word' id='word_1_444' title='bbox 1692 2935 1756 2976; x_wconf 89' lang='lat' dir='ltr'><strong>cum</strong></span> <span class='ocrx_word' id='word_1_445' title='bbox 1771 2920 1872 2976; x_wconf 90' lang='lat' dir='ltr'><strong>debitis</strong></span> 
     </span>
     <span class='ocr_line' id='line_1_32' title="bbox 184 3005 1872 3087; baseline -0.004 -16"><span class='ocrx_word' id='word_1_446' title='bbox 184 3015 312 3072; x_wconf 81' lang='lat' dir='ltr'><strong>conversi</strong></span> <span class='ocrx_word' id='word_1_447' title='bbox 333 3013 427 3072; x_wconf 91' lang='lat' dir='ltr'><strong>cordis</strong></span> <span class='ocrx_word' id='word_1_448' title='bbox 450 3013 705 3087; x_wconf 83' lang='lat' dir='ltr'><strong>significationibus</strong></span> <span class='ocrx_word' id='word_1_449' title='bbox 726 3009 886 3078; x_wconf 89' lang='lat' dir='ltr'><strong>rediissent,</strong></span> <span class='ocrx_word' id='word_1_450' title='bbox 909 3023 942 3062; x_wconf 88' lang='lat' dir='ltr'><strong>ac</strong></span> <span class='ocrx_word' id='word_1_451' title='bbox 964 3006 1014 3062; x_wconf 89' lang='lat' dir='ltr'><strong>diu</strong></span> <span class='ocrx_word' id='word_1_452' title='bbox 1034 3007 1215 3078; x_wconf 90' lang='lat' dir='ltr'><strong>multumque</strong></span> <span class='ocrx_word' id='word_1_453' title='bbox 1237 3005 1313 3062; x_wconf 86' lang='lat' dir='ltr'><strong>iores</strong></span> <span class='ocrx_word' id='word_1_454' title='bbox 1335 3007 1466 3062; x_wconf 73' lang='lat' dir='ltr'><strong>Ecclesia</strong></span> <span class='ocrx_word' id='word_1_455' title='bbox 1484 3006 1654 3079; x_wconf 85' lang='lat' dir='ltr'><strong>pulsassent,</strong></span> <span class='ocrx_word' id='word_1_456' title='bbox 1677 3023 1734 3063; x_wconf 92' lang='lat' dir='ltr'><strong>non</strong></span> <span class='ocrx_word' id='word_1_457' title='bbox 1753 3007 1872 3064; x_wconf 90' lang='lat' dir='ltr'><strong>dubium</strong></span> 
     </span>
     <span class='ocr_line' id='line_1_33' title="bbox 180 3094 1869 3177; baseline -0.004 -18"><span class='ocrx_word' id='word_1_458' title='bbox 180 3105 250 3176; x_wconf 90' lang='lat' dir='ltr'><strong>quin</strong></span> <span class='ocrx_word' id='word_1_459' title='bbox 270 3121 317 3160; x_wconf 89' lang='lat' dir='ltr'><strong>eos</strong></span> <span class='ocrx_word' id='word_1_460' title='bbox 332 3108 453 3177; x_wconf 87' lang='lat' dir='ltr'><strong>paterno</strong></span> <span class='ocrx_word' id='word_1_461' title='bbox 471 3105 535 3160; x_wconf 90' lang='lat' dir='ltr'><strong>sinu</strong></span> <span class='ocrx_word' id='word_1_462' title='bbox 552 3103 709 3175; x_wconf 84' lang='lat' dir='ltr'><strong>excepisset</strong></span> <span class='ocrx_word' id='word_1_463' title='bbox 727 3101 883 3172; x_wconf 89' lang='lat' dir='ltr'><strong>Cyprianus</strong></span> <span class='ocrx_word' id='word_1_464' title='bbox 903 3102 933 3153; x_wconf 90' lang='lat' dir='ltr'><strong>et</strong></span> <span class='ocrx_word' id='word_1_465' title='bbox 953 3096 990 3151; x_wconf 92' lang='lat' dir='ltr'><strong>ad</strong></span> <span class='ocrx_word' id='word_1_466' title='bbox 1010 3095 1205 3168; x_wconf 76' lang='lat' dir='ltr'><strong>paenitentiam</strong></span> <span class='ocrx_word' id='word_1_467' title='bbox 1227 3094 1397 3151; x_wconf 87' lang='lat' dir='ltr'><strong>admisisset.</strong></span> <span class='ocrx_word' id='word_1_468' title='bbox 1424 3095 1512 3167; x_wconf 91' lang='lat' dir='ltr'><strong>lgitur</strong></span> <span class='ocrx_word' id='word_1_469' title='bbox 1534 3095 1722 3153; x_wconf 82' lang='lat' dir='ltr'><strong>Felicissimae</strong></span> <span class='ocrx_word' id='word_1_470' title='bbox 1747 3097 1869 3170; x_wconf 88' lang='lat' dir='ltr'><strong>ejusque</strong></span> 
     </span>
     <span class='ocr_line' id='line_1_34' title="bbox 179 3185 1872 3266; baseline -0.005 -17"><span class='ocrx_word' id='word_1_471' title='bbox 179 3193 318 3266; x_wconf 73' lang='lat' dir='ltr'><strong>precipui</strong></span> <span class='ocrx_word' id='word_1_472' title='bbox 337 3199 489 3249; x_wconf 86' lang='lat' dir='ltr'><strong>sectatores</strong></span> <span class='ocrx_word' id='word_1_473' title='bbox 508 3209 574 3249; x_wconf 88' lang='lat' dir='ltr'><strong>cum</strong></span> <span class='ocrx_word' id='word_1_474' title='bbox 595 3191 726 3248; x_wconf 87' lang='lat' dir='ltr'><strong>homines</strong></span> <span class='ocrx_word' id='word_1_475' title='bbox 743 3193 839 3246; x_wconf 88' lang='lat' dir='ltr'><strong>essent</strong></span> <span class='ocrx_word' id='word_1_476' title='bbox 858 3187 895 3242; x_wconf 92' lang='lat' dir='ltr'><strong>ad</strong></span> <span class='ocrx_word' id='word_1_477' title='bbox 918 3201 1005 3242; x_wconf 89' lang='lat' dir='ltr'><strong>omne</strong></span> <span class='ocrx_word' id='word_1_478' title='bbox 1027 3185 1119 3241; x_wconf 91' lang='lat' dir='ltr'><strong>scelos</strong></span> <span class='ocrx_word' id='word_1_479' title='bbox 1142 3185 1244 3257; x_wconf 88' lang='lat' dir='ltr'><strong>parati,</strong></span> <span class='ocrx_word' id='word_1_480' title='bbox 1267 3201 1326 3240; x_wconf 92' lang='lat' dir='ltr'><strong>non</strong></span> <span class='ocrx_word' id='word_1_481' title='bbox 1350 3185 1521 3242; x_wconf 87' lang='lat' dir='ltr'><strong>discessisset</strong></span> <span class='ocrx_word' id='word_1_482' title='bbox 1544 3187 1580 3242; x_wconf 89' lang='lat' dir='ltr'><strong>ab</strong></span> <span class='ocrx_word' id='word_1_483' title='bbox 1604 3186 1734 3242; x_wconf 77' lang='lat' dir='ltr'><strong>Ecclesiae</strong></span> <span class='ocrx_word' id='word_1_484' title='bbox 1763 3186 1872 3258; x_wconf 92' lang='lat' dir='ltr'><strong>regulis</strong></span> 
     </span>
     <span class='ocr_line' id='line_1_35' title="bbox 179 3272 1870 3353; baseline -0.006 -15"><span class='ocrx_word' id='word_1_485' title='bbox 179 3280 348 3353; x_wconf 83' lang='lat' dir='ltr'><strong>Cyprianus,</strong></span> <span class='ocrx_word' id='word_1_486' title='bbox 363 3280 385 3336; x_wconf 92' lang='lat' dir='ltr'><strong>si</strong></span> <span class='ocrx_word' id='word_1_487' title='bbox 397 3295 513 3337; x_wconf 89' lang='lat' dir='ltr'><strong>omnem</strong></span> <span class='ocrx_word' id='word_1_488' title='bbox 527 3281 581 3336; x_wconf 90' lang='lat' dir='ltr'><strong>illis</strong></span> <span class='ocrx_word' id='word_1_489' title='bbox 594 3281 623 3336; x_wconf 92' lang='lat' dir='ltr'><strong>in</strong></span> <span class='ocrx_word' id='word_1_490' title='bbox 636 3277 789 3334; x_wconf 88' lang='lat' dir='ltr'><strong>Ecclesiam</strong></span> <span class='ocrx_word' id='word_1_491' title='bbox 802 3275 927 3331; x_wconf 89' lang='lat' dir='ltr'><strong>raditum</strong></span> <span class='ocrx_word' id='word_1_492' title='bbox 940 3273 1151 3346; x_wconf 77' lang='lat' dir='ltr'><strong>praelusisset:</strong></span> <span class='ocrx_word' id='word_1_493' title='bbox 1169 3288 1261 3343; x_wconf 90' lang='lat' dir='ltr'><strong>neque</strong></span> <span class='ocrx_word' id='word_1_494' title='bbox 1276 3272 1304 3328; x_wconf 91' lang='lat' dir='ltr'><strong>id</strong></span> <span class='ocrx_word' id='word_1_495' title='bbox 1319 3272 1408 3328; x_wconf 86' lang='lat' dir='ltr'><strong>videri</strong></span> <span class='ocrx_word' id='word_1_496' title='bbox 1423 3273 1542 3328; x_wconf 90' lang='lat' dir='ltr'><strong>deberet</strong></span> <span class='ocrx_word' id='word_1_497' title='bbox 1557 3274 1709 3346; x_wconf 82' lang='lat' dir='ltr'><strong>vestigium</strong></span> <span class='ocrx_word' id='word_1_498' title='bbox 1723 3275 1870 3346; x_wconf 91' lang='lat' dir='ltr'><strong>quoddam</strong></span> 
     </span>
     <span class='ocr_line' id='line_1_36' title="bbox 181 3361 1871 3441; baseline -0.002 -17"><span class='ocrx_word' id='word_1_499' title='bbox 181 3368 339 3441; x_wconf 84' lang='lat' dir='ltr'><strong>disciplinae</strong></span> <span class='ocrx_word' id='word_1_500' title='bbox 359 3369 425 3424; x_wconf 86' lang='lat' dir='ltr'><strong>anta</strong></span> <span class='ocrx_word' id='word_1_501' title='bbox 437 3369 611 3440; x_wconf 85' lang='lat' dir='ltr'><strong>Cypriacam</strong></span> <span class='ocrx_word' id='word_1_502' title='bbox 630 3369 660 3422; x_wconf 94' lang='lat' dir='ltr'><strong>in</strong></span> <span class='ocrx_word' id='word_1_503' title='bbox 680 3382 780 3422; x_wconf 87' lang='lat' dir='ltr'><strong>ornnes</strong></span> <span class='ocrx_word' id='word_1_504' title='bbox 800 3363 962 3437; x_wconf 82' lang='lat' dir='ltr'><strong>graviorum</strong></span> <span class='ocrx_word' id='word_1_505' title='bbox 981 3361 1133 3418; x_wconf 89' lang='lat' dir='ltr'><strong>criminum</strong></span> <span class='ocrx_word' id='word_1_506' title='bbox 1154 3376 1216 3416; x_wconf 89' lang='lat' dir='ltr'><strong>reos</strong></span> <span class='ocrx_word' id='word_1_507' title='bbox 1236 3361 1400 3417; x_wconf 81' lang='lat' dir='ltr'><strong>observate.</strong></span> <span class='ocrx_word' id='word_1_508' title='bbox 1423 3363 1452 3417; x_wconf 83' lang='grc'><strong>30</strong></span> <span class='ocrx_word' id='word_1_509' title='bbox 1476 3361 1609 3433; x_wconf 76' lang='lat' dir='ltr'><strong>Objttctus</strong></span> <span class='ocrx_word' id='word_1_510' title='bbox 1631 3362 1667 3416; x_wconf 89' lang='lat' dir='ltr'><strong>ab</strong></span> <span class='ocrx_word' id='word_1_511' title='bbox 1690 3361 1871 3433; x_wconf 77' lang='lat' dir='ltr'><strong>Albaspinaeo</strong></span> 
     </span>
     <span class='ocr_line' id='line_1_37' title="bbox 181 3449 1871 3529; baseline -0.004 -16"><span class='ocrx_word' id='word_1_512' title='bbox 181 3458 261 3515; x_wconf 90' lang='lat' dir='ltr'><strong>locus</strong></span> <span class='ocrx_word' id='word_1_513' title='bbox 274 3456 409 3529; x_wconf 90' lang='lat' dir='ltr'><strong>Cypriani</strong></span> <span class='ocrx_word' id='word_1_514' title='bbox 424 3473 483 3514; x_wconf 94' lang='lat' dir='ltr'><strong>non</strong></span> <span class='ocrx_word' id='word_1_515' title='bbox 495 3457 566 3513; x_wconf 88' lang='lat' dir='ltr'><strong>dicit</strong></span> <span class='ocrx_word' id='word_1_516' title='bbox 578 3460 718 3528; x_wconf 88' lang='lat' dir='ltr'><strong>apostatas</strong></span> <span class='ocrx_word' id='word_1_517' title='bbox 732 3458 761 3510; x_wconf 89' lang='lat' dir='ltr'><strong>et</strong></span> <span class='ocrx_word' id='word_1_518' title='bbox 772 3454 942 3519; x_wconf 88' lang='lat' dir='ltr'><strong>desertores,</strong></span> <span class='ocrx_word' id='word_1_519' title='bbox 956 3451 1068 3507; x_wconf 89' lang='lat' dir='ltr'><strong>etiarnsi</strong></span> <span class='ocrx_word' id='word_1_520' title='bbox 1079 3449 1179 3506; x_wconf 89' lang='lat' dir='ltr'><strong>relicto</strong></span> <span class='ocrx_word' id='word_1_521' title='bbox 1193 3451 1343 3506; x_wconf 88' lang='lat' dir='ltr'><strong>schismate</strong></span> <span class='ocrx_word' id='word_1_522' title='bbox 1357 3450 1528 3522; x_wconf 89' lang='lat' dir='ltr'><strong>sanguinem</strong></span> <span class='ocrx_word' id='word_1_523' title='bbox 1543 3467 1594 3522; x_wconf 88' lang='lat' dir='ltr'><strong>pro</strong></span> <span class='ocrx_word' id='word_1_524' title='bbox 1607 3451 1719 3508; x_wconf 90' lang='lat' dir='ltr'><strong>Christo</strong></span> <span class='ocrx_word' id='word_1_525' title='bbox 1735 3451 1871 3520; x_wconf 81' lang='lat' dir='ltr'><strong>tundent,</strong></span> 
     </span>
     <span class='ocr_line' id='line_1_38' title="bbox 181 3538 1870 3618; baseline -0.003 -16"><span class='ocrx_word' id='word_1_526' title='bbox 181 3547 217 3602; x_wconf 91' lang='lat' dir='ltr'><strong>ad</strong></span> <span class='ocrx_word' id='word_1_527' title='bbox 230 3545 363 3602; x_wconf 75' lang='lat' dir='ltr'><strong>Ecclesia</strong></span> <span class='ocrx_word' id='word_1_528' title='bbox 375 3561 474 3618; x_wconf 87' lang='lat' dir='ltr'><strong>pacem</strong></span> <span class='ocrx_word' id='word_1_529' title='bbox 492 3543 606 3600; x_wconf 89' lang='lat' dir='ltr'><strong>admitti</strong></span> <span class='ocrx_word' id='word_1_530' title='bbox 624 3561 681 3599; x_wconf 90' lang='lat' dir='ltr'><strong>non</strong></span> <span class='ocrx_word' id='word_1_531' title='bbox 695 3558 788 3613; x_wconf 88' lang='lat' dir='ltr'><strong>possa,</strong></span> <span class='ocrx_word' id='word_1_532' title='bbox 805 3541 854 3597; x_wconf 92' lang='lat' dir='ltr'><strong>sed</strong></span> <span class='ocrx_word' id='word_1_533' title='bbox 873 3543 986 3596; x_wconf 92' lang='lat' dir='ltr'><strong>tantum</strong></span> <span class='ocrx_word' id='word_1_534' title='bbox 1001 3538 1073 3595; x_wconf 90' lang='lat' dir='ltr'><strong>nihil</strong></span> <span class='ocrx_word' id='word_1_535' title='bbox 1092 3538 1148 3595; x_wconf 92' lang='lat' dir='ltr'><strong>illis</strong></span> <span class='ocrx_word' id='word_1_536' title='bbox 1169 3539 1339 3611; x_wconf 90' lang='lat' dir='ltr'><strong>martyrium</strong></span> <span class='ocrx_word' id='word_1_537' title='bbox 1358 3543 1441 3596; x_wconf 89' lang='lat' dir='ltr'><strong>extra</strong></span> <span class='ocrx_word' id='word_1_538' title='bbox 1455 3538 1610 3595; x_wconf 89' lang='lat' dir='ltr'><strong>Ecclesiam</strong></span> <span class='ocrx_word' id='word_1_539' title='bbox 1626 3540 1662 3596; x_wconf 90' lang='lat' dir='ltr'><strong>ad</strong></span> <span class='ocrx_word' id='word_1_540' title='bbox 1684 3557 1785 3612; x_wconf 88' lang='lat' dir='ltr'><strong>pacem</strong></span> <span class='ocrx_word' id='word_1_541' title='bbox 1801 3558 1870 3613; x_wconf 92' lang='lat' dir='ltr'><strong>pro·</strong></span> 
     </span>
     <span class='ocr_line' id='line_1_39' title="bbox 182 3627 1872 3707; baseline -0.003 -17"><span class='ocrx_word' id='word_1_542' title='bbox 182 3635 263 3692; x_wconf 84' lang='lat' dir='ltr'><strong>desse</strong></span> <span class='ocrx_word' id='word_1_543' title='bbox 277 3651 372 3707; x_wconf 88' lang='lat' dir='ltr'><strong>posse,</strong></span> <span class='ocrx_word' id='word_1_544' title='bbox 387 3633 460 3706; x_wconf 66' lang='lat' dir='ltr'><strong>fquia</strong></span> <span class='ocrx_word' id='word_1_545' title='bbox 474 3653 488 3684; x_wconf 79' lang='lat' dir='ltr'><strong>a</strong></span> <span class='ocrx_word' id='word_1_546' title='bbox 501 3650 554 3689; x_wconf 89' lang='lat' dir='ltr'><strong>nae</strong></span> <span class='ocrx_word' id='word_1_547' title='bbox 572 3632 700 3689; x_wconf 74' lang='lat' dir='ltr'><strong>Ecclesia</strong></span> <span class='ocrx_word' id='word_1_548' title='bbox 719 3631 859 3686; x_wconf 88' lang='lat' dir='ltr'><strong>unitatem</strong></span> <span class='ocrx_word' id='word_1_549' title='bbox 872 3632 1042 3695; x_wconf 89' lang='lat' dir='ltr'><strong>tenuerunt;</strong></span> <span class='ocrx_word' id='word_1_550' title='bbox 1056 3649 1070 3679; x_wconf 76' lang='grc' dir='ltr'>ι</span> <span class='ocrx_word' id='word_1_551' title='bbox 1088 3628 1116 3684; x_wconf 92' lang='lat' dir='ltr'><strong>id</strong></span> <span class='ocrx_word' id='word_1_552' title='bbox 1137 3628 1215 3700; x_wconf 88' lang='lat' dir='ltr'><strong>quod</strong></span> <span class='ocrx_word' id='word_1_553' title='bbox 1232 3643 1308 3700; x_wconf 82' lang='lat' dir='ltr'><strong>saepa</strong></span> <span class='ocrx_word' id='word_1_554' title='bbox 1327 3627 1398 3684; x_wconf 88' lang='lat' dir='ltr'><strong>alias</strong></span> <span class='ocrx_word' id='word_1_555' title='bbox 1416 3627 1575 3700; x_wconf 87' lang='lat' dir='ltr'><strong>Cyprianus</strong></span> <span class='ocrx_word' id='word_1_556' title='bbox 1591 3629 1721 3684; x_wconf 89' lang='lat' dir='ltr'><strong>inculcat.</strong></span> <span class='ocrx_word' id='word_1_557' title='bbox 1746 3627 1872 3702; x_wconf 88' lang='lat' dir='ltr'><strong>Opponit</strong></span> 
     </span>
     <span class='ocr_line' id='line_1_40' title="bbox 182 3715 1871 3795; baseline -0.002 -17"><span class='ocrx_word' id='word_1_558' title='bbox 182 3723 321 3795; x_wconf 83' lang='lat' dir='ltr'><strong>ejusmodi</strong></span> <span class='ocrx_word' id='word_1_559' title='bbox 333 3722 491 3779; x_wconf 87' lang='lat' dir='ltr'><strong>desertores</strong></span> <span class='ocrx_word' id='word_1_560' title='bbox 503 3722 563 3779; x_wconf 90' lang='lat' dir='ltr'><strong>aliis</strong></span> <span class='ocrx_word' id='word_1_561' title='bbox 575 3722 662 3793; x_wconf 91' lang='lat' dir='ltr'><strong>lapsis</strong></span> <span class='ocrx_word' id='word_1_562' title='bbox 677 3719 876 3794; x_wconf 90' lang='lat' dir='ltr'><strong>poenitentiam</strong></span> <span class='ocrx_word' id='word_1_563' title='bbox 895 3718 926 3773; x_wconf 91' lang='lat' dir='ltr'><strong>in</strong></span> <span class='ocrx_word' id='word_1_564' title='bbox 939 3717 1064 3774; x_wconf 89' lang='lat' dir='ltr'><strong>Ecclesia</strong></span> <span class='ocrx_word' id='word_1_565' title='bbox 1084 3715 1246 3790; x_wconf 87' lang='lat' dir='ltr'><strong>agentibus,</strong></span> <span class='ocrx_word' id='word_1_566' title='bbox 1266 3723 1292 3774; x_wconf 88' lang='lat' dir='ltr'><strong>et</strong></span> <span class='ocrx_word' id='word_1_567' title='bbox 1313 3733 1385 3789; x_wconf 91' lang='lat' dir='ltr'><strong>quos</strong></span> <span class='ocrx_word' id='word_1_568' title='bbox 1406 3717 1544 3774; x_wconf 84' lang='lat' dir='ltr'><strong>Dominus</strong></span> <span class='ocrx_word' id='word_1_569' title='bbox 1563 3717 1641 3774; x_wconf 88' lang='lat' dir='ltr'><strong>intas</strong></span> <span class='ocrx_word' id='word_1_570' title='bbox 1658 3717 1785 3790; x_wconf 82' lang='lat' dir='ltr'><strong>inveniet</strong></span> <span class='ocrx_word' id='word_1_571' title='bbox 1805 3735 1871 3774; x_wconf 89' lang='lat' dir='ltr'><strong>cum</strong></span> 
     </span>
    </p>
   </div>
   <div class='ocr_carea' id='block_1_7' title="bbox 182 3810 690 3884">
    <p class='ocr_par' dir='ltr' id='par_1_7' title="bbox 182 3810 690 3884">
     <span class='ocr_line' id='line_1_41' title="bbox 182 3810 690 3884; baseline -0.002 -17"><span class='ocrx_word' id='word_1_572' title='bbox 182 3811 325 3868; x_wconf 89' lang='lat' dir='ltr'><strong>mundum</strong></span> <span class='ocrx_word' id='word_1_573' title='bbox 336 3811 516 3884; x_wconf 88' lang='lat' dir='ltr'><strong>judicaturus</strong></span> <span class='ocrx_word' id='word_1_574' title='bbox 531 3810 690 3884; x_wconf 85' lang='lat' dir='ltr'><strong>apparebit.</strong></span> 
     </span>
    </p>
   </div>
   <div class='ocr_carea' id='block_1_8' title="bbox 179 3937 1872 4098">
    <p class='ocr_par' dir='ltr' id='par_1_8' title="bbox 179 3937 1872 4098">
     <span class='ocr_line' id='line_1_42' title="bbox 179 3937 1872 4018; baseline 0.002 -16"><span class='ocrx_word' id='word_1_575' title='bbox 179 3945 224 4003; x_wconf 72' lang='lat' dir='ltr'><strong>xl·</strong></span> <span class='ocrx_word' id='word_1_576' title='bbox 245 3975 279 3988; x_wconf 92' lang='lat'><strong>-·</strong></span> <span class='ocrx_word' id='word_1_577' title='bbox 298 3961 390 4005; x_wconf 70' lang='lat' dir='ltr'><strong>muli</strong></span> <span class='ocrx_word' id='word_1_578' title='bbox 409 3963 430 4002; x_wconf 76' lang='lat' dir='ltr'><strong>S·</strong></span> <span class='ocrx_word' id='word_1_579' title='bbox 452 3962 600 4003; x_wconf 78' lang='lat' dir='ltr'><strong>arenianes</strong></span> <span class='ocrx_word' id='word_1_580' title='bbox 618 3959 708 4004; x_wconf 74' lang='lat' dir='ltr'><strong>haesis</strong></span> <span class='ocrx_word' id='word_1_581' title='bbox 723 3962 750 4003; x_wconf 77' lang='grc' dir='ltr'><strong>ΙΝ</strong></span> <span class='ocrx_word' id='word_1_582' title='bbox 769 3961 889 4003; x_wconf 78' lang='lat' dir='ltr'><strong>DECUESU</strong></span> <span class='ocrx_word' id='word_1_583' title='bbox 908 3961 1078 4002; x_wconf 67' lang='lat' dir='ltr'><strong>multarem</strong></span> <span class='ocrx_word' id='word_1_584' title='bbox 1096 3960 1272 4004; x_wconf 79' lang='lat' dir='ltr'><strong>uontnurtnus</strong></span> <span class='ocrx_word' id='word_1_585' title='bbox 1291 3962 1377 4004; x_wconf 80' lang='lat' dir='ltr'><strong>elenu</strong></span> <span class='ocrx_word' id='word_1_586' title='bbox 1397 3963 1556 4018; x_wconf 78' lang='lat' dir='ltr'><strong>NEGAVEEU&#39;,</strong></span> <span class='ocrx_word' id='word_1_587' title='bbox 1577 3963 1621 4005; x_wconf 82' lang='lat' dir='ltr'><strong>als</strong></span> <span class='ocrx_word' id='word_1_588' title='bbox 1640 3964 1749 4006; x_wconf 68' lang='lat' dir='ltr'><strong>TANTUM</strong></span> <span class='ocrx_word' id='word_1_589' title='bbox 1769 3937 1872 4006; x_wconf 53' lang='lat' dir='ltr'><strong>EXCEF-</strong></span> 
     </span>
     <span class='ocr_line' id='line_1_43' title="bbox 693 4051 1359 4098; baseline -0.002 -5"><span class='ocrx_word' id='word_1_590' title='bbox 693 4051 734 4094; x_wconf 63' lang='grc' dir='ltr'><strong>’ΠΒ</strong></span> <span class='ocrx_word' id='word_1_591' title='bbox 753 4051 799 4098; x_wconf 77' lang='lat' dir='ltr'><strong>QUI</strong></span> <span class='ocrx_word' id='word_1_592' title='bbox 815 4051 941 4092; x_wconf 80' lang='lat' dir='ltr'><strong>utaucnos</strong></span> <span class='ocrx_word' id='word_1_593' title='bbox 959 4056 976 4092; x_wconf 79' lang='lat' dir='ltr'>A</span> <span class='ocrx_word' id='word_1_594' title='bbox 995 4051 1161 4093; x_wconf 67' lang='lat' dir='ltr'><strong>hauriamus</strong></span> <span class='ocrx_word' id='word_1_595' title='bbox 1179 4051 1359 4093; x_wconf 71' lang='lat' dir='ltr'><strong>accersatur.</strong></span> 
     </span>
    </p>
   </div>
   <div class='ocr_carea' id='block_1_9' title="bbox 182 4151 1874 5836">
    <p class='ocr_par' dir='ltr' id='par_1_9' title="bbox 182 4151 1874 5295">
     <span class='ocr_line' id='line_1_44' title="bbox 217 4151 1873 4228; baseline 0 -18"><span class='ocrx_word' id='word_1_596' title='bbox 217 4155 371 4226; x_wconf 87' lang='lat' dir='ltr'><strong>Postquam</strong></span> <span class='ocrx_word' id='word_1_597' title='bbox 386 4153 566 4226; x_wconf 88' lang='lat' dir='ltr'><strong>probavimus</strong></span> <span class='ocrx_word' id='word_1_598' title='bbox 580 4153 753 4226; x_wconf 89' lang='lat' dir='ltr'><strong>Cyprianum</strong></span> <span class='ocrx_word' id='word_1_599' title='bbox 769 4153 841 4210; x_wconf 92' lang='lat' dir='ltr'><strong>nihil</strong></span> <span class='ocrx_word' id='word_1_600' title='bbox 856 4153 922 4209; x_wconf 85' lang='lat' dir='ltr'><strong>novi</strong></span> <span class='ocrx_word' id='word_1_601' title='bbox 937 4153 1033 4210; x_wconf 81' lang='lat' dir='ltr'><strong>iecisse</strong></span> <span class='ocrx_word' id='word_1_602' title='bbox 1051 4168 1118 4209; x_wconf 91' lang='lat' dir='ltr'><strong>cum</strong></span> <span class='ocrx_word' id='word_1_603' title='bbox 1135 4151 1221 4225; x_wconf 91' lang='lat' dir='ltr'><strong>lapsis</strong></span> <span class='ocrx_word' id='word_1_604' title='bbox 1240 4153 1443 4226; x_wconf 75' lang='lat' dir='ltr'><strong>paenitentibus</strong></span> <span class='ocrx_word' id='word_1_605' title='bbox 1464 4169 1562 4226; x_wconf 90' lang='lat' dir='ltr'><strong>pacem</strong></span> <span class='ocrx_word' id='word_1_606' title='bbox 1578 4154 1726 4226; x_wconf 86' lang='lat' dir='ltr'><strong>concessit,</strong></span> <span class='ocrx_word' id='word_1_607' title='bbox 1742 4156 1873 4228; x_wconf 92' lang='lat' dir='ltr'><strong>sequitur</strong></span> 
     </span>
     <span class='ocr_line' id='line_1_45' title="bbox 182 4241 1873 4317; baseline -0.001 -19"><span class='ocrx_word' id='word_1_608' title='bbox 182 4245 215 4298; x_wconf 90' lang='lat' dir='ltr'><strong>nt</strong></span> <span class='ocrx_word' id='word_1_609' title='bbox 227 4241 407 4315; x_wconf 89' lang='lat' dir='ltr'><strong>inquiramus</strong></span> <span class='ocrx_word' id='word_1_610' title='bbox 426 4259 463 4298; x_wconf 92' lang='lat' dir='ltr'><strong>an</strong></span> <span class='ocrx_word' id='word_1_611' title='bbox 481 4241 583 4298; x_wconf 88' lang='lat' dir='ltr'><strong>iisdem</strong></span> <span class='ocrx_word' id='word_1_612' title='bbox 602 4248 669 4299; x_wconf 88' lang='lat' dir='ltr'><strong>ante</strong></span> <span class='ocrx_word' id='word_1_613' title='bbox 688 4246 817 4299; x_wconf 86' lang='lat' dir='ltr'><strong>exactam</strong></span> <span class='ocrx_word' id='word_1_614' title='bbox 834 4241 1032 4315; x_wconf 73' lang='lat' dir='ltr'><strong>persultantium</strong></span> <span class='ocrx_word' id='word_1_615' title='bbox 1051 4241 1208 4315; x_wconf 89' lang='lat' dir='ltr'><strong>periculoso</strong></span> <span class='ocrx_word' id='word_1_616' title='bbox 1231 4242 1436 4316; x_wconf 76' lang='lat' dir='ltr'><strong>egrotantibus</strong></span> <span class='ocrx_word' id='word_1_617' title='bbox 1457 4243 1690 4300; x_wconf 88' lang='lat' dir='ltr'><strong>communionem</strong></span> <span class='ocrx_word' id='word_1_618' title='bbox 1712 4245 1873 4317; x_wconf 70' lang='lat' dir='ltr'><strong>negaverit,</strong></span> 
     </span>
     <span class='ocr_line' id='line_1_46' title="bbox 182 4329 1873 4406; baseline 0.001 -18"><span class='ocrx_word' id='word_1_619' title='bbox 182 4331 237 4388; x_wconf 91' lang='lat' dir='ltr'><strong>nisi</strong></span> <span class='ocrx_word' id='word_1_620' title='bbox 257 4331 366 4389; x_wconf 90' lang='lat' dir='ltr'><strong>libellos</strong></span> <span class='ocrx_word' id='word_1_621' title='bbox 382 4349 398 4388; x_wconf 91' lang='lat' dir='ltr'><strong>a</strong></span> <span class='ocrx_word' id='word_1_622' title='bbox 416 4333 588 4406; x_wconf 88' lang='lat' dir='ltr'><strong>martyribus</strong></span> <span class='ocrx_word' id='word_1_623' title='bbox 610 4334 795 4406; x_wconf 88' lang='lat' dir='ltr'><strong>accepissent.</strong></span> <span class='ocrx_word' id='word_1_624' title='bbox 816 4331 989 4404; x_wconf 90' lang='lat' dir='ltr'><strong>Cyprianum</strong></span> <span class='ocrx_word' id='word_1_625' title='bbox 1010 4329 1158 4387; x_wconf 91' lang='lat' dir='ltr'><strong>contendit</strong></span> <span class='ocrx_word' id='word_1_626' title='bbox 1177 4331 1304 4387; x_wconf 77' lang='lat' dir='ltr'><strong>Petreius</strong></span> <span class='ocrx_word' id='word_1_627' title='bbox 1322 4331 1357 4386; x_wconf 91' lang='lat' dir='ltr'><strong>iis</strong></span> <span class='ocrx_word' id='word_1_628' title='bbox 1380 4333 1493 4387; x_wconf 71' lang='lat' dir='ltr'><strong>mutum</strong></span> <span class='ocrx_word' id='word_1_629' title='bbox 1514 4348 1615 4404; x_wconf 89' lang='lat' dir='ltr'><strong>pacem</strong></span> <span class='ocrx_word' id='word_1_630' title='bbox 1637 4331 1801 4404; x_wconf 89' lang='lat' dir='ltr'><strong>indulsisse,</strong></span> <span class='ocrx_word' id='word_1_631' title='bbox 1822 4334 1873 4406; x_wconf 93' lang='lat' dir='ltr'><strong>qui</strong></span> 
     </span>
     <span class='ocr_line' id='line_1_47' title="bbox 183 4419 1872 4497; baseline 0.001 -20"><span class='ocrx_word' id='word_1_632' title='bbox 183 4421 292 4478; x_wconf 87' lang='lat' dir='ltr'><strong>libellos</strong></span> <span class='ocrx_word' id='word_1_633' title='bbox 306 4440 322 4477; x_wconf 89' lang='lat' dir='ltr'><strong>e</strong></span> <span class='ocrx_word' id='word_1_634' title='bbox 337 4423 510 4496; x_wconf 88' lang='lat' dir='ltr'><strong>martyribus</strong></span> <span class='ocrx_word' id='word_1_635' title='bbox 524 4423 707 4497; x_wconf 91' lang='lat' dir='ltr'><strong>accepissent,</strong></span> <span class='ocrx_word' id='word_1_636' title='bbox 724 4423 836 4480; x_wconf 86' lang='lat' dir='ltr'><strong>caeteris</strong></span> <span class='ocrx_word' id='word_1_637' title='bbox 852 4437 917 4478; x_wconf 81' lang='lat' dir='ltr'><strong>uero</strong></span> <span class='ocrx_word' id='word_1_638' title='bbox 936 4437 974 4476; x_wconf 93' lang='lat' dir='ltr'><strong>ne</strong></span> <span class='ocrx_word' id='word_1_639' title='bbox 991 4420 1020 4475; x_wconf 92' lang='lat' dir='ltr'><strong>in</strong></span> <span class='ocrx_word' id='word_1_640' title='bbox 1041 4419 1176 4493; x_wconf 80' lang='lat' dir='ltr'><strong>praesenti</strong></span> <span class='ocrx_word' id='word_1_641' title='bbox 1196 4421 1315 4494; x_wconf 89' lang='lat' dir='ltr'><strong>quidem</strong></span> <span class='ocrx_word' id='word_1_642' title='bbox 1335 4420 1434 4475; x_wconf 88' lang='lat' dir='ltr'><strong>mortis</strong></span> <span class='ocrx_word' id='word_1_643' title='bbox 1454 4420 1619 4478; x_wconf 87' lang='lat' dir='ltr'><strong>discrimine</strong></span> <span class='ocrx_word' id='word_1_644' title='bbox 1639 4421 1669 4476; x_wconf 90' lang='lat' dir='ltr'><strong>id</strong></span> <span class='ocrx_word' id='word_1_645' title='bbox 1686 4423 1872 4490; x_wconf 88' lang='lat' dir='ltr'><strong>concessisse;</strong></span> 
     </span>
     <span class='ocr_line' id='line_1_48' title="bbox 184 4505 1874 4585; baseline -0.001 -19"><span class='ocrx_word' id='word_1_646' title='bbox 184 4511 293 4585; x_wconf 89' lang='lat' dir='ltr'><strong>alioqui</strong></span> <span class='ocrx_word' id='word_1_647' title='bbox 307 4505 378 4568; x_wconf 90' lang='lat' dir='ltr'><strong>nihil</strong></span> <span class='ocrx_word' id='word_1_648' title='bbox 394 4511 566 4568; x_wconf 89' lang='lat' dir='ltr'><strong>discriminis</strong></span> <span class='ocrx_word' id='word_1_649' title='bbox 584 4513 714 4568; x_wconf 81' lang='lat' dir='ltr'><strong>futurum</strong></span> <span class='ocrx_word' id='word_1_650' title='bbox 730 4512 814 4568; x_wconf 87' lang='lat' dir='ltr'><strong>fuisse</strong></span> <span class='ocrx_word' id='word_1_651' title='bbox 828 4511 903 4567; x_wconf 90' lang='lat' dir='ltr'><strong>inter</strong></span> <span class='ocrx_word' id='word_1_652' title='bbox 922 4510 989 4566; x_wconf 90' lang='lat' dir='ltr'><strong>istos</strong></span> <span class='ocrx_word' id='word_1_653' title='bbox 1003 4515 1032 4566; x_wconf 92' lang='lat' dir='ltr'><strong>et</strong></span> <span class='ocrx_word' id='word_1_654' title='bbox 1051 4510 1171 4581; x_wconf 91' lang='lat' dir='ltr'><strong>priores,</strong></span> <span class='ocrx_word' id='word_1_655' title='bbox 1194 4526 1263 4582; x_wconf 91' lang='lat' dir='ltr'><strong>quos</strong></span> <span class='ocrx_word' id='word_1_656' title='bbox 1285 4513 1381 4566; x_wconf 78' lang='lat' dir='ltr'><strong>omen</strong></span> <span class='ocrx_word' id='word_1_657' title='bbox 1398 4509 1508 4566; x_wconf 89' lang='lat' dir='ltr'><strong>meliori</strong></span> <span class='ocrx_word' id='word_1_658' title='bbox 1532 4511 1626 4582; x_wconf 86' lang='lat' dir='ltr'><strong>aliqua</strong></span> <span class='ocrx_word' id='word_1_659' title='bbox 1649 4511 1811 4567; x_wconf 89' lang='lat' dir='ltr'><strong>conditione</strong></span> <span class='ocrx_word' id='word_1_660' title='bbox 1832 4509 1874 4565; x_wconf 92' lang='lat' dir='ltr'><strong>uti</strong></span> 
     </span>
     <span class='ocr_line' id='line_1_49' title="bbox 185 4597 1873 4674; baseline -0.002 -16"><span class='ocrx_word' id='word_1_661' title='bbox 185 4601 322 4673; x_wconf 90' lang='lat' dir='ltr'><strong>oportuit.</strong></span> <span class='ocrx_word' id='word_1_662' title='bbox 347 4601 403 4658; x_wconf 89' lang='lat' dir='ltr'><strong>Sed</strong></span> <span class='ocrx_word' id='word_1_663' title='bbox 423 4601 482 4674; x_wconf 90' lang='lat' dir='ltr'><strong>ipsa</strong></span> <span class='ocrx_word' id='word_1_664' title='bbox 502 4601 531 4658; x_wconf 90' lang='lat' dir='ltr'><strong>S.</strong></span> <span class='ocrx_word' id='word_1_665' title='bbox 551 4601 680 4674; x_wconf 90' lang='lat' dir='ltr'><strong>llartyris</strong></span> <span class='ocrx_word' id='word_1_666' title='bbox 700 4601 788 4657; x_wconf 84' lang='lat' dir='ltr'><strong>verba</strong></span> <span class='ocrx_word' id='word_1_667' title='bbox 810 4600 984 4672; x_wconf 80' lang='lat' dir='ltr'><strong>proterenda</strong></span> <span class='ocrx_word' id='word_1_668' title='bbox 1005 4604 1097 4655; x_wconf 91' lang='lat' dir='ltr'><strong>suut:</strong></span> <span class='ocrx_word' id='word_1_669' title='bbox 1120 4598 1292 4663; x_wconf 79' lang='lat' dir='ltr'><strong>«Quoniam</strong></span> <span class='ocrx_word' id='word_1_670' title='bbox 1312 4603 1408 4654; x_wconf 91' lang='lat' dir='ltr'><strong>tamen</strong></span> <span class='ocrx_word' id='word_1_671' title='bbox 1427 4598 1521 4664; x_wconf 84' lang='lat' dir='ltr'><strong>video,</strong></span> <span class='ocrx_word' id='word_1_672' title='bbox 1546 4597 1639 4670; x_wconf 92' lang='lat' dir='ltr'><strong>inquit</strong></span> <span class='ocrx_word' id='word_1_673' title='bbox 1662 4599 1692 4653; x_wconf 90' lang='lat' dir='ltr'><strong>in</strong></span> <span class='ocrx_word' id='word_1_674' title='bbox 1715 4598 1802 4670; x_wconf 92' lang='lat' dir='ltr'><strong>Epist.</strong></span> <span class='ocrx_word' id='word_1_675' title='bbox 1826 4615 1873 4668; x_wconf 87' lang='grc' dir='ltr'>ιιι,</span> 
     </span>
     <span class='ocr_line' id='line_1_50' title="bbox 183 4685 1874 4761; baseline -0.002 -15"><span class='ocrx_word' id='word_1_676' title='bbox 183 4689 350 4747; x_wconf 79' lang='lat' dir='ltr'><strong>factaltatem</strong></span> <span class='ocrx_word' id='word_1_677' title='bbox 362 4689 497 4747; x_wconf 81' lang='lat' dir='ltr'><strong>veniendi</strong></span> <span class='ocrx_word' id='word_1_678' title='bbox 510 4691 545 4746; x_wconf 89' lang='lat' dir='ltr'><strong>ad</strong></span> <span class='ocrx_word' id='word_1_679' title='bbox 558 4707 606 4746; x_wconf 86' lang='lat' dir='ltr'><strong>vos</strong></span> <span class='ocrx_word' id='word_1_680' title='bbox 618 4690 747 4746; x_wconf 89' lang='lat' dir='ltr'><strong>nondum</strong></span> <span class='ocrx_word' id='word_1_681' title='bbox 761 4705 822 4746; x_wconf 90' lang='lat' dir='ltr'><strong>esse</strong></span> <span class='ocrx_word' id='word_1_682' title='bbox 836 4689 936 4761; x_wconf 87' lang='lat' dir='ltr'><strong>etjam</strong></span> <span class='ocrx_word' id='word_1_683' title='bbox 954 4691 1083 4744; x_wconf 78' lang='lat' dir='ltr'><strong>aestatem</strong></span> <span class='ocrx_word' id='word_1_684' title='bbox 1103 4687 1231 4759; x_wconf 79' lang='lat' dir='ltr'><strong>coepisse,</strong></span> <span class='ocrx_word' id='word_1_685' title='bbox 1251 4687 1326 4759; x_wconf 88' lang='lat' dir='ltr'><strong>quod</strong></span> <span class='ocrx_word' id='word_1_686' title='bbox 1348 4691 1461 4760; x_wconf 82' lang='lat' dir='ltr'><strong>tempus</strong></span> <span class='ocrx_word' id='word_1_687' title='bbox 1483 4686 1696 4742; x_wconf 83' lang='lat' dir='ltr'><strong>infirmitatibus</strong></span> <span class='ocrx_word' id='word_1_688' title='bbox 1709 4685 1830 4743; x_wconf 86' lang='lat' dir='ltr'><strong>assiduis</strong></span> <span class='ocrx_word' id='word_1_689' title='bbox 1845 4691 1874 4744; x_wconf 89' lang='lat' dir='ltr'><strong>et</strong></span> 
     </span>
     <span class='ocr_line' id='line_1_51' title="bbox 185 4774 1869 4854; baseline -0.002 -18"><span class='ocrx_word' id='word_1_690' title='bbox 185 4780 318 4854; x_wconf 85' lang='lat' dir='ltr'><strong>gravibus</strong></span> <span class='ocrx_word' id='word_1_691' title='bbox 331 4780 489 4848; x_wconf 79' lang='lat' dir='ltr'><strong>infestatur,</strong></span> <span class='ocrx_word' id='word_1_692' title='bbox 503 4779 710 4836; x_wconf 88' lang='lat' dir='ltr'><strong>occurrendum</strong></span> <span class='ocrx_word' id='word_1_693' title='bbox 726 4780 794 4850; x_wconf 89' lang='lat' dir='ltr'><strong>puto</strong></span> <span class='ocrx_word' id='word_1_694' title='bbox 806 4777 945 4833; x_wconf 83' lang='lat' dir='ltr'><strong>fratribus</strong></span> <span class='ocrx_word' id='word_1_695' title='bbox 959 4777 1072 4846; x_wconf 89' lang='lat' dir='ltr'><strong>nostris,</strong></span> <span class='ocrx_word' id='word_1_696' title='bbox 1090 4780 1121 4832; x_wconf 91' lang='lat' dir='ltr'><strong>ut</strong></span> <span class='ocrx_word' id='word_1_697' title='bbox 1137 4776 1185 4848; x_wconf 90' lang='lat' dir='ltr'><strong>qui</strong></span> <span class='ocrx_word' id='word_1_698' title='bbox 1205 4775 1315 4831; x_wconf 91' lang='lat' dir='ltr'><strong>libellos</strong></span> <span class='ocrx_word' id='word_1_699' title='bbox 1328 4792 1345 4829; x_wconf 91' lang='lat' dir='ltr'><strong>a</strong></span> <span class='ocrx_word' id='word_1_700' title='bbox 1361 4774 1533 4847; x_wconf 89' lang='lat' dir='ltr'><strong>martyribus</strong></span> <span class='ocrx_word' id='word_1_701' title='bbox 1552 4777 1732 4847; x_wconf 89' lang='lat' dir='ltr'><strong>acceperuut,</strong></span> <span class='ocrx_word' id='word_1_702' title='bbox 1749 4779 1780 4832; x_wconf 91' lang='lat' dir='ltr'><strong>et</strong></span> <span class='ocrx_word' id='word_1_703' title='bbox 1794 4792 1869 4848; x_wconf 78' lang='lat' dir='ltr'><strong>prea-</strong></span> 
     </span>
     <span class='ocr_line' id='line_1_52' title="bbox 184 4862 1871 4942; baseline -0.004 -16"><span class='ocrx_word' id='word_1_704' title='bbox 184 4869 314 4942; x_wconf 84' lang='lat' dir='ltr'><strong>rogativa</strong></span> <span class='ocrx_word' id='word_1_705' title='bbox 326 4885 424 4926; x_wconf 90' lang='lat' dir='ltr'><strong>eorum</strong></span> <span class='ocrx_word' id='word_1_706' title='bbox 437 4867 515 4941; x_wconf 89' lang='lat' dir='ltr'><strong>apud</strong></span> <span class='ocrx_word' id='word_1_707' title='bbox 526 4869 614 4926; x_wconf 82' lang='lat' dir='ltr'><strong>[teum</strong></span> <span class='ocrx_word' id='word_1_708' title='bbox 628 4867 756 4941; x_wconf 86' lang='lat' dir='ltr'><strong>adjurari</strong></span> <span class='ocrx_word' id='word_1_709' title='bbox 769 4871 898 4940; x_wconf 91' lang='lat' dir='ltr'><strong>possunt,</strong></span> <span class='ocrx_word' id='word_1_710' title='bbox 908 4865 933 4920; x_wconf 91' lang='lat' dir='ltr'><strong>si</strong></span> <span class='ocrx_word' id='word_1_711' title='bbox 942 4865 1127 4922; x_wconf 90' lang='lat' dir='ltr'><strong>incommodo</strong></span> <span class='ocrx_word' id='word_1_712' title='bbox 1136 4863 1232 4937; x_wconf 87' lang='lat' dir='ltr'><strong>aliquo</strong></span> <span class='ocrx_word' id='word_1_713' title='bbox 1243 4869 1272 4920; x_wconf 89' lang='lat' dir='ltr'><strong>et</strong></span> <span class='ocrx_word' id='word_1_714' title='bbox 1283 4863 1456 4920; x_wconf 83' lang='lat' dir='ltr'><strong>infirmitatis</strong></span> <span class='ocrx_word' id='word_1_715' title='bbox 1469 4862 1596 4936; x_wconf 88' lang='lat' dir='ltr'><strong>periculo</strong></span> <span class='ocrx_word' id='word_1_716' title='bbox 1610 4864 1739 4936; x_wconf 90' lang='lat' dir='ltr'><strong>occupati</strong></span> <span class='ocrx_word' id='word_1_717' title='bbox 1752 4865 1871 4935; x_wconf 86' lang='lat' dir='ltr'><strong>luerint,</strong></span> 
     </span>
     <span class='ocr_line' id='line_1_53' title="bbox 184 4952 1874 5030; baseline -0.004 -17"><span class='ocrx_word' id='word_1_718' title='bbox 184 4975 242 5014; x_wconf 93' lang='lat' dir='ltr'><strong>non</strong></span> <span class='ocrx_word' id='word_1_719' title='bbox 260 4963 416 5030; x_wconf 87' lang='lat' dir='ltr'><strong>exspectata</strong></span> <span class='ocrx_word' id='word_1_720' title='bbox 437 4959 588 5030; x_wconf 78' lang='lat' dir='ltr'><strong>praesentia</strong></span> <span class='ocrx_word' id='word_1_721' title='bbox 606 4962 714 5026; x_wconf 90' lang='lat' dir='ltr'><strong>nostra,</strong></span> <span class='ocrx_word' id='word_1_722' title='bbox 730 4957 807 5030; x_wconf 91' lang='lat' dir='ltr'><strong>apud</strong></span> <span class='ocrx_word' id='word_1_723' title='bbox 827 4955 1024 5029; x_wconf 89' lang='lat' dir='ltr'><strong>presbyterum</strong></span> <span class='ocrx_word' id='word_1_724' title='bbox 1045 4969 1246 5027; x_wconf 89' lang='lat' dir='ltr'><strong>quemcunque</strong></span> <span class='ocrx_word' id='word_1_725' title='bbox 1270 4955 1450 5025; x_wconf 77' lang='lat' dir='ltr'><strong>presentem,</strong></span> <span class='ocrx_word' id='word_1_726' title='bbox 1465 4954 1508 5007; x_wconf 88' lang='lat' dir='ltr'><strong>rel</strong></span> <span class='ocrx_word' id='word_1_727' title='bbox 1530 4952 1552 5008; x_wconf 87' lang='lat' dir='ltr'><strong>si</strong></span> <span class='ocrx_word' id='word_1_728' title='bbox 1574 4952 1723 5025; x_wconf 87' lang='lat' dir='ltr'><strong>presbyter</strong></span> <span class='ocrx_word' id='word_1_729' title='bbox 1741 4956 1874 5026; x_wconf 90' lang='lat' dir='ltr'><strong>repertus</strong></span> 
     </span>
     <span class='ocr_line' id='line_1_54' title="bbox 183 5039 1871 5119; baseline -0.005 -15"><span class='ocrx_word' id='word_1_730' title='bbox 183 5063 243 5104; x_wconf 91' lang='lat' dir='ltr'><strong>non</strong></span> <span class='ocrx_word' id='word_1_731' title='bbox 259 5045 354 5114; x_wconf 86' lang='lat' dir='ltr'><strong>luerit,</strong></span> <span class='ocrx_word' id='word_1_732' title='bbox 368 5053 396 5102; x_wconf 87' lang='lat' dir='ltr'><strong>et</strong></span> <span class='ocrx_word' id='word_1_733' title='bbox 411 5063 516 5119; x_wconf 88' lang='lat' dir='ltr'><strong>urgere</strong></span> <span class='ocrx_word' id='word_1_734' title='bbox 531 5039 621 5102; x_wconf 85' lang='lat' dir='ltr'><strong>exitus</strong></span> <span class='ocrx_word' id='word_1_735' title='bbox 633 5046 759 5118; x_wconf 80' lang='lat' dir='ltr'><strong>caeperit,</strong></span> <span class='ocrx_word' id='word_1_736' title='bbox 776 5044 854 5118; x_wconf 90' lang='lat' dir='ltr'><strong>apud</strong></span> <span class='ocrx_word' id='word_1_737' title='bbox 868 5043 1020 5100; x_wconf 72' lang='lat' dir='ltr'><strong>dhconum</strong></span> <span class='ocrx_word' id='word_1_738' title='bbox 1036 5059 1150 5119; x_wconf 90' lang='lat' dir='ltr'><strong>quoque</strong></span> <span class='ocrx_word' id='word_1_739' title='bbox 1166 5041 1388 5114; x_wconf 88' lang='lat' dir='ltr'><strong>exomologesim</strong></span> <span class='ocrx_word' id='word_1_740' title='bbox 1409 5042 1501 5099; x_wconf 82' lang='lat' dir='ltr'><strong>iecere</strong></span> <span class='ocrx_word' id='word_1_741' title='bbox 1520 5040 1622 5096; x_wconf 91' lang='lat' dir='ltr'><strong>delecti</strong></span> <span class='ocrx_word' id='word_1_742' title='bbox 1635 5042 1678 5096; x_wconf 90' lang='lat' dir='ltr'><strong>sui</strong></span> <span class='ocrx_word' id='word_1_743' title='bbox 1695 5041 1813 5113; x_wconf 91' lang='lat' dir='ltr'><strong>possint,</strong></span> <span class='ocrx_word' id='word_1_744' title='bbox 1827 5044 1871 5110; x_wconf 92' lang='lat' dir='ltr'><strong>ut,</strong></span> 
     </span>
     <span class='ocr_line' id='line_1_55' title="bbox 185 5129 1874 5208; baseline -0.005 -16"><span class='ocrx_word' id='word_1_745' title='bbox 185 5151 275 5192; x_wconf 92' lang='lat' dir='ltr'><strong>manu</strong></span> <span class='ocrx_word' id='word_1_746' title='bbox 288 5135 329 5192; x_wconf 90' lang='lat' dir='ltr'><strong>eis</strong></span> <span class='ocrx_word' id='word_1_747' title='bbox 340 5134 371 5191; x_wconf 93' lang='lat' dir='ltr'><strong>in</strong></span> <span class='ocrx_word' id='word_1_748' title='bbox 387 5135 585 5208; x_wconf 68' lang='lat' dir='ltr'><strong>paenitentiam</strong></span> <span class='ocrx_word' id='word_1_749' title='bbox 605 5135 749 5208; x_wconf 88' lang='lat' dir='ltr'><strong>imposita,</strong></span> <span class='ocrx_word' id='word_1_750' title='bbox 757 5134 877 5190; x_wconf 82' lang='lat' dir='ltr'><strong>-veniant</strong></span> <span class='ocrx_word' id='word_1_751' title='bbox 891 5131 927 5187; x_wconf 90' lang='lat' dir='ltr'><strong>ad</strong></span> <span class='ocrx_word' id='word_1_752' title='bbox 947 5132 1099 5189; x_wconf 84' lang='lat' dir='ltr'><strong>bominum</strong></span> <span class='ocrx_word' id='word_1_753' title='bbox 1118 5147 1283 5204; x_wconf 89' lang='lat' dir='ltr'><strong>cumpace,</strong></span> <span class='ocrx_word' id='word_1_754' title='bbox 1305 5146 1392 5203; x_wconf 88' lang='lat' dir='ltr'><strong>quam</strong></span> <span class='ocrx_word' id='word_1_755' title='bbox 1410 5130 1472 5186; x_wconf 90' lang='lat' dir='ltr'><strong>dari</strong></span> <span class='ocrx_word' id='word_1_756' title='bbox 1491 5133 1631 5202; x_wconf 89' lang='lat' dir='ltr'><strong>martyres</strong></span> <span class='ocrx_word' id='word_1_757' title='bbox 1650 5129 1753 5186; x_wconf 88' lang='lat' dir='ltr'><strong>litteris</strong></span> <span class='ocrx_word' id='word_1_758' title='bbox 1766 5129 1802 5185; x_wconf 87' lang='lat' dir='ltr'><strong>ad</strong></span> <span class='ocrx_word' id='word_1_759' title='bbox 1822 5146 1874 5186; x_wconf 88' lang='lat' dir='ltr'><strong>nos</strong></span> 
     </span>
     <span class='ocr_line' id='line_1_56' title="bbox 188 5223 556 5295; baseline -0.019 -14"><span class='ocrx_word' id='word_1_760' title='bbox 188 5224 270 5282; x_wconf 82' lang='lat' dir='ltr'><strong>lactis</strong></span> <span class='ocrx_word' id='word_1_761' title='bbox 283 5223 525 5295; x_wconf 78' lang='lat' dir='ltr'><strong>desideraverunt.</strong></span> <span class='ocrx_word' id='word_1_762' title='bbox 542 5245 556 5275; x_wconf 76' lang='lat' dir='ltr'><strong>s</strong></span> 
     </span>
    </p>

    <p class='ocr_par' dir='ltr' id='par_1_10' title="bbox 182 5304 1874 5836">
     <span class='ocr_line' id='line_1_57' title="bbox 220 5304 1872 5384; baseline -0.005 -13"><span class='ocrx_word' id='word_1_763' title='bbox 220 5314 370 5372; x_wconf 83' lang='lat' dir='ltr'><strong>Immerito</strong></span> <span class='ocrx_word' id='word_1_764' title='bbox 387 5311 516 5370; x_wconf 84' lang='lat' dir='ltr'><strong>Patavius</strong></span> <span class='ocrx_word' id='word_1_765' title='bbox 530 5329 565 5370; x_wconf 86' lang='lat' dir='ltr'><strong>ex</strong></span> <span class='ocrx_word' id='word_1_766' title='bbox 579 5313 634 5370; x_wconf 91' lang='lat' dir='ltr'><strong>hoc</strong></span> <span class='ocrx_word' id='word_1_767' title='bbox 656 5311 821 5370; x_wconf 90' lang='lat' dir='ltr'><strong>testimonio</strong></span> <span class='ocrx_word' id='word_1_768' title='bbox 842 5309 951 5384; x_wconf 85' lang='lat' dir='ltr'><strong>colligit</strong></span> <span class='ocrx_word' id='word_1_769' title='bbox 972 5325 1073 5383; x_wconf 88' lang='lat' dir='ltr'><strong>pacem</strong></span> <span class='ocrx_word' id='word_1_770' title='bbox 1088 5307 1123 5364; x_wconf 91' lang='lat' dir='ltr'><strong>iis</strong></span> <span class='ocrx_word' id='word_1_771' title='bbox 1138 5308 1187 5382; x_wconf 92' lang='lat' dir='ltr'><strong>qui</strong></span> <span class='ocrx_word' id='word_1_772' title='bbox 1206 5307 1317 5364; x_wconf 90' lang='lat' dir='ltr'><strong>libellos</strong></span> <span class='ocrx_word' id='word_1_773' title='bbox 1337 5321 1398 5364; x_wconf 92' lang='lat' dir='ltr'><strong>non</strong></span> <span class='ocrx_word' id='word_1_774' title='bbox 1415 5306 1569 5375; x_wconf 89' lang='lat' dir='ltr'><strong>habebant,</strong></span> <span class='ocrx_word' id='word_1_775' title='bbox 1587 5305 1758 5378; x_wconf 89' lang='lat' dir='ltr'><strong>denegatam</strong></span> <span class='ocrx_word' id='word_1_776' title='bbox 1773 5304 1872 5362; x_wconf 82' lang='lat' dir='ltr'><strong>luisse.</strong></span> 
     </span>
     <span class='ocr_line' id='line_1_58' title="bbox 184 5393 1874 5476; baseline -0.007 -15"><span class='ocrx_word' id='word_1_777' title='bbox 184 5405 255 5461; x_wconf 83' lang='lat' dir='ltr'><strong>Nam</strong></span> <span class='ocrx_word' id='word_1_778' title='bbox 271 5408 299 5460; x_wconf 79' lang='lat'><strong>¹⁰</strong></span> <span class='ocrx_word' id='word_1_779' title='bbox 311 5402 361 5475; x_wconf 92' lang='lat' dir='ltr'><strong>qui</strong></span> <span class='ocrx_word' id='word_1_780' title='bbox 373 5403 548 5476; x_wconf 89' lang='lat' dir='ltr'><strong>Cyprianum</strong></span> <span class='ocrx_word' id='word_1_781' title='bbox 560 5404 642 5475; x_wconf 90' lang='lat' dir='ltr'><strong>putet</strong></span> <span class='ocrx_word' id='word_1_782' title='bbox 656 5401 729 5458; x_wconf 88' lang='lat' dir='ltr'><strong>adeo</strong></span> <span class='ocrx_word' id='word_1_783' title='bbox 744 5399 886 5475; x_wconf 83' lang='lat' dir='ltr'><strong>aequitatis</strong></span> <span class='ocrx_word' id='word_1_784' title='bbox 900 5398 1021 5456; x_wconf 90' lang='lat' dir='ltr'><strong>oblitum</strong></span> <span class='ocrx_word' id='word_1_785' title='bbox 1035 5397 1132 5466; x_wconf 86' lang='lat' dir='ltr'><strong>luisse,</strong></span> <span class='ocrx_word' id='word_1_786' title='bbox 1151 5399 1185 5452; x_wconf 91' lang='lat' dir='ltr'><strong>ut</strong></span> <span class='ocrx_word' id='word_1_787' title='bbox 1201 5395 1237 5452; x_wconf 92' lang='lat' dir='ltr'><strong>iis</strong></span> <span class='ocrx_word' id='word_1_788' title='bbox 1255 5396 1306 5468; x_wconf 92' lang='lat' dir='ltr'><strong>qui</strong></span> <span class='ocrx_word' id='word_1_789' title='bbox 1324 5395 1521 5468; x_wconf 72' lang='lat' dir='ltr'><strong>penitentiam</strong></span> <span class='ocrx_word' id='word_1_790' title='bbox 1541 5393 1799 5466; x_wconf 76' lang='lat' dir='ltr'><strong>subterfugiebant,</strong></span> <span class='ocrx_word' id='word_1_791' title='bbox 1815 5413 1831 5444; x_wconf 82' lang='lat' dir='ltr'><strong>a</strong></span> <span class='ocrx_word' id='word_1_792' title='bbox 1844 5396 1874 5449; x_wconf 88' lang='lat' dir='ltr'><strong>et</strong></span> 
     </span>
     <span class='ocr_line' id='line_1_59' title="bbox 184 5481 1873 5566; baseline -0.008 -16"><span class='ocrx_word' id='word_1_793' title='bbox 184 5491 284 5550; x_wconf 88' lang='lat' dir='ltr'><strong>audaci</strong></span> <span class='ocrx_word' id='word_1_794' title='bbox 297 5491 471 5566; x_wconf 65' lang='lat' dir='ltr'><strong>mpudens</strong></span> <span class='ocrx_word' id='word_1_795' title='bbox 483 5508 516 5547; x_wconf 91' lang='lat' dir='ltr'><strong>ac</strong></span> <span class='ocrx_word' id='word_1_796' title='bbox 529 5491 650 5549; x_wconf 83' lang='lat' dir='ltr'><strong>violento</strong></span> <span class='ocrx_word' id='word_1_797' title='bbox 662 5489 771 5563; x_wconf 89' lang='lat' dir='ltr'><strong>impetn</strong></span> <span class='ocrx_word' id='word_1_798' title='bbox 785 5505 882 5562; x_wconf 88' lang='lat' dir='ltr'><strong>pacem</strong></span> <span class='ocrx_word' id='word_1_799' title='bbox 894 5493 1090 5560; x_wconf 85' lang='lat' dir='ltr'><strong>extorquere»</strong></span> <span class='ocrx_word' id='word_1_800' title='bbox 1103 5485 1280 5553; x_wconf 87' lang='lat' dir='ltr'><strong>nitebantur,</strong></span> <span class='ocrx_word' id='word_1_801' title='bbox 1293 5488 1352 5540; x_wconf 90' lang='lat' dir='ltr'><strong>tam</strong></span> <span class='ocrx_word' id='word_1_802' title='bbox 1363 5483 1488 5554; x_wconf 89' lang='lat' dir='ltr'><strong>benigne</strong></span> <span class='ocrx_word' id='word_1_803' title='bbox 1500 5482 1673 5556; x_wconf 84' lang='lat' dir='ltr'><strong>provideret,</strong></span> <span class='ocrx_word' id='word_1_804' title='bbox 1684 5503 1699 5534; x_wconf 77' lang='grc' dir='ltr'>ι</span> <span class='ocrx_word' id='word_1_805' title='bbox 1710 5481 1747 5538; x_wconf 91' lang='lat' dir='ltr'><strong>ad</strong></span> <span class='ocrx_word' id='word_1_806' title='bbox 1758 5481 1873 5538; x_wconf 88' lang='lat' dir='ltr'><strong>illorum</strong></span> 
     </span>
     <span class='ocr_line' id='line_1_60' title="bbox 185 5569 1872 5654; baseline -0.007 -17"><span class='ocrx_word' id='word_1_807' title='bbox 185 5582 352 5640; x_wconf 81' lang='lat' dir='ltr'><strong>violentiam</strong></span> <span class='ocrx_word' id='word_1_808' title='bbox 366 5580 485 5637; x_wconf 90' lang='lat' dir='ltr'><strong>interim</strong></span> <span class='ocrx_word' id='word_1_809' title='bbox 498 5596 613 5654; x_wconf 91' lang='lat' dir='ltr'><strong>quoque</strong></span> <span class='ocrx_word' id='word_1_810' title='bbox 627 5595 734 5653; x_wconf 86' lang='lat' dir='ltr'><strong>genere</strong></span> <span class='ocrx_word' id='word_1_811' title='bbox 747 5575 935 5650; x_wconf 88' lang='lat' dir='ltr'><strong>mitigandam</strong></span> <span class='ocrx_word' id='word_1_812' title='bbox 949 5597 964 5628; x_wconf 76' lang='lat' dir='ltr'><strong>s</strong></span> <span class='ocrx_word' id='word_1_813' title='bbox 981 5577 1042 5648; x_wconf 88' lang='lat' dir='ltr'><strong>(Ep.</strong></span> <span class='ocrx_word' id='word_1_814' title='bbox 1057 5573 1119 5646; x_wconf 81' lang='lat' dir='ltr'><strong>xv);</strong></span> <span class='ocrx_word' id='word_1_815' title='bbox 1139 5573 1260 5630; x_wconf 78' lang='lat' dir='ltr'><strong>fervidos</strong></span> <span class='ocrx_word' id='word_1_816' title='bbox 1273 5577 1371 5628; x_wconf 88' lang='lat' dir='ltr'><strong>autem</strong></span> <span class='ocrx_word' id='word_1_817' title='bbox 1384 5570 1565 5644; x_wconf 74' lang='lat' dir='ltr'><strong>prenitentes,</strong></span> <span class='ocrx_word' id='word_1_818' title='bbox 1581 5571 1630 5646; x_wconf 89' lang='lat' dir='ltr'><strong>qni</strong></span> <span class='ocrx_word' id='word_1_819' title='bbox 1644 5586 1674 5628; x_wconf 91' lang='lat' dir='ltr'><strong>se</strong></span> <span class='ocrx_word' id='word_1_820' title='bbox 1687 5569 1814 5644; x_wconf 89' lang='lat' dir='ltr'><strong>episcopi</strong></span> <span class='ocrx_word' id='word_1_821' title='bbox 1827 5569 1872 5625; x_wconf 93' lang='lat' dir='ltr'><strong>sui</strong></span> 
     </span>
     <span class='ocr_line' id='line_1_61' title="bbox 182 5656 1872 5745; baseline -0.008 -16"><span class='ocrx_word' id='word_1_822' title='bbox 182 5671 291 5745; x_wconf 85' lang='lat' dir='ltr'><strong>judicio</strong></span> <span class='ocrx_word' id='word_1_823' title='bbox 303 5669 483 5728; x_wconf 89' lang='lat' dir='ltr'><strong>committere</strong></span> <span class='ocrx_word' id='word_1_824' title='bbox 496 5685 582 5743; x_wconf 88' lang='lat' dir='ltr'><strong>quam</strong></span> <span class='ocrx_word' id='word_1_825' title='bbox 597 5667 793 5742; x_wconf 72' lang='lat' dir='ltr'><strong>penitentiam</strong></span> <span class='ocrx_word' id='word_1_826' title='bbox 807 5665 950 5722; x_wconf 91' lang='lat' dir='ltr'><strong>declinare</strong></span> <span class='ocrx_word' id='word_1_827' title='bbox 964 5663 1135 5730; x_wconf 90' lang='lat' dir='ltr'><strong>maluerant,</strong></span> <span class='ocrx_word' id='word_1_828' title='bbox 1147 5661 1208 5719; x_wconf 88' lang='lat' dir='ltr'><strong>sine</strong></span> <span class='ocrx_word' id='word_1_829' title='bbox 1221 5675 1291 5733; x_wconf 87' lang='lat' dir='ltr'><strong>pace</strong></span> <span class='ocrx_word' id='word_1_830' title='bbox 1310 5662 1341 5716; x_wconf 90' lang='lat' dir='ltr'><strong>et</strong></span> <span class='ocrx_word' id='word_1_831' title='bbox 1358 5659 1561 5716; x_wconf 90' lang='lat' dir='ltr'><strong>communione</strong></span> <span class='ocrx_word' id='word_1_832' title='bbox 1575 5658 1651 5718; x_wconf 90' lang='lat' dir='ltr'><strong>mori</strong></span> <span class='ocrx_word' id='word_1_833' title='bbox 1665 5656 1829 5732; x_wconf 74' lang='lat' dir='ltr'><strong>pateretur?</strong></span> <span class='ocrx_word' id='word_1_834' title='bbox 1840 5659 1872 5716; x_wconf 78' lang='lat'><strong>2⁰</strong></span> 
     </span>
     <span class='ocr_line' id='line_1_62' title="bbox 183 5745 1868 5836; baseline -0.005 -18"><span class='ocrx_word' id='word_1_835' title='bbox 183 5761 280 5819; x_wconf 88' lang='lat' dir='ltr'><strong>Cieros</strong></span> <span class='ocrx_word' id='word_1_836' title='bbox 295 5756 439 5836; x_wconf 80' lang='grc'>57-58</span> <span class='ocrx_word' id='word_1_837' title='bbox 459 5761 604 5820; x_wconf 81' lang='lat' dir='ltr'><strong>Romanus</strong></span> <span class='ocrx_word' id='word_1_838' title='bbox 622 5756 890 5834; x_wconf 87' lang='lat' dir='ltr'><strong>Carthaginensem,</strong></span> <span class='ocrx_word' id='word_1_839' title='bbox 904 5753 1022 5812; x_wconf 86' lang='lat' dir='ltr'><strong>absente</strong></span> <span class='ocrx_word' id='word_1_840' title='bbox 1039 5752 1181 5828; x_wconf 90' lang='lat' dir='ltr'><strong>Cypriane</strong></span> <span class='ocrx_word' id='word_1_841' title='bbox 1199 5751 1379 5810; x_wconf 77' lang='lat' dir='ltr'><strong>monuerat«</strong></span> <span class='ocrx_word' id='word_1_842' title='bbox 1397 5754 1430 5808; x_wconf 90' lang='lat' dir='ltr'><strong>ut</strong></span> <span class='ocrx_word' id='word_1_843' title='bbox 1442 5749 1476 5806; x_wconf 89' lang='lat' dir='ltr'><strong>iis</strong></span> <span class='ocrx_word' id='word_1_844' title='bbox 1492 5754 1558 5824; x_wconf 89' lang='lat' dir='ltr'><strong>post</strong></span> <span class='ocrx_word' id='word_1_845' title='bbox 1574 5749 1687 5825; x_wconf 91' lang='lat' dir='ltr'><strong>lapsum</strong></span> <span class='ocrx_word' id='word_1_846' title='bbox 1702 5745 1868 5810; x_wconf 76' lang='lat' dir='ltr'><strong>infirmitate</strong></span> 
     </span>
    </p>
   </div>
   <div class='ocr_carea' id='block_1_10' title="bbox 0 0 2042 6184">
    <p class='ocr_par' dir='ltr' id='par_1_11' title="bbox 0 0 2042 6184">
     <span class='ocr_line' id='line_1_63' title="bbox 0 0 2042 6184; baseline 0 0"><span class='ocrx_word' id='word_1_847' title='bbox 0 0 2042 6184; x_wconf 95' lang='lat' dir='ltr'><strong> </strong></span> 
     </span>
    </p>
   </div>
  </div>
 </body>
</html>
