4076 6190
131 267 167 322 tls
771 263 844 321 tut
863 265 891 320 S.
909 265 1078 322 CYPltthl.
1730 276 1779 332 158

124 397 286 466 preterquam
305 389 382 462 quod
403 389 574 446 edbibendae
593 393 674 446 erunt
692 391 855 463 Scriptores,
882 399 912 448 ut
922 393 999 499 Asis
1020 395 1140 467 injectus
1161 417 1176 446 u
1195 413 1302 454 meror
1320 402 1407 473 atque
1429 401 1572 458 cruciatus
1593 401 1629 458 de
1650 403 1778 474 periculo

126 483 326 560 quidCbristiaui
336 485 484 552 sentirent,
493 483 562 556 quid
570 489 729 556 sperarent,
736 485 766 540 in
778 494 911 559 promptu
964 489 1118 561 virginum,
1133 506 1185 562 pre
1202 491 1307 562 quibus
1326 509 1383 550 nou
1398 499 1512 550 tantum
1526 496 1674 564 libertatis,
1687 497 1735 553 sed
1750 501 1780 554 et

124 585 194 649 esset,
220 579 290 634 inest
317 578 447 650 proiecte
474 578 565 634 seneli
592 578 714 650 Spiritus
744 580 915 637 testimoniis
964 582 1084 656 pudoris
1098 584 1210 655 jactura
1225 585 1358 642 deflenda
1378 609 1392 638 u
1409 588 1587 645 videbuntur.
1603 593 1779 663 Quapropter

124 679 185 730 unte
199 673 236 729 ris
252 690 283 727 ao
298 676 376 728 tauta
391 671 534 744 majestas,
549 676 582 727 ut
595 673 636 728 rel
657 689 705 728 eos
724 673 774 745 qui
789 675 914 732 menime
966 697 980 727 u
993 681 1127 749 prompte
1149 695 1250 734 ornnes
1270 683 1300 734 et
1319 680 1443 737 libenter
1460 699 1492 738 ac
1511 683 1630 754 largiter
1651 685 1778 743 subsidia

124 768 305 834 ebdumerunt,
319 781 487 838 permovere
505 764 624 838 possint.
639 766 712 834 (vid.
730 769 789 822 eet.
809 767 913 838 baluz.)
964 771 1129 827 nummaria
1151 772 1287 829 iratribus
1307 773 1500 843 contulerunt,
1523 793 1638 850 semper
1661 779 1776 851 quidem

149 863 217 917 llum
236 860 340 915 librum
361 859 391 914 in
416 859 609 930 persecutione
627 860 696 916 Galli
719 866 749 916 et
772 861 914 916 Volusiani
964 864 1122 920 secuudum
1142 865 1207 922 ildei
1221 883 1279 922 sues
1293 867 1458 925 firmitatem
1473 870 1507 926 ad
1523 886 1595 942 opus
1613 872 1661 928 [lei
1680 874 1774 944 proni,

122 955 235 1026 scriptum
250 969 311 1009 esse
329 957 409 1024 petet
425 969 458 1008 ex
479 951 641 1009 testimonio
660 953 763 1022 Pontii,
778 955 827 1026 qui
845 971 913 1010 eum
963 975 1038 1014 nunc
1058 963 1164 1030 temen,
1184 960 1224 1014 eit
1242 961 1409 1033 Cyprianus,
1424 963 1517 1036 magis
1536 965 1573 1020 ad
1592 983 1679 1038 opera
1699 969 1775 1024 selu-

120 1053 226 1104 recenset
242 1047 316 1102 inter
335 1047 423 1103 libros
439 1047 472 1102 de
490 1049 583 1118 lapsis
601 1051 630 1103 et
651 1048 684 1104 ds
700 1051 809 1105 Unitete
821 1051 911 1106 Eccle-
963 1053 1033 1108 teris
1048 1053 1287 1128 contemplatione
1301 1055 1372 1112 tunti
1382 1056 1489 1112 doloris
1500 1059 1621 1114 accensi.
1634 1081 1648 1110 n
1664 1059 1779 1133 Scripsit

119 1147 153 1198 sie
171 1145 229 1213 pest
249 1141 325 1198 Decii
349 1141 577 1212 persecutionem
605 1142 735 1214 scriptos,
758 1147 786 1198 et
808 1142 913 1198 librum
963 1145 1059 1218 itaque
1081 1147 1241 1218 Cyprianus
1267 1149 1349 1221 epist.
1374 1153 1408 1206 60
1429 1152 1467 1206 ed
1490 1155 1628 1224 episcopos
1643 1155 1780 1212 Numidiae

118 1237 290 1298 erasmum,
306 1235 355 1308 qui
379 1234 607 1306 persecutionem
623 1235 763 1291 Valeriani
783 1241 909 1292 enteces-
962 1255 994 1296 ac
1020 1241 1098 1297 misit
1126 1262 1140 1291 ιι
1168 1242 1302 1299 sestercio
1327 1247 1439 1300 centum
1468 1246 1556 1302 millis
1582 1262 1776 1316 nummorum,

119 1331 152 1386 sit.
164 1331 231 1384 idem
245 1329 333 1384 etiam
352 1327 424 1384 effici
444 1331 538 1401 petest
556 1345 590 1384 er
611 1328 657 1384 his
669 1327 760 1386 verbis
778 1329 911 1401 Cypriani
963 1332 1032 1390 cleri
1046 1337 1076 1390 et
1090 1335 1184 1406 plebis
1197 1335 1347 1394 oelletioee
1360 1338 1485 1396 collecta.
1501 1360 1515 1390 e
1531 1340 1622 1412 Rogat
1636 1358 1684 1396 ees
1696 1358 1777 1398 senc·

120 1429 148 1496 tp.
167 1425 223 1494 titt
245 1440 252 1480 ι
275 1443 290 1472 ιι
314 1424 349 1480 Ut
372 1422 527 1478 memorias
548 1426 695 1480 teceamus
713 1423 858 1495 antiquas,
883 1427 913 1480 et
962 1432 1007 1482 tus
1028 1429 1132 1500 ltertyr
1153 1434 1194 1499 ut,
1216 1429 1239 1484 si
1262 1429 1331 1502 quid
1350 1431 1405 1487 tale
1429 1431 1565 1505 deinceps
1584 1434 1728 1504 acciderit,
1749 1435 1777 1492 id

118 1520 219 1574 ulbenes
241 1535 293 1589 pro
318 1517 475 1573 cultoribus
502 1516 553 1572 Dei
579 1533 655 1588 slepe
677 1517 810 1589 repetitos
833 1517 911 1574 nullo
962 1521 1024 1576 siue
1038 1538 1117 1578 mere
1127 1539 1179 1594 per
1191 1521 1297 1579 litteras
1308 1525 1449 1593 nuntient,
1463 1547 1476 1576 u
1488 1543 1539 1598 pro
1551 1531 1628 1582 certo
1641 1528 1779 1585 babentes

119 1613 176 1666 imis
191 1611 332 1684 preconio
354 1611 540 1680 resolvemus,
561 1611 765 1668 documentum
789 1612 911 1669 recentis
962 1615 1113 1672 Ecclesiam
1136 1616 1410 1690 (Carthaginensem)
1430 1623 1459 1674 et
1480 1621 1690 1676 fraternitatem
1712 1623 1776 1678 uni·

116 1707 147 1762 rei
164 1706 223 1761 setis
243 1713 295 1774 est,
318 1706 392 1778 qued
414 1705 454 1760 sic
474 1704 605 1760 celeriter
625 1707 758 1778 quodque
781 1706 809 1762 in
832 1710 911 1762 tante
962 1725 1072 1764 versam
1095 1725 1131 1766 ne
1150 1709 1212 1766 herc
1227 1711 1300 1766 ultra
1318 1710 1390 1768 tinet
1407 1713 1538 1785 precibus
1552 1731 1650 1784 orare;
1663 1715 1686 1770 si
1704 1715 1779 1772 iscla

116 1801 234 1856 cetenute
254 1801 295 1855 sie
314 1799 463 1872 granditer
483 1815 576 1871 nuper
593 1803 686 1854 secuta
707 1799 836 1856 defensio
856 1804 907 1868 est,
919 1791 948 1864 B
960 1804 1077 1872 tuerint,
1101 1804 1223 1860 libenter
1251 1809 1280 1860 et
1303 1805 1422 1878 largiter
1447 1807 1570 1864 subsidia
1593 1813 1738 1881 praestare.
1760 1832 1774 1861 u

115 1895 186 1950 ruinis
208 1911 313 1962 rerum,
333 1893 453 1966 jacturis
476 1911 576 1966 epum,
600 1893 750 1966 dispendio
773 1893 906 1964 militum,
958 1895 1090 1954 subdidit
1108 1897 1193 1953 etism
1214 1897 1372 1970 Cyprianus
1392 1899 1510 1960 uomina
1529 1899 1709 1974 singulorum
1727 1903 1776 1975 qui

115 1989 282 2044 diminutione
303 1995 473 2044 castrorum.
492 2009 506 2038 s
525 1988 688 2060 Legebetur
706 1987 735 2044 in
756 1987 909 2060 superiori·
959 1991 994 2046 ed
1011 1991 1067 2048 boc
1088 2007 1161 2062 epus
1176 1995 1234 2047 tarn
1248 1994 1436 2050 necessarium
1456 1999 1590 2068 prompte
1609 2012 1641 2052 sc
1655 1996 1780 2054 libenter

114 2083 154 2136 bus
171 2083 350 2144 editionibus,
374 2103 388 2134 e
410 2082 499 2138 ruinis
520 2098 632 2154 regum,
652 2103 666 2131 u
690 2081 795 2154 quibus
816 2081 908 2138 serbis
959 2085 1070 2157 operati
1090 2085 1215 2154 fuerant,
1235 2091 1266 2142 ut
1286 2087 1326 2142 eis
1347 2088 1471 2160 episcopi
1489 2088 1582 2146 sicem
1601 2090 1669 2146 beni
1684 2091 1779 2163 operis

114 2177 192 2232 becles
204 2177 349 2248 designari
361 2176 562 2232 existimarunt
574 2175 765 2246 eruditised,
780 2176 909 2248 quemvis
959 2178 989 2234 iu
1012 2179 1161 2234 secrilloiis
1186 2184 1214 2234 et
1237 2181 1369 2252 precibus
1394 2186 1646 2254 representarenl;
1671 2185 1720 2240 sed
1749 2188 1779 2241 et

115 2270 220 2326 baluzius
238 2288 272 2326 ex
297 2275 426 2326 veterum
447 2269 576 2327 codicum
596 2270 762 2326 atteteritete
783 2270 910 2342 posuerit
960 2273 1135 2346 collegarum
1153 2279 1181 2330 et
1193 2276 1437 2344 consacerdotum,
1451 2277 1500 2350 qui
1513 2281 1542 2333 et
1553 2278 1618 2350 ipsi,
1630 2293 1695 2336 cunr
1710 2295 1780 2351 pree·

116 2368 214 2423 uminis
232 2385 343 2436 rernm,
363 2391 378 2420 u
394 2385 453 2424 nen
474 2369 568 2424 minus
585 2367 736 2423 manifesta
755 2367 909 2440 descriptio
961 2372 1057 2422 sentes
1081 2371 1185 2436 essent,
1205 2373 1233 2422 et
1254 2385 1306 2425 suo
1327 2375 1357 2426 et
1377 2370 1466 2440 plebis
1485 2387 1543 2428 sure
1562 2371 1679 2430 nomine
1699 2389 1778 2445 quse·

113 2469 144 2516 est
169 2479 261 2518 eorum
295 2479 362 2534 quae
394 2462 482 2518 tiociis
515 2463 551 2518 ob
584 2465 700 2518 rexetes
732 2462 909 2518 Christianos
959 2460 1028 2516 dam
1058 2477 1110 2533 pro
1141 2461 1249 2518 viribus
1275 2463 1472 2534 contulerant,
1502 2467 1622 2522 nomina
1648 2466 1778 2538 addidit,

113 2562 262 2624 euenerunt,
281 2573 336 2612 nee
364 2557 466 2612 referri
492 2559 587 2628 petest
612 2556 646 2610 ed
673 2554 832 2612 Gordianos
859 2561 911 2612 etit
960 2569 1118 2626 eorumque
1149 2556 1309 2612 summulas
1337 2557 1508 2630 significavit
1540 2564 1569 2615 et
1598 2559 1687 2616 misit.
1714 2561 1779 2616 lime

113 2649 244 2722 Philippos,
258 2652 309 2723 qui
323 2651 499 2707 Christianos
516 2667 572 2706 non
590 2656 654 2706 sunt
670 2649 821 2721 persecuti.
960 2647 1130 2704 Pearsonius
1153 2649 1304 2720 contigisse
1326 2657 1409 2723 putet
1428 2650 1511 2709 initio
1536 2653 1604 2708 anni
1628 2656 1689 2722 253,
1712 2671 1778 2712 cum

139 2743 224 2818 148
249 2745 464 2802 demetrianum
489 2759 576 2816 quem
604 2743 759 2815 Cyprianus
787 2743 907 2814 retollit,
960 2741 1031 2796 Galli
1055 2741 1230 2814 negligentis
1249 2743 1377 2800 barbaris
1398 2746 1562 2802 nationibus
1581 2747 1611 2802 iu
1633 2748 1778 2805 Romane·

112 2837 146 2892 elii
167 2839 364 2908 proconsulem
388 2838 499 2906 Africae,
522 2839 569 2896 elii
594 2854 683 2894 unum
708 2853 742 2894 ex
764 2836 911 2909 judicibus
960 2849 1026 2890 rum
1040 2836 1109 2890 sines
1124 2834 1458 2909 149edituspateret.
1471 2839 1542 2895 Illud
1556 2839 1780 2896 saltemridetur

112 2931 181 2988 luisse
201 2933 306 3004 opinati
330 2937 407 2988 sunt.
430 2932 607 2988 Crediderim
630 2931 723 3004 potius
746 2947 835 2987 unum
857 2931 908 2986 ali·
959 2927 1044 2983 stetui
1070 2944 1161 3000 posse,
1185 2929 1259 2984 banc
1285 2929 1434 3000 epistolem
1457 2935 1522 3004 pest
1546 2934 1780 3004 persecutionem

112 3041 179 3096 quem
200 3043 231 3082 er
252 3025 389 3100 sophistis
409 3026 513 3096 fuisse;
534 3025 620 3098 idque
644 3025 711 3081 setis
734 3025 910 3098 persuadent
960 3021 1036 3076 Decii
1049 3021 1183 3094 scriptam
1195 3021 1290 3078 inisse.
1304 3023 1333 3080 si
1346 3024 1409 3096 quis
1423 3025 1500 3082 enim
1514 3026 1620 3082 librum
1633 3027 1774 3098 delapsis

112 3119 200 3175 crebre
217 3137 283 3178 cnm
305 3120 448 3193 Cypriane
467 3120 682 3191 disputationes,
706 3119 856 3176 calumnier
879 3119 908 3174 in
959 3131 1025 3170 enm
1046 3115 1099 3171 bec
1118 3116 1240 3187 epistola
1254 3117 1393 3189 conterat,
1406 3119 1486 3174 facile
1507 3119 1645 3192 intelliget
1659 3122 1778 3178 Cartba-

111 3213 262 3270 Cbristianos
293 3219 325 3272 et
355 3215 572 3270 criminationes
602 3231 674 3287 ques
699 3214 725 3270 ei
757 3165 1094 3285 exprobratcginenses
1106 3210 1145 3266 sic
1160 3214 1189 3266 et
1201 3213 1400 3283 persecutione
1419 3219 1603 3286 expurgatos,
1617 3221 1646 3272 et
1658 3217 1734 3271 curis
1747 3233 1780 3274 ac

111 3309 255 3380 Cyprianus,
278 3325 465 3382 nequaquam
490 3309 618 3365 indicens
645 3311 817 3381 potestatem
843 3324 908 3364 curu
960 3303 1106 3360 laboribus
1133 3305 1269 3377 Cypriani
1295 3307 1459 3364 immutatos
1483 3307 1581 3376 luisse,
1605 3313 1637 3366 ut
1662 3310 1778 3366 eosdem

111 3403 171 3458 nate
187 3403 237 3458 bac
254 3407 357 3459 mente
371 3403 551 3475 conjunctam
570 3403 664 3458 fuisse.
680 3402 829 3474 Decepisse
843 3419 908 3457 eru·
961 3413 1022 3454 esse
1039 3398 1084 3454 vix
1101 3415 1248 3470 agnoscas.
1263 3401 1346 3470 Nam,
1360 3417 1425 3458 cum
1439 3405 1526 3458 antea
1538 3401 1675 3474 plurimes
1687 3403 1715 3458 in
1729 3405 1784 3474 bae

112 3493 171 3552 dites
183 3497 311 3555 bomines
331 3496 466 3552 ridentur
479 3497 541 3552 brec
560 3497 647 3553 rerba
666 3499 705 3568 (p.
722 3497 783 3568 nte)
800 3512 807 3550 ε
825 3515 838 3547 u
855 3495 910 3560 Qui
963 3491 1089 3548 Ecclesia
1110 3491 1282 3550 diuturnitas
1300 3495 1379 3566 pacis
1398 3496 1580 3568 corrupisset,
1597 3498 1625 3552 et
1642 3497 1780 3569 patrimo·

112 3587 167 3645 elios
174 3591 293 3662 judices,
307 3590 465 3663 aliquande
479 3594 508 3646 el
525 3597 555 3647 tu
571 3596 632 3646 este
651 3591 692 3646 tui
704 3589 805 3662 judex.
822 3611 836 3640 n
854 3589 911 3645 Sed
962 3585 1003 3641 nii
1017 3603 1101 3644 amor
1114 3587 1274 3644 sacrificare
1287 3588 1447 3646 simulacris
1461 3589 1612 3661 adegisset,
1629 3606 1705 3648 nuuc
1717 3609 1780 3650 em·

111 3681 159 3738 bec
169 3685 353 3757 adjudicium
366 3685 478 3741 iereuse
496 3701 555 3741 non
573 3685 728 3756 pertinent,
743 3699 795 3740 nec
812 3686 911 3741 Deme·
962 3695 1022 3750 nes,
1036 3685 1154 3753 eccepto
1177 3681 1218 3736 rei
1236 3681 1265 3738 in
1286 3682 1418 3740 Numidis
1438 3689 1525 3756 gestie
1539 3684 1652 3754 nuntio,
1668 3686 1783 3758 captivi·

111 3777 219 3834 trienum
241 3779 415 3836 nominatim
436 3779 507 3852 petit
528 3780 696 3852 Cyprianus,
715 3778 764 3834 sed
787 3793 908 3850 genere·
961 3778 1052 3830 tatem
1075 3775 1199 3831 fratrom
1223 3791 1305 3832 suam
1328 3781 1508 3850 computent,
1531 3795 1632 3835 omnes
1655 3779 1783 3852 periculo

111 3871 150 3926 tin
162 3874 285 3946 gentiles,
303 3873 418 3947 quibus,
430 3879 462 3929 ut
481 3873 585 3929 ibidem
602 3872 651 3942 eit,
668 3872 786 3928 vacabat
801 3893 816 3922 u
835 3872 912 3927 inter
961 3867 1107 3940 virginum
1126 3874 1249 3926 moereut
1267 3875 1295 3926 et
1311 3872 1521 3943 excruciantur,
1535 3889 1636 3929 omnes
1654 3872 1691 3930 ad
1709 3875 1785 3930 redi·

110 3965 158 4036 ipsa
182 3969 297 4024 adverse
326 3969 417 4048 meles
447 3985 524 4036 esse,
552 3974 580 4023 et
606 3967 636 4022 in
664 3965 799 4039 periculis
823 3966 911 4023 tantis
963 3963 1069 4020 menda
1094 3965 1142 4020 Dei
1166 3965 1271 4038 temple
1292 3965 1424 4022 certatim
1447 3982 1515 4038 opes
1536 3984 1601 4022 suas
1620 3966 1782 4038 effundunt,

111 4063 373 4134 nondesemagis,
393 4061 441 4118 sed
460 4062 495 4118 de
514 4061 755 4132 alterojudieere.
776 4081 790 4112 u
813 4061 910 4133 Neque
963 4073 1065 4112 omues
1095 4065 1249 4130 precentur
1282 4076 1318 4115 ne
1352 4060 1413 4115 baec
1444 4060 1518 4116 ultre
1550 4060 1635 4130 nunu
1664 4060 1730 4132 sed,
1760 4062 1784 4118 si

111 4154 179 4210 etiem
192 4157 225 4212 sd
239 4156 455 4213 Demetrianum
471 4155 585 4228 proprie
603 4157 734 4228 spectent
751 4155 813 4210 haee
826 4156 912 4212 rerba
961 4151 1036 4206 fecte
1055 4151 1174 4222 fuerint,
1193 4153 1318 4210 libenter
1335 4155 1365 4209 el
1386 4154 1505 4226 largiter
1520 4154 1642 4212 subsidia
1662 4155 1782 4226 premit·

111 4252 141 4318 {p
161 4251 218 4322 aro)
242 4269 249 4306 :
276 4273 292 4300 «
318 4251 460 4318 innoxios,
481 4250 584 4322 justos,
611 4250 670 4306 lieo
697 4250 799 4306 charos
823 4251 911 4306 dome
961 4248 1035 4301 tunt.

110 4343 195 4412 prims,
209 4345 383 4417 Ρᾶῑΐίῐῦῡῦῑθ
405 4344 518 4416 ⁵P⁰¹i⁸⁸2
537 4345 643 4399 &¹0⁰1ss
663 4345 782 4416 Ptflfflss.
799 4359 911 4400 tmere
961 4359 1076 4416 xxvtu.
1096 4363 1187 4416 —De
1211 4361 1288 4417 labris
1309 4367 1335 4417 et
1357 4363 1477 4433 epistolis
1494 4369 1557 4435 post
1572 4365 1783 4434 persecutionem

110 4435 221 4508 includis,
241 4439 350 4511 gladio,
368 4439 479 4508 bestiis,
499 4438 613 4510 ignibus
633 4439 728 4512 punis,
748 4442 816 4508 ete,
832 4461 846 4490 u
863 4437 912 4494 sed
996 4442 1106 4512 scriptis
1118 4442 1167 4496 sub
1181 4443 1327 4498 Veleriuuo
1340 4449 1423 4514 etque
1434 4446 1464 4499 in
1474 4445 1635 4516 primordiis
1648 4445 1783 4516 Stepbem‘

111 4534 254 4601 generatim
274 4534 313 4590 ed
337 4549 438 4590 omnes
461 4532 598 4602 etbnices,
620 4549 705 4605 quies,
727 4539 759 4588 nt
780 4531 841 4588 fleri
865 4539 951 4611 so-1)
994 4537 1086 4592 pape,
1100 4525 1245 4578 “²1²11'8253
1261 4523 1362 4580 22254·

109 4623 141 4680 let
161 4627 186 4682 in
209 4628 350 4700 ejusmodi
377 4627 564 4697 erationibus,
588 4642 665 4682 nunc
689 4625 829 4698 singulari
853 4641 905 4681 nu·
995 4625 1056 4680 Nou
1074 4625 1164 4682 multe
1188 4631 1252 4697 post
1273 4626 1350 4682 Lucii
1367 4625 1547 4699 martyrium,
1563 4627 1639 4700 qnod
1662 4625 1784 4698 contigit

110 4734 184 4791 nere,
201 4739 276 4778 niune
289 4722 392 4794 plurali
408 4721 572 4793 alloquitur.
592 4721 675 4777 Paule
690 4727 755 4776 ente
773 4719 906 4776 dicebat:
958 4719 1004 4775 die
1030 4720 1131 4792 quinto
1153 4720 1244 4776 bertii
1264 4721 1350 4792 hujus
1370 4721 1438 4776 enni
1456 4723 1519 4788 253,
1539 4721 1645 4776 electus
1662 4725 1704 4776 est
1721 4721 1782 4776 Ste-

111 4836 120 4856 ν
136 4815 224 4872 tdbue
243 4817 361 4889 insuper
377 4815 427 4872 Dei
442 4831 538 4870 serres
551 4819 581 4870 et
595 4813 736 4886 majestati
752 4831 785 4870 ec
799 4812 909 4869 nemini
960 4815 1084 4886 pbenus,
1098 4814 1173 4869 ferte
1193 4813 1259 4885 quie
1277 4814 1338 4885 jam
1360 4817 1420 4869 tum
1443 4813 1621 4870 Christianos
1641 4814 1783 4886 respirare

110 4907 159 4976 ejus
176 4909 278 4966 dicatos
298 4909 412 4982 injustis
432 4909 677 4981 persecutionibus
699 4907 837 4982 fatigatis.
858 4909 908 4964 Se·
961 4906 1099 4963 sinebant
1123 4910 1217 4962 metus
1242 4907 1271 4964 in
1295 4908 1415 4980 imperio
1442 4907 1565 4964 excitati.
1591 4909 1660 4962 Nem
1684 4923 1784 4965 mense

110 5001 137 5056 tis
157 5019 209 5059 non
229 5011 272 5061 est
292 5004 370 5076 quod
391 5003 453 5075 ipse
475 5009 505 5058 tu
528 5003 617 5058 neum
639 5019 697 5059 nen
720 5003 798 5072 celis,
818 5001 910 5058 adhuc
960 5002 1042 5069 liaio,
1066 5006 1098 5057 ut
1117 5000 1288 5058 doctissimis
1306 5002 1414 5058 criticis
1435 5002 1559 5070 videtur,
1574 5002 1646 5058 ultio
1666 5003 1782 5074 seogui-

110 5093 210 5170 insuper
227 5115 277 5154 ees
294 5099 345 5171 qui
366 5098 465 5154 colunt
484 5096 622 5169 sacrilega
642 5096 828 5152 infestatione
844 5111 909 5168 per·
961 5096 1005 5151 nis
1023 5095 1253 5153 christianorum
1270 5096 1299 5152 in
1319 5097 1396 5154 Gello
1417 5096 1529 5160 enituit,
1543 5113 1629 5169 quiem
1649 5097 1692 5152 sui
1707 5096 1784 5153 mili·

111 5193 259 5262 sequeris.»
961 5194 1018 5259 tes,
1046 5207 1111 5245 cum
1139 5188 1303 5263 repellendo
1327 5191 1489 5260 AEmilinnn,
1513 5191 1562 5264 qui
1586 5192 1647 5263 jem
1674 5191 1784 5248 ltaliam

137 5286 257 5357 Cypriani
271 5287 433 5344 bertstibus
447 5301 565 5342 accense
585 5285 666 5358 plebs
682 5283 911 5357 Carthaginensis
962 5289 1162 5356 occupaverat,
1189 5284 1330 5358 imperem
1354 5285 1496 5356 riderent,
1523 5285 1647 5360 imperio
1674 5289 1703 5341 et
1727 5285 1786 5342 vita

111 5375 392 5454 libenterarripiebst,
403 5381 425 5436 si
439 5397 497 5454 qua
509 5397 539 5436 se
551 5380 632 5436 daret
644 5380 754 5436 eccesie
766 5379 912 5435 eberitatis
962 5377 1129 5450 spoliarunt.
1152 5381 1223 5437 Cum
1247 5383 1344 5436 eutem
1365 5378 1533 5436 AEmilinnus
1551 5379 1614 5452 ipse
1636 5379 1711 5436 eirea
1731 5381 1787 5436 Au-

112 5477 270 5532 exercende.
286 5476 369 5542 erod
385 5482 446 5532 tum
462 5474 587 5531 maxime
601 5473 754 5530 declararit
765 5489 831 5528 eum
847 5476 909 5529 ecto
963 5476 1080 5546 gustum
1099 5489 1228 5530 mensem
1241 5489 1257 5528 s
1270 5474 1419 5545 militibus,
1437 5473 1486 5547 tyni
1506 5471 1660 5546 imperium
1674 5473 1784 5530 detule-

113 5565 233 5626 b'emidiae
257 5569 383 5642 episcopi
409 5569 578 5643 gravissime
599 5584 665 5624 essu
690 5567 813 5640 perculsi
835 5567 912 5640 quod
964 5571 1030 5623 rant
1056 5567 1166 5626 occisus
1189 5568 1298 5635 fuisset,
1323 5567 1447 5640 imperio
1471 5568 1578 5640 potitus
1605 5573 1647 5623 est
1671 5567 1786 5624 nemine

114 5659 560 5734 plurestristianoseNumidin,
572 5661 913 5734 inbisrirginestristo
963 5660 1165 5734 interpellente
1188 5661 1363 5731 Valerianus,
1384 5663 1467 5735 eujus
1486 5661 1621 5735 equitate
1637 5666 1665 5717 et
1684 5660 1787 5716 eximio

115 5751 212 5828 dientes,
227 5757 341 5814 barbari
352 5757 545 5829 abduxissent,
561 5773 648 5830 opem
665 5755 799 5829 Cypriani
811 5755 914 5829 imple·
963 5755 1061 5813 terere
1085 5771 1201 5813 summe
1226 5773 1281 5829 pax
1304 5756 1437 5814 Ecclesies
1459 5756 1575 5814 affulsit.
1601 5754 1667 5824 Sed,
1690 5753 1789 5810 sedete

117 5855 208 5906 urunt.
222 5853 293 5913 ium
308 5869 373 5910 rere
387 5851 545 5909 eommunis
560 5850 691 5910 Ecclesiae
704 5850 912 5926 Cartbagincn·
964 5849 1171 5925 persecutionis
1184 5851 1320 5925 procella,
1336 5850 1422 5923 pestis
1438 5849 1660 5922 ingravescebat.
1678 5848 1787 5916 Quam·
