4076 6190
211 287 248 345 ιι
961 293 1147 352 ensesue.
1861 281 1899 342 eo
1965 318 1973 330 .

210 411 352 483 baptisma
370 411 502 483 rejicere.
513 415 546 470 ι*
560 415 714 472 liareticos
727 416 782 474 hee
796 417 859 474 loco
873 417 1036 490 Stephanus
1049 412 1191 490 Cypriane
1207 413 1243 470 ad
1259 413 1427 470 imitandum
1445 409 1591 484 proponit.
1605 406 1662 467 Etsi
1680 405 1758 464 enirn
1777 409 1898 480 uterque

209 500 247 556 de
265 501 406 572 baptismo
424 503 575 574 magnilica
590 505 742 574 sentiebat,
759 509 881 578 uterquc
895 513 991 562 tamen
1007 507 1122 562 exiliter
1136 504 1242 560 sentire
1260 503 1341 560 alteri
1356 501 1516 558 videbatur.
1536 501 1576 556 De
1595 497 1730 572 Baptismi
1749 496 1897 554 sanctitate

210 597 242 646 et
257 591 408 661 maJ'estate
423 591 537 648 detrahi
557 593 738 650 existimabat
756 595 925 668 Cyprianus,
949 596 972 652 si
988 597 1071 652 datus
1085 594 1120 650 ab
1135 592 1277 650 haereticis
1294 592 1414 658 valerem
1431 591 1571 662 baptismo
1588 589 1721 661 injuriam
1738 585 1900 658 Stephanus

210 677 276 734 fieri
291 680 418 750 putabat,
438 682 462 736 si
481 683 527 738 vel
546 682 575 738 in
591 682 659 754 ipsis
677 683 818 740 haereticis
836 685 1015 756 rejiceretur.
1031 685 1101 740 Cum
1121 699 1192 754 ergo
1213 679 1361 736 haereticos
1380 679 1415 734 ad
1433 679 1602 734 imitandum
1622 675 1768 749 proponit,
1785 687 1900 730 necesse

211 775 257 823 est
273 773 308 824 ut
325 769 356 824 in
376 771 419 826 eis
438 770 546 843 aliquid
569 771 677 840 laudet,
694 773 773 845 quod
793 773 831 828 ad
854 774 989 846 baptismi
1011 771 1291 828 commendationem
1307 769 1409 824 valeat.
1428 769 1464 823 At
1481 766 1505 822 si
1524 765 1648 822 hreretici
1672 763 1899 836 praescriptama

212 857 329 914 Christo
342 858 465 915 formare
479 861 508 914 in
524 861 697 932 baptizando
712 862 873 930 violassent,
888 866 1052 918 nontamen
1068 862 1243 918 dubitassent
1257 856 1394 915 dissimile
1410 856 1530 913 aliorum
1545 854 1686 926 baptisma
1700 849 1896 924 comprobare,

210 945 276 1001 haec
289 947 395 1018 agendi
408 948 481 1004 ratio
494 949 645 1006 hominum
658 948 760 1006 inisset
775 951 929 1022 baptisma,
946 955 977 1005 ut
991 951 1123 1006 inutilem
1139 952 1168 1004 et
1181 949 1298 1004 excitem
1315 947 1528 1015 caeremoniam,
1540 941 1795 1000 lloociiacicntium.
1810 944 1839 995 3ο
1854 938 1897 993 Ad

210 1033 417 1092 illustrandam
438 1037 579 1110 Stephani
599 1037 770 1094 senteutiam
793 1041 934 1094 accedunt
955 1038 1113 1094 Eirmiliani
1127 1043 1155 1094 et
1169 1035 1305 1110 Cypriani
1327 1035 1500 1090 testimonia.
1518 1057 1531 1084 ιι
1546 1031 1706 1104 Stephanus
1728 1028 1757 1084 in
1780 1026 1898 1100 epistola

211 1140 265 1178 sua
280 1124 360 1192 dixit,
376 1126 469 1198 inquit
482 1126 671 1196 Eirmiliauus,
688 1127 837 1183 haereticos
850 1143 963 1200 quoque
977 1128 1054 1198 ipsos
1066 1127 1096 1182 in
1113 1126 1256 1198 Baptismo
1272 1126 1432 1180 convenire.
1450 1147 1463 1174 ιι
1477 1121 1633 1196 Cyprianus
1649 1124 1798 1192 postquam
1813 1114 1899 1171 verba

211 1214 352 1285 Stephani
365 1215 475 1286 retulit,
490 1215 550 1272 hec
564 1216 645 1274 addit
658 1218 687 1272 in
700 1219 751 1290 Ep.
767 1233 857 1274 uxrv.
873 1237 887 1268 ιι
903 1217 1016 1272 Etcum
1031 1215 1151 1287 singola
1166 1215 1290 1270 hareses
1306 1213 1418 1285 singula
1431 1213 1604 1284 baptismata
1619 1213 1648 1264 et
1662 1208 1773 1263 diversa
1786 1209 1899 1278 peccata

212 1301 359 1371 habeant;
382 1303 428 1359 hic
450 1319 516 1361 cum
538 1306 668 1363 omnium
696 1307 838 1380 Baptismo
864 1303 1098 1372 communicans,
1124 1303 1321 1360 universorum
1343 1300 1488 1378 29-30
1512 1301 1614 1357 delicta
1636 1300 1667 1354 in
1696 1296 1790 1352 sinum
1814 1308 1898 1348 sunm

212 1397 379 1448 coacervata
401 1395 553 1466 congessit.
575 1417 589 1446 ιι
613 1395 737 1469 Opponit
761 1396 919 1467 Cyprianus
946 1393 1083 1466 Stephani
1104 1392 1244 1466 principie
1267 1393 1346 1448 alind
1368 1392 1550 1465 principium,
1571 1393 1600 1446 ct
1622 1388 1748 1460 singulos
1776 1385 1898 1440 hereses

212 1479 329 1552 singula
341 1481 446 1538 habere
463 1484 640 1555 baptismata
657 1485 813 1552 contendit,
828 1485 894 1558 quia
912 1482 1074 1556 Stephanus
1091 1499 1178 1538 unum
1196 1485 1225 1538 el
1245 1497 1396 1539 commune
1415 1481 1556 1553 baptisma
1573 1477 1649 1551 apud
1670 1475 1819 1532 haereticos
1838 1489 1900 1528 esse

213 1571 366 1626 statuerat.
380 1571 437 1627 Nec
452 1577 549 1629 tamen
564 1574 720 1646 Cyprianus
734 1573 839 1630 idcirco
855 1578 897 1628 tot
909 1571 1082 1644 baptismata
1094 1575 1230 1627 numerat
1243 1575 1314 1644 quot
1327 1580 1392 1626 sunt
1406 1571 1535 1636 hereses,
1551 1568 1627 1640 quod
1640 1565 1760 1638 singulae
1775 1564 1899 1618 hereses

213 1658 351 1731 Esptismi
369 1661 494 1718 termam
510 1663 726 1732 immolassent3
742 1679 827 1720 nemo
845 1663 922 1718 enim
936 1661 965 1717 id
981 1659 1183 1733 suspicabitur5
1196 1662 1247 1718 sed
1266 1660 1334 1733 qnia
1354 1660 1473 1732 singulos
1495 1663 1561 1714 suut
1580 1673 1669 1712 uuum
1685 1653 1775 1710 veluti
1796 1667 1897 1723 cerpus

210 1743 249 1798 ab
261 1745 325 1800 aliis
338 1746 422 1802 sectis
435 1751 462 1802 et
476 1747 512 1802 sb
527 1748 649 1804 Ecclesia
660 1753 833 1820 separatum.

249 1829 394 1885 Launmus
407 1835 436 1886 et
450 1837 512 1902 post
529 1847 595 1888 eum
610 1838 709 1888 auctor
722 1832 892 1889 Bibliotheca
903 1831 1069 1900 Scriptorum
1088 1830 1323 1886 ιιιιιιιιιιιιιιιιιι
1335 1827 1474 1900 objiciunt
1487 1839 1647 1900 perpaucos
1662 1826 1732 1877 tunc
1749 1818 1897 1876 existitisse

208 1916 364 1974 haereticos
377 1919 469 1990 quiin
483 1921 601 1978 nemine
615 1922 703 1978 trium
716 1923 907 1978 Personarum
923 1917 1115 1991 baptizarent;
1131 1918 1318 1992 quamobrem
1339 1933 1438 1972 omnes
1451 1915 1567 1971 omnino
1585 1911 1736 1968 hereticos
1749 1908 1896 1978 Stephano

209 2007 361 2079 prebam',
353 2024 382 2062 ru
396 2009 441 2064 his
450 2010 640 2082 Marcionitas,
653 2017 684 2068 ut
696 2029 725 2068 er
716 2010 912 2082 'exprobrant
927 2008 1108 2064 Firmitianus
1121 2025 1153 2064 ac
1166 2008 1331 2080 Cyprianus.
1344 2006 1401 2063 Sed
1413 2011 1540 2062 veterum
1554 2001 1755 2060 hereticorum
1767 1997 1897 2053 institute

208 2097 368 2168 Stephane,
389 2098 531 2170 Cypriane
546 2102 575 2156 et
589 2100 754 2158 Tirmiliano
774 2099 885 2156 notiora
905 2101 998 2166 erant,
1018 2111 1105 2168 quam
1125 2097 1286 2153 recentibus
1305 2095 1499 2167 scriptoribus.
1514 2097 1548 2152 At
1566 2093 1640 2149 inter
1658 2089 1845 2162 Stephanum,
1865 2101 1898 2140 ac

208 2185 384 2258 Cypriorum
399 2191 427 2242 et
441 2187 638 2246 Firmiliennm
659 2189 820 2262 generatim
838 2187 981 2256 convenit,
1002 2191 1035 2242 nt
1054 2187 1142 2244 modo
1162 2189 1295 2257 vidimus,
1315 2185 1466 2242 haereticos
1487 2184 1634 2258 preprium
1655 2181 1709 2237 sibi
1723 2178 1896 2251 baptismum

208 2291 272 2330 nen
300 2275 417 2332 habere.
444 2277 520 2349 Ergo
542 2280 676 2351 perpauci
698 2278 790 2351 excipi
811 2279 940 2350 possunt,
962 2275 1011 2347 qui
1036 2267 1219 2334 communem
1245 2275 1406 2349 baptizandi
1430 2275 1556 2330 formam
1580 2269 1777 2344 perverterint·
1801 2268 1896 2322 Τθιιθθ

208 2364 343 2434 ejusdem
358 2367 507 2422 sententiae
525 2367 606 2424 citari
623 2373 742 2441 possunt
756 2368 886 2424 Clemens
905 2367 1116 2424 Alexandrinus
1134 2373 1162 2424 et
1175 2368 1365 2424 Tertullianus
1372 2386 1380 2437 3
1397 2381 1520 2440 quorum
1538 2364 1646 2438 primus
1666 2361 1778 2434 (Strem.
1793 2373 1813 2425 1,
1828 2371 1896 2428 peg-

207 2453 275 2524 etr)
289 2453 493 2512 hereticorum
504 2456 651 2529 baptisma
663 2460 692 2514 in
704 2458 858 2530 scripturis
870 2473 974 2530 aquam
986 2456 1109 2512 alienam
1124 2458 1263 2529 appellari
1276 2459 1415 2524 observet,
1427 2472 1480 2512 nec
1492 2459 1590 2510 tamen
1602 2453 1675 2508 hanc
1688 2463 1801 2506 causam
1814 2445 1898 2502 affert

210 2542 291 2614 quod
306 2543 442 2616 baptismi
456 2545 675 2602 administrandi
690 2563 822 2605 normam
837 2547 1029 2618 corruperint,
1042 2547 1092 2604 sed
1103 2549 1179 2621 qued
1194 2549 1278 2604 alieni
1293 2548 1351 2604 sint
1363 2547 1399 2604 ab
1411 2546 1544 2603 Ecclesia.
1555 2542 1694 2601 Similiter
1706 2537 1897 2596 Tertullianus

207 2625 288 2694 (libr.
307 2633 342 2688 dc
360 2634 508 2704 baptismo,
529 2651 592 2707 cap.
616 2636 660 2708 til
679 2637 879 2694 hereticorum
900 2635 1075 2707 baptismum
1096 2654 1154 2694 non
1174 2654 1209 2694 eo
1231 2637 1347 2693 nemine
1363 2637 1465 2709 rejicit,
1486 2635 1562 2708 quod
1583 2633 1658 2688 illiue
1679 2623 1897 2686 administrandi

208 2721 301 2776 ritum
318 2721 457 2779 aClrriste
470 2725 669 2797 prescriptum
684 2725 892 2796 immutasseut‚
908 2729 956 2786 sed
969 2729 1036 2802 qnia
1052 2751 1067 2782 ιι
1083 2729 1195 2786 nullum
1208 2726 1320 2782 habent
1332 2726 1507 2781 consortium
1524 2721 1681 2794 disciplinas
1696 2722 1809 2784 nostrae,
1826 2729 1896 2786 quos

210 2814 364 2864 extraneos
378 2811 473 2882 utique
488 2816 610 2868 testatur
623 2814 682 2886 ipsa
694 2814 839 2887 ademptio
852 2818 1126 2874 communicationis.
1142 2839 1156 2867 ιι
1169 2817 1212 2872 Ad
1225 2816 1286 2871 herc
1299 2815 1387 2872 etiam
1406 2814 1512 2871 accedit
1524 2809 1676 2884 Augustini
1692 2805 1896 2870 testimonium

208 2900 260 2971 qui
274 2897 306 2954 in
320 2899 393 2956 libro
406 2903 458 2957 vde
470 2905 564 2974 Bnpt..
577 2918 603 2958 c.
619 2905 663 2972 ιι,
677 2903 717 2960 ιιι
730 2905 901 2978 loquitur«
902 2908 994 2975 ‹Quis
1006 2910 1113 2966 nesciat
1128 2925 1186 2966 nen
1203 2926 1264 2968 esse
1280 2911 1457 2982 baptismum
1469 2903 1583 2972 Christi,
1598 2904 1621 2958 si
1635 2901 1720 2958 verba
1734 2896 1896 2969 evangelica

208 2991 316 3064 quibus
337 2993 497 3064 symbolum
515 2999 628 3052 constat
648 2996 689 3052 illi
707 2997 869 3059 deluserit
884 3002 940 3108 'S'ed
963 2999 1090 3060 facilius·
1096 3004 1293 3116 macerantur·
1303 2999 1428 3062 ιιιιιθιιῡί
1448 3013 1497 3068 (1¹¹¹
1517 3009 1635 3050 ⁰¹¹¹¹¹¹¹¹⁰
1659 3007 1716 3046 ¹¹⁰⁰
1740 2987 1893 3059 “imit

207 3097 299 3154 quam
313 3099 363 3154 qur
355 3082 430 3138 illis
442 3083 536 3140 verbis
549 3100 607 3140 non
622 3086 801 3158 baptizanta
781 3105 841 3148 ιι
1898 3076 1900 3084 ¹

247 3169 360 3222 Frustra
386 3166 528 3223 launoius
551 3170 702 3240 Augustini
728 3117 933 3230 testimenium
949 3115 985 3231 de
1006 3175 1164 3248 equalibus
1187 3174 1217 3230 S.
1240 3173 1368 3238 bectona
1383 3169 1525 3232 hereticis
1545 3164 1743 3237 accipiendum
1763 3176 1840 3231 esse,
1860 3161 1895 3216 de

207 3250 420 3322 antiquioribus
439 3255 535 3308 ιιιιιιιι
548 3252 630 3310 aliter
643 3254 947 3337 judiqandumpetst
958 3265 1030 3329 Nam
1038 3259 1130 3332 quod,
1142 3264 1285 3330 quarsmej
1275 3254 1410 3328 cqujnto
1422 3253 1552 3310 Ecclesiae
1572 3251 1675 3307 seculo
1692 3246 1894 3305 animadvertit

207 3341 395 3408 Anauslinus,
411 3341 440 3397 id
460 3341 585 3414 petrori
574 3359 639 3414 Jure
658 3343 693 3399 de
706 3347 832 3414 secundo
850 3353 894 3407 ee.
899 3349 986 3403 terlio
1002 3348 1158 3403 asseverari
1175 3350 1278 3420 petest.
1298 3345 1395 3418 Neque
1412 3344 1489 3400 enim
1505 3341 1659 3398 defuerunt
1675 3339 1809 3404 hereses,
1830 3352 1893 3408 qua

207 3445 277 3484 cum
300 3429 332 3484 in
355 3433 438 3486 sectae
461 3429 622 3503 primordiis
644 3449 829 3490 communem
850 3437 1014 3508 baptizandi
1034 3453 1167 3493 normam
1189 3439 1294 3492 secuta·
1316 3436 1421 3503 essent,
1437 3449 1502 3489 eam
1521 3435 1621 3504 postea
1642 3430 1840 3494 immutarent,
1863 3428 1896 3480 ut

205 3533 327 3574 suornm
349 3519 384 3573 ed
405 3519 557 3576 Ecclesiam
577 3521 747 3578 catholicam
769 3523 893 3580 reditum
914 3526 1016 3597 maiori
1038 3525 1205 3582 difficultate
1225 3526 1418 3582 obstruerent.
1439 3521 1472 3579 ld
1494 3521 1529 3578 de
1554 3517 1703 3576 Encratilis
1724 3514 1892 3572 nominatim

206 3611 330 3662 testatus
351 3607 465 3664 Basilius
486 3625 548 3664 can.
572 3627 592 3665 r.
615 3610 788 3684 Quanquam
812 3629 849 3668 ne
870 3615 911 3670 illi
933 3615 1049 3687 quidem
1069 3615 1266 3687 praescriptam
1290 3631 1307 3669 a
1330 3613 1439 3670 Christo
1460 3611 1582 3666 lermam
1608 3606 1819 3682 pervertebant,
1843 3604 1892 3660 sed

206 3695 396 3751 ceremonias
410 3697 545 3769 quasdam
560 3702 610 3754 aut
623 3699 759 3772 adjecisse
773 3700 907 3758 videnlur
919 3707 970 3760 aul
981 3703 1145 3760 detraxisse.
1159 3704 1203 3760 Sic
1216 3703 1294 3759 enim
1306 3704 1340 3760 de
1353 3702 1407 3758 illis
1419 3701 1535 3758 Easilius
1548 3715 1610 3756 can.
1625 3700 1659 3754 ιι
1672 3713 1679 3752 t
1693 3717 1707 3747 n
1722 3697 1760 3752 Ne
1773 3695 1870 3751 dicent
1885 3709 1892 3748 τ

207 3786 241 3840 ln
257 3787 372 3840 Patrem
387 3792 415 3842 et
428 3787 531 3842 Titium
544 3792 573 3844 et
586 3789 722 3860 Spiritum
738 3797 864 3848 sanctam
879 3793 1012 3864 baptizoti
1026 3809 1133 3849 sumus.
1149 3815 1163 3844 ι
1181 3793 1353 3858 Quinetiam
1368 3807 1468 3848 eorum
1483 3789 1660 3862 baptismum
1676 3803 1734 3842 non
1749 3784 1893 3857 improbat

206 3880 307 3930 ratum
323 3875 436 3943 haberi,
452 3877 475 3931 si
489 3893 544 3948 que
558 3877 626 3933 inde
639 3879 732 3951 mnj0r
749 3879 857 3936 utilitas
876 3883 1001 3938 accedat.
1022 3886 1115 3954 Atque
1128 3883 1199 3954 ipse,
1213 3899 1276 3938 can.
1292 3899 1311 3948 ι,
1324 3884 1447 3936 testatur
1463 3879 1568 3934 iratres
1579 3875 1647 3932 Zeia
1663 3879 1692 3931 et
1704 3873 1892 3932 Latvrrninum

205 3969 353 4036 susceptos
366 3981 384 4022 a
396 3981 426 4022 se
441 3965 527 4022 luisse
540 3965 570 4022 in
584 3968 719 4025 cathedra
732 3971 943 4043 episcoporum,
956 3988 1022 4028 cum
1042 3973 1078 4028 ab
1097 3972 1148 4027 hac
1168 3971 1269 4027 haeresi
1288 3970 1423 4026 redirent.
1442 3967 1497 4024 Sed
1511 3965 1534 4021 si
1550 3964 1699 4022 EncraNtoe
1720 3977 1891 4020 communes

205 4057 282 4111 ritns
302 4055 384 4110 initio
405 4057 496 4110 secuti
514 4057 629 4112 fuerant
648 4064 676 4114 et
695 4076 762 4116 curn
783 4061 850 4116 novi
869 4063 977 4134 aliquid
1000 4063 1132 4119 inducere
1152 4062 1313 4127 voluerunt,
1333 4075 1390 4114 nen
1410 4063 1506 4112 tamen
1528 4053 1725 4127 praescriptam
1744 4069 1761 4107 a
1781 4051 1892 4108 Christo

206 4147 334 4201 termam
348 4145 453 4201 violare
471 4146 533 4200 ausi
550 4151 632 4216 sunl;
646 4165 684 4204 an
701 4148 821 4206 dubium
838 4151 907 4222 quin
921 4153 1092 4208 ttercionitae
1111 4156 1140 4207 et
1158 4151 1205 4208 alii
1225 4147 1377 4220 ejusmodi,
1390 4145 1560 4219 quibuscum
1581 4149 1642 4200 eret
1662 4159 1729 4199 cum
1749 4141 1891 4198 Eneretits

206 4235 337 4290 ιιιιιιιιιι
356 4234 493 4303 vicinitas,
516 4236 689 4308 baptismum
707 4238 736 4294 io
756 4240 879 4295 Ecclesia
894 4240 1030 4297 catholica
1044 4244 1213 4313 usurpatum
1235 4237 1414 4294 retinuerint.
1435 4238 1523 4298 Porro
1541 4234 1710 4292 Narcieuern
1728 4231 1892 4288 innomine

206 4327 298 4381 trium
321 4326 508 4382 Personarum
530 4325 687 4398 baptizasse
702 4327 779 4384 testis
798 4335 841 4384 est
858 4329 983 4401 locuples
1000 4329 1168 4402 Cyprianus,
1184 4327 1233 4400 qui
1252 4327 1314 4399 ejus
1333 4325 1508 4398 baptismum
1527 4325 1582 4381 hoc
1600 4324 1771 4395 argumento
1790 4319 1892 4391 rejicit,

208 4415 288 4489 quod
300 4431 357 4470 non
372 4415 502 4472 eamdem
518 4416 687 4473 Trinitatem
699 4423 836 4490 agnoscat
849 4434 881 4474 sc
894 4418 1030 4476 Catholici
1043 4435 1050 4473 :
1062 4440 1076 4468 ιι
1086 4417 1233 4490 Numquid
1248 4417 1322 4472 hane
1335 4415 1501 4472 Trinitatem
1514 4413 1638 4470 Narcion
1648 4411 1744 4468 teneti
1755 4409 1851 4482 inquit
1862 4408 1892 4464 in

206 4507 297 4576 Epist.
318 4505 358 4560 od
381 4505 557 4568 luboionum.
580 4521 647 4577 pag.
671 4509 732 4562 ret.
750 4508 922 4579 «Numquid
942 4509 1075 4566 eumdem
1095 4508 1192 4564 asserit
1211 4523 1297 4580 qoem
1312 4512 1341 4562 et
1357 4523 1409 4562 nos
1429 4507 1539 4560 Patrem
1556 4502 1736 4558 creatorem?
1749 4498 1892 4572 Numquid

208 4592 348 4649 cumdem
364 4594 444 4648 norit
459 4593 561 4650 Filium
581 4594 726 4652 Christum
741 4594 776 4651 de
794 4595 878 4650 Naris
892 4597 1005 4670 Virgine
1027 4598 1147 4654 natum?
1161 4619 1175 4649 ιι
1191 4597 1340 4654 liniebatur
1359 4611 1429 4668 ergo
1446 4593 1605 4667 Cyprianus
1624 4596 1681 4648 tres
1699 4592 1837 4647 Personas
1857 4588 1892 4643 ah

207 4681 352 4738 haereticis
371 4681 401 4738 in
419 4681 562 4755 Baptismo
586 4683 738 4752 nominari,
760 4701 792 4740 ac
811 4701 847 4740 ee
868 4686 1000 4742 redactus
1023 4690 1095 4757 eret,
1117 4692 1149 4742 ut
1169 4687 1337 4742 Trinitatem
1363 4684 1513 4741 haereticos
1537 4698 1595 4738 non
1620 4681 1722 4736 eedem
1746 4677 1832 4734 modo
1858 4693 1891 4732 nc

206 4771 368 4830 Catholicae
382 4770 564 4843 interpretari
579 4771 696 4828 diceret.
712 4773 804 4830 Simili
817 4775 929 4831 ratione
944 4775 1125 4831 Eirmilianns
1138 4776 1337 4832 Gnosticorum
1352 4779 1381 4830 et
1394 4773 1628 4829 Ennianistarum
1642 4768 1786 4841 baptisma
1799 4766 1892 4838 rejicit

207 4861 279 4934 quia
292 4859 378 4932 primi
392 4877 450 4917 non
468 4861 599 4916 eumdem
616 4864 727 4918 Patrem
743 4879 776 4920 ec
789 4863 935 4932 Catholici,
957 4863 1129 4920 Nonianistes
1149 4881 1205 4921 nen
1225 4863 1360 4921 eumdem
1378 4861 1516 4934 Spiritum
1539 4863 1669 4916 sanctum
1687 4856 1890 4928 agnoscebant.

205 4949 380 5007 Narcionem
392 4949 432 5005 sic
442 4951 546 5023 premit
557 4951 745 5007 Tertullianus
758 4953 935 5023 argumentis
949 4969 981 5009 er
996 4953 1135 5024 baptismo
1154 4953 1258 5026 petitis,
1272 4955 1305 5008 ut
1318 4952 1400 5008 facile
1415 4956 1509 5023 pateat
1527 4964 1710 5004 communem
1729 4945 1891 5019 baptizandi

208 5041 299 5095 ritum
312 5039 349 5095 ab
362 5040 417 5096 hec
429 5039 562 5096 haeretico
578 5044 722 5096 mutatum
736 5057 792 5096 non
808 5041 904 5096 inisse.
921 5041 1028 5105 Ouoerit
1041 5041 1118 5098 enim
1131 5041 1181 5098 lib.
1195 5059 1213 5110 ι,
1230 5057 1254 5096 ι.
1268 5043 1313 5109 ιι,
1326 5039 1471 5113 quomodo
1486 5042 1640 5111 regeneret
1655 5038 1727 5093 Deus
1741 5035 1892 5093 Marcionis

208 5129 259 5202 qni
279 5145 337 5184 non
354 5129 499 5200 generavit
507 5147 516 5199 ;
538 5129 683 5202 quomodo
698 5151 712 5181 ιι
727 5129 866 5202 Spiritum
890 5129 1026 5186 attribuat
1047 5130 1078 5187 in
1100 5130 1253 5203 baptismo,
1279 5133 1328 5202 qni
1349 5131 1474 5186 animam
1498 5145 1555 5184 nou
1578 5127 1657 5200 prius
1679 5126 1814 5195 contulit3
1840 5141 1892 5180 cnr

206 5221 286 5276 leret
304 5219 454 5276 hominem
476 5236 622 5293 nunquam
646 5219 722 5294 apud
741 5235 771 5275 se
790 5219 984 5292 inquinatum,
1002 5225 1030 5277 et
1049 5221 1078 5277 in
1097 5222 1150 5278 hoc
1173 5225 1263 5278 toturn
1285 5222 1382 5279 salutis
1404 5223 1616 5276 sacramentum
1639 5233 1756 5273 carnem
1778 5219 1892 5288 mergat

208 5313 355 5364 exsortem
377 5307 481 5363 solutis.
503 5309 605 5366 Narrat
623 5309 799 5382 Epiphanius
819 5311 1069 5381 pagisorum
1089 5327 1176 5368 unum
1198 5311 1342 5382 baptisma
1361 5311 1448 5382 (apud
1468 5308 1664 5376 ilarcienitas),
1685 5307 1734 5363 sed
1756 5305 1811 5360 tric
1829 5308 1892 5376 post

207 5398 354 5454 delectum
365 5397 493 5464 concedi,
508 5415 560 5470 pro
580 5399 701 5454 mortuis
718 5397 833 5454 itlomm
852 5397 1065 5455 catechumenis
1084 5398 1155 5455 alies
1175 5399 1323 5471 baptisari,
1337 5415 1370 5455 ac
1384 5397 1551 5455 mulieribus
1568 5396 1702 5468 baptismi
1722 5391 1892 5452 conterendi

207 5487 375 5542 laenitatem
394 5486 547 5544 committis
565 5487 615 5543 scd
634 5486 748 5544 violate
762 5487 897 5559 baptismi
918 5486 1020 5542 termae
1040 5487 1208 5544 Marcionem
1230 5507 1286 5546 non
1308 5495 1426 5544 accuset.
1450 5485 1590 5542 Valentini
1613 5499 1726 5557 queque
1746 5487 1774 5538 et
1787 5481 1891 5555 Apellis

204 5578 386 5652 baptismum
407 5577 571 5650 Stephanus
590 5583 683 5633 ratum
704 5577 837 5634 habuisse
860 5576 974 5633 dicitnr.
989 5575 1045 5632 Sed
1062 5577 1088 5632 id
1110 5593 1143 5632 ex
1164 5578 1225 5648 ejus
1247 5577 1393 5650 principiis
1415 5577 1598 5650 sequebatur.
1621 5575 1702 5641 Nem,
1727 5589 1792 5628 curn
1812 5574 1890 5627 certo

205 5673 329 5734 teneret,
351 5671 383 5722 nt
401 5667 429 5724 ei
443 5667 594 5740 exprobrat
618 5667 812 5736 Firmilianus,
836 5665 1013 5739 baptismum
1037 5666 1232 5722 administrari
1247 5689 1261 5716 ιι
1276 5667 1404 5722 ιιιιοιιιι
1430 5666 1555 5721 trinitate
1578 5662 1727 5718 neminum
1753 5660 1841 5716 Putris
1862 5666 1891 5712 el

206 5757 272 5815 sitii
298 5763 328 5813 et
351 5757 474 5829 Spiritus
495 5757 594 5826 ιιιιιιι,
609 5779 624 5808 ιι
639 5757 784 5815 neminem
812 5773 929 5830 prorsus
957 5759 1109 5816 exoltrdere
1134 5760 1249 5829 debuit,
1278 5776 1367 5834 quem
1385 5761 1421 5815 ab
1445 5761 1497 5814 hac
1522 5755 1684 5830 baptizandi
1708 5769 1808 5810 norma
1833 5769 1889 5808 nen

205 5847 356 5906 discedere
369 5852 523 5906 constaret.
538 5847 657 5914 Quodsi
673 5847 735 5922 ipse
747 5849 882 5923 mmor,
902 5849 953 5922 qni
967 5848 1115 5923 impietate
1132 5867 1234 5908 omncs
1248 5849 1402 5924 superavit,
1417 5850 1446 5906 in
1459 5847 1579 5906 neruiue
1595 5847 1682 5904 trium
1701 5847 1863 5902 Personam
