3978 6204
229 238 277 298 lidi
325 237 326 240 ’
684 239 711 295 S.
733 237 892 298 creatam
911 237 1049 297 ernnust
1069 241 1154 298 PARS
1175 241 1205 294 ll.
1222 269 1257 282 -
1269 239 1453 298 OPUSCULA.
1650 275 1655 280 -
1846 253 1891 307 532

229 365 322 418 natur.
356 364 405 418 ilic
429 363 522 432 potest
540 362 693 418 necessitas
714 363 811 430 fuisse,
837 362 891 417 illic
910 364 1042 418 voluntas
1052 369 1151 452 Aiunt
1163 363 1224 434 jam
1241 379 1355 420 corones
1366 383 1375 434 ;
1396 382 1449 420 uec
1473 368 1585 440 perlicit
1600 367 1721 438 laudem,
1744 369 1790 426 sed
1809 372 1896 428 initiat

227 455 384 511 tenaturin
407 455 523 510 scelere.
544 455 592 509 llic
616 456 664 526 qui
690 455 785 527 lapsus
808 459 849 510 est
864 455 1042 512 sibilantem
1093 457 1272 530 dignitatem.
1296 459 1426 532 Cumque
1446 461 1582 533 scriplum
1607 463 1650 530 sit,
1674 465 1725 530 Qui
1747 479 1892 534 wemere-

227 549 335 614 nocuit‚
351 547 406 602 illic
420 549 469 619 qui
483 548 670 604 haeresimrcl
679 549 799 605 schisma
815 548 907 604 iacere
922 555 1041 606 conatus
1093 555 1162 608 uerit
1174 568 1258 623 usque
1272 556 1301 608 ia
1313 557 1403 624 pacm,
1424 555 1466 609 iic
1484 556 1577 611 sulcus
1594 559 1645 612 crit
1668 557 1787 627 (Mattio,
1807 575 1833 625 x,
1846 562 1895 630 ii),

227 647 270 698 est
294 641 400 696 multos
429 657 525 696 secum
551 643 690 698 trahendo
714 642 833 714 decepit.
866 643 913 698 llic
939 643 1043 698 anime
1094 646 1233 718 quidquid
1249 649 1315 702 anic
1329 647 1416 702 ilnem
1427 648 1516 703 inerit
1529 649 1635 720 gradus
1651 653 1694 704 est
1705 666 1761 722 quo
1778 651 1811 706 ad
1824 651 1897 707 lasli-

226 733 312 791 unius
332 741 373 790 cst
400 734 554 802 damnum,
578 735 632 790 illic
653 735 811 808 periculum
839 735 1040 806 plurimorum.
1094 740 1173 811 gium
1197 740 1294 794 salutis
1317 741 1478 797 ascenditur
1498 741 1572 814 (55),
1600 759 1658 798 ιιοιι
1684 745 1822 800 ιειιιιιιιιιε
1846 763 1896 818 quo

227 831 310 886 Certe
326 845 454 900 peccasse
467 845 496 883 se
513 829 558 884 hic
572 833 601 883 et
614 828 756 901 iutelligit,
779 833 809 883 et
832 831 1003 884 lamentatur
1017 833 1044 884 et
1090 833 1152 904 jam
1167 833 1299 888 culminis
1314 851 1426 890 summa
1449 841 1591 891 teneatur.
1609 838 1758 893 Conscssor
1777 841 1817 892 εει
1826 856 1834 908 ;
1855 839 1896 894 sed

227 922 357 995 plangit3
375 922 423 978 ille
437 929 550 978 tumens
563 922 592 976 iu
606 927 721 994 pectore
735 937 784 976 suo
801 923 864 992 (ιιι),
879 925 906 978 et
926 923 956 976 iu
976 923 1043 993 ipsis
1093 931 1156 997 post
1166 927 1374 983 contessionem
1394 929 1555 999 periculum
1575 932 1671 1001 majus
1692 939 1743 1000 est,
1764 933 1828 1002 quia
1842 935 1897 1003 plus

203 1016 282 1072 'sihi
304 1015 411 1071 delictis
433 1015 589 1088 pinnense
612 1021 702 1070 matre
726 1016 799 1070 illios
819 1019 1041 1088 segregaturos,
1093 1021 1271 1076 adversarius
1295 1025 1464 1092 provocatus
1489 1029 1531 1078 est
1561 1041 1568 1076 :
1601 1025 1747 1078 confessor
1770 1030 1825 1094 εει;
1852 1027 1897 1082 hoc

229 1125 247 1166 a
267 1117 378 1180 pastore
402 1109 542 1176 sollicitat,
562 1109 611 1165 Dei
635 1115 812 1164 sacramenta
834 1109 973 1165 disturbat
994 1127 1000 1162 :
1016 1115 1043 1164 ει
1093 1113 1184 1184 magis
1195 1117 1270 1168 stare
1284 1114 1368 1170 dehet
1381 1131 1446 1170 cum
1460 1116 1573 1171 Domini
1586 1117 1742 1189 Evangelio
1757 1134 1806 1189 per
1818 1121 1897 1175 Eran-

228 1219 294 1259 cum
310 1205 404 1274 lapsus
419 1205 507 1258 semel
526 1204 696 1274 peccaverit,
722 1203 768 1257 ille
789 1202 914 1273 quotidie
937 1207 1041 1275 peccat.
1093 1207 1199 1278 getium
1215 1207 1267 1276 (56)
1282 1209 1403 1278 gloriam
1416 1215 1584 1265 consecutus
1596 1229 1613 1266 a
1626 1211 1760 1267 Domino.
1772 1213 1816 1267 Ait
1830 1215 1898 1267 enim

227 1301 377 1356 Postremo
391 1301 495 1370 lapsus,
510 1299 678 1371 martyrium
698 1299 883 1371 postmodum
900 1299 954 1370 (53)
972 1314 1041 1354 con·
1094 1300 1229 1355 Dominus
1246 1317 1252 1355 :
1269 1300 1320 1356 Cui
1338 1304 1453 1358 multum
1469 1303 1561 1372 datur,
1585 1306 1703 1360 multma
1722 1309 1848 1376 queritur
1868 1309 1898 1360 ut

229 1395 351 1462 secutus,
365 1399 457 1466 potest
470 1394 586 1464 regui⁷⁸
601 1391 697 1466 515
713 1393 852 1464 promissa
874 1392 1040 1465 percipera;
1093 1409 1138 1463 σος
1161 1401 1186 1450 et
1208 1397 1251 1449 oui
1272 1396 1337 1466 plus
1361 1397 1508 1467 dignitatis
1528 1397 1707 1461 adscribitur,
1729 1400 1790 1469 plus
1812 1400 1841 1454 dc
1858 1401 1899 1454 illo

227 1488 288 1559 ille,
311 1489 333 1543 si
348 1490 427 1544 extra
449 1487 602 1542 Ecclesiam
625 1485 712 1541 luerit
728 1485 846 1554 occisus,
861 1486 897 1541 ed
911 1486 1042 1542 Ecclesiae
1092 1492 1210 1560 exigitur
1220 1493 1360 1546 seruitutis
1373 1492 1394 1526 ⁸¹
1415 1493 1503 1563 (Luc,
1525 1509 1573 1561 ιιι,
1598 1494 1653 1564 te).
1675 1495 1765 1548 Nemo
1779 1509 1828 1564 per
1840 1511 1897 1548 cou-

228 1598 288 1638 non
301 1583 396 1654 potest
411 1580 527 1652 proemia
542 1579 703 1651 pervenire.
772 1611 775 1618 .
1092 1583 1206 1638 iessoris
1220 1585 1383 1656 exemplum
1398 1589 1505 1656 pereat,
1522 1601 1608 1642 uerno
1621 1587 1804 1660 injustitiam,
1819 1603 1895 1642 nemo

264 1675 314 1730 llll.
329 1676 385 1730 Nec
404 1674 554 1747 quisquam
576 1673 704 1744 miretur,
728 1673 904 1729 dilectissimi
931 1673 1041 1742 iratres,
1094 1676 1286 1743 insolentiam,
1302 1693 1386 1733 nemo
1400 1677 1550 1750 perfidiam
1565 1681 1600 1736 de
1625 1681 1795 1736 contessoris
1819 1683 1895 1736 mori·

230 1770 315 1826 etiam
343 1768 379 1823 de
405 1767 614 1824 confessoribus
640 1768 778 1838 quosdam
807 1769 842 1822 ad
869 1768 921 1822 ista
943 1745 1148 1837 proce-Bous
1162 1769 1261 1826 discat.
1283 1771 1434 1828 Conicssor
1462 1779 1514 1830 est.
1538 1773 1579 1830 Sit
1600 1773 1719 1830 humilis
1738 1780 1766 1830 et
1786 1774 1896 1847 quietus,

227 1863 295 1920 dere
312 1865 346 1934 ⁷⁹,
365 1863 431 1918 inde
453 1877 564 1934 quoque
589 1862 698 1933 aliquos
716 1866 775 1916 tam
808 1860 935 1916 nelauda
958 1877 1044 1933 quem
1096 1863 1131 1918 sit
1144 1865 1173 1918 in
1188 1862 1283 1937 516
1300 1870 1364 1920 actu
1379 1882 1429 1921 suo
1444 1883 1509 1922 cum
1525 1868 1676 1940 disciplina
1700 1868 1839 1924 modestus
1849 1887 1857 1938 ;
1873 1875 1898 1923 ut

219 1957 332 2029 ‚gravia
357 1973 484 2029 peccare.
504 1957 601 2027 Neque
625 1955 702 2010 euim
726 1953 866 2010 confessio
886 1955 1046 2010 immunem
1097 1958 1146 2030 qui
1160 1957 1263 2014 Christi
1282 1959 1428 2014 confessor
1441 1960 1552 2030 dicitur,
1568 1962 1716 2018 Christum
1731 1979 1815 2036 quem
1838 1977 1897 2016 cou-

231 2051 298 2106 iacit
312 2050 347 2106 ah
362 2049 471 2105 insidiis
489 2049 606 2116 diaboli,
633 2053 682 2104 aut
705 2051 804 2104 contra
829 2048 1002 2103 tentationes
1018 2053 1047 2104 et
1096 2052 1193 2108 litetur
1212 2051 1350 2108 imitetur.
1375 2055 1456 2122 Nam,
1475 2071 1539 2110 cum
1565 2056 1640 2112 dicat
1665 2057 1713 2114 ille
1733 2075 1739 2113 :
1764 2057 1900 2125 Quisecu·

231 2144 358 2218 pericula
376 2147 404 2199 et
423 2145 552 2198 incursus
573 2147 658 2214 atque
680 2143 805 2214 impetus
825 2142 974 2197 saeculares
996 2143 1045 2196 ad·
1097 2147 1169 2201 toltit
1190 2147 1391 2216 humiliabitur,
1414 2153 1440 2203 ct
1463 2151 1511 2218 qui
1536 2151 1665 2206 humiliot
1691 2167 1720 2207 sc
1743 2151 1899 2207 suultutitur

231 2239 287 2294 huc
301 2239 328 2293 in
344 2239 447 2294 seculo
461 2236 735 2309 positunrperpetua
746 2236 895 2292 securitate
909 2235 1045 2292 defendit.
1098 2239 1184 2306 (ιιιε,
1200 2253 1275 2302 ιιιίιι,
1293 2239 1345 2308 ιι),
1362 2241 1390 2292 ει
1404 2238 1464 2310 ipsc
1481 2256 1497 2292 a
1515 2241 1597 2294 Patra
1617 2241 1760 2297 exaltatus
1784 2241 1826 2310 sit,
1838 2241 1895 2312 quia

233 2335 373 2387 Caeterum
394 2347 549 2404 numquam
578 2331 607 2385 iu
639 2329 847 2406 confessoribus
877 2330 993 2384 fraudes
1019 2333 1048 2384 ει
1097 2329 1167 2384 seia
1185 2331 1266 2386 terris
1279 2331 1379 2386 Sermo
1400 2337 1427 2387 et
1441 2333 1534 2387 Virtus
1550 2334 1742 2406 etSapientia
1757 2335 1803 2389 liei
1822 2333 1898 2388 Patris

172 2469 175 2476 ,
233 2432 332 2499 stupra
359 2425 545 2482 atadulteria
573 2423 756 2496 postmodum
781 2423 953 2492 rideremus,
983 2439 1047 2494 quus
1097 2423 1269 2491 humiliavit,
1296 2425 1439 2496 quomodo
1461 2431 1554 2498 polest
1576 2427 1897 2498 extollentiamdiligcrc

233 2537 308 2576 nunc
323 2521 350 2574 iu
373 2519 542 2592 quibusdam
555 2519 683 2574 ridentes
697 2518 914 2589 ingemiscimus
930 2522 959 2572 et
973 2517 1047 2572 dole·
1098 2517 1147 2588 qui
1161 2521 1191 2571 et
1204 2518 1285 2573 nohis
1298 2519 1488 2575 humilitatem
1504 2537 1554 2574 suu
1568 2522 1633 2592 lege
1646 2521 1835 2587 mandarum
1849 2522 1898 2590 ipse

232 2631 306 2669 mus.
330 2614 463 2686 Quisquis
487 2613 534 2667 illa
554 2613 698 2668 confessor
718 2616 768 2680 εει,
788 2611 940 2666 Salomone
956 2612 1048 2682 maj0r
1097 2627 1114 2665 a
1139 2613 1221 2667 Patre
1245 2613 1453 2684 amplissimum
1477 2631 1581 2668 nomen
1601 2615 1722 2685 praemio
1744 2613 1899 2670 humilitatis

232 2716 283 2764 arat
306 2708 407 2762 melior
435 2713 483 2761 aut
508 2707 563 2760 Deo
586 2705 697 2761 charior
718 2721 776 2760 non
799 2712 841 2759 est
858 2724 864 2760 ε
882 2705 930 2776 qui
951 2711 1045 2760 tamen
1097 2706 1385 2776 accepitiCoulessor
1408 2712 1449 2762 est
1463 2708 1577 2776 Christi,
1604 2709 1655 2764 sed
1684 2709 1707 2763 si
1734 2725 1790 2763 non
1814 2713 1899 2778 postea

233 2801 371 2874 quamdiu
384 2801 413 2856 in
428 2801 479 2855 viis
494 2800 608 2856 Domini
624 2799 789 2868 ambulavit,
801 2798 910 2854 tamdiu
925 2799 1047 2871 gratiam
1097 2799 1312 2869 blasphemetur
1323 2817 1374 2871 par
1387 2792 1481 2872 ipsum
1495 2803 1626 2873 majestas
1640 2807 1671 2858 et
1685 2801 1808 2874 dignitas
1820 2801 1899 2858 Chris-

234 2895 787 2968 quamdcDominolueratcousecutus
806 2893 948 2957 obtinuit;
971 2898 1045 2964 post·
1097 2893 1128 2947 ti.
1154 2893 1265 2966 Lingua
1287 2894 1431 2950 Christum
1458 2896 1587 2951 contessa
1619 2913 1677 2952 uon
1706 2897 1743 2952 sit
1767 2895 1897 2960 nialedioa,

232 3007 317 3064 quam
332 2989 485 3062 dereliquit
499 2988 612 3044 Domini
626 2987 711 3055 riam,
734 2987 856 3059 perdidit
876 2992 904 3042 et
926 2987 1046 3058 gratiam
1097 2987 1205 3042 nonsit
1222 2987 1392 3057 turbulenta,
1408 3005 1464 3044 uon
1480 2990 1613 3045 conviciis
1627 2995 1655 3045 et
1676 2990 1775 3046 litibus
1788 2991 1897 3061 perstre·

231 3083 342 3141 Domini
358 3083 421 3155 (54).
449 3083 483 3136 Et
503 3082 569 3137 ideo
594 3081 731 3152 scriptum
756 3081 853 3136 esi⁸⁰:
878 3084 946 3136 Tene
975 3081 1048 3150 quod
1098 3081 1320 3153 pensandiatur,
1341 3099 1397 3137 nou
1417 3087 1514 3140 contra
1539 3085 1640 3140 iratres
1665 3089 1695 3140 ει
1714 3084 1763 3140 Dei
1784 3081 1896 3138 sacerdo·

232 3180 323 3245 habes,
346 3193 378 3232 ne
404 3178 477 3232 atius
497 3178 614 3246 occipiat
633 3191 759 3230 coronam
785 3181 860 3230 tuam
882 3175 989 3246 (Apoc,
1006 3191 1045 3242 ιιι,
1097 3181 1149 3244 tes,
1165 3179 1226 3248 post
1239 3175 1327 3231 verba
1342 3177 1435 3232 laudis
1444 3177 1478 3245 θ’,
1493 3179 1633 3250 serpentis
1644 3194 1755 3234 venena
1761 3176 1898 3248 jaculetur.

234 3273 289 3340 ιι).
308 3269 387 3336 Quod
404 3269 503 3341 utique
530 3269 663 3324 Dominus
685 3285 742 3323 nou
767 3268 924 3323 minaretur
942 3268 1046 3322 auferri
1096 3268 1247 3335 Caeterum,
1271 3267 1293 3320 si
1314 3266 1463 3338 culpabilis
1483 3271 1512 3323 et
1529 3268 1707 3324 detestabilis
1732 3267 1896 3340 postmodum

233 3361 602 3436 possccoronamjustitiae,
620 3363 673 3417 nisi
692 3363 769 3433 quia,
791 3361 942 3416 recedente
962 3361 1045 3432 justi·
1097 3360 1193 3430 luerit,
1217 3361 1240 3414 ει
1260 3359 1464 3416 contessionem
1489 3379 1572 3417 suam
1593 3361 1670 3417 mala
1703 3360 1896 3417 conversatione

232 3459 283 3524 tia,
300 3457 413 3512 recedat
427 3471 540 3512 necesse
554 3460 596 3510 cst
612 3461 640 3511 ει
655 3471 767 3510 εοιοιιε.
1096 3453 1263 3526 prodegerit
1276 3455 1339 3524 (57),
1354 3455 1376 3507 si
1396 3455 1482 3509 vitam
1505 3471 1587 3511 snam
1608 3457 1687 3528 turpi
1712 3456 1834 3511 faeditate
1846 3469 1895 3507 ma-

268 3553 334 3608 lllil.
349 3549 492 3606 Confessio
507 3549 656 3604 exordium
678 3549 775 3621 gloria
800 3555 851 3616 est,
880 3565 938 3604 non
962 3548 1046 3603 meri·
1097 3548 1241 3614 celaverit,
1267 3547 1300 3616 si,
1328 3548 1477 3604 Ecclesiam
1507 3549 1642 3622 denique,
1685 3551 1733 3605 uhi
1770 3548 1897 3603 consessor

919 3666 1023 3730 Variae
1049 3664 1217 3730 lectiones.

266 3793 286 3826 ⁷⁸
302 3793 391 3856 Regni
408 3791 543 3842 caelorum
562 3792 632 3840 tam
653 3789 729 3840 Ebur.
749 3789 810 3839 Bou.
833 3790 857 3840 ι.
880 3790 940 3840 Dea.
973 3787 994 3821 ι’
1013 3788 1055 3840 Ad
1076 3789 1158 3840 istam
1180 3787 1381 3840 dissensionem
1402 3788 1552 3852 procedere
1571 3791 1631 3840 Bou.
1657 3789 1684 3840 3.
1708 3787 1831 3839 Ριοειιιιε
1849 3786 1894 3834 ter.

233 3863 254 3896 ι’
266 3864 302 3914 Ει
314 3863 377 3912 ideo
394 3861 463 3910 Lam.
476 3861 555 3910 libor.
569 3859 625 3910 NG.
640 3861 662 3918 l,
676 3860 701 3921 2,
715 3859 774 3910 eoo.
792 3860 813 3920 l,
826 3860 851 3919 ι,
867 3859 892 3921 3,
902 3861 925 3909 ι.
945 3861 1029 3909 Paris.
1048 3859 1114 3908 l'oss.
1131 3861 1155 3920 l,
1169 3857 1192 3907 ι,
1208 3859 1243 3910 Et
1256 3859 1319 3912 ideo
1331 3860 1359 3909 in
1379 3858 1546 3923 Apocalypsi
1564 3861 1705 3912 Dominus
1726 3859 1762 3910 ad
1777 3860 1896 3910 loannem

233 3935 353 3999 graviter
366 3933 552 3983 comminatus
573 3931 627 3979 Ver.
642 3931 740 3980 Manui.
775 3929 794 3962 ⁸¹
810 3929 942 3982 Officium
955 3929 1096 3980 servitutis
1110 3928 1172 3979 flod.
1186 3929 1210 3979 3.
1242 3928 1263 3963 ⁸¹
1281 3927 1374 3979 Verba
1388 3928 1479 3980 laudis
1492 3935 1519 3980 et
1531 3931 1717 3982 confessionis
1734 3931 1786 3979 Ver.

884 4049 997 4130 Steph.
1021 4047 1144 4112 Baluzii
1163 4052 1261 4111 noim.

266 4179 358 4242 titillo
383 4180 486 4242 peccato
510 4189 567 4226 suo.
596 4173 692 4225 Codex
718 4175 800 4237 Fieri,
828 4173 857 4222 ia
877 4180 1046 4239 pectorosus.
1098 4175 1193 4224 inveni
1205 4175 1233 4223 in
1247 4173 1305 4225 ullo
1316 4179 1441 4226 veterum
1451 4174 1653 4238 exemplarium
1665 4178 1829 4232 nostrorum,
1840 4169 1894 4234 quia

235 4253 300 4302 istie
310 4261 401 4301 errore
414 4246 577 4312 typographi
587 4246 722 4310 scriptum
736 4248 777 4296 est
789 4251 932 4309 peccatore.
946 4247 1049 4297 limen·
1099 4245 1200 4296 desunt
1225 4247 1253 4295 iu
1276 4246 1407 4298 undecim
1438 4246 1600 4311 anglicanis
1633 4249 1662 4298 et
1686 4249 1715 4297 in
1744 4242 1894 4299 editionibus

236 4321 360 4374 dandum
378 4324 427 4370 est.
1100 4316 1258 4368 Menutleua
1269 4317 1480 4382 antiquioribus,

267 4393 315 4454 (53)
339 4389 511 4440 Postmodum.
528 4389 568 4438 lta
590 4401 687 4438 omues
715 4387 778 4437 libri
801 4391 914 4439 veteres.
941 4386 1048 4436 Editio·
1131 4388 1180 4449 (55)
1196 4387 1357 4438 Accenditur.
1390 4387 1484 4439 Codex
1510 4389 1596 4439 sancti
1620 4389 1750 4452 Dionysii
1770 4383 1894 4438 Remensis

237 4476 287 4515 nes
311 4461 434 4526 antiquus
451 4460 555 4512 hebent·
573 4460 759 4522 primitiaram,
785 4457 870 4509 etiam
897 4457 1048 4509 Erasmioa.
1100 4457 1259 4508 extenditur.
1286 4459 1337 4508 Pro
1360 4473 1416 4522 quo
1439 4459 1561 4508 fortassis
1588 4459 1738 4522 legendum
1763 4461 1809 4518 est,
1823 4466 1894 4504 ucat-

237 4535 317 4600 Quod
332 4536 395 4587 ideo
410 4538 512 4587 annoto
539 4534 604 4599 quie
628 4533 707 4584 valde
724 4534 825 4583 mirum
849 4537 890 4584 eat
909 4533 986 4583 hunc
1002 4521 1186 4593 ho-Dditar,
1207 4534 1239 4579 ut
1261 4529 1335 4594 apud
1358 4530 1496 4590 tacitum,
1514 4529 1560 4580 lib.
1579 4543 1630 4580 xut
1652 4529 1802 4588 Annalium,
1823 4536 1893 4576 ascert-

236 4611 350 4672 minem‚
374 4607 573 4673 peritissimum
597 4605 727 4656 videlicet
750 4604 854 4668 linguae
877 4604 1050 4668 Latinae,qui
1100 4600 1162 4648 clerc
1186 4605 1331 4662 suggestum
1349 4600 1516 4664 imperatoris
1539 4605 1565 4650 et
1583 4599 1631 4650 lih.
1654 4613 1705 4663 xv,
1720 4605 1805 4664 postca
1820 4607 1894 4647 erutr-

237 4695 292 4734 non
306 4681 397 4746 potuit
413 4679 539 4742 ignorare
560 4677 633 4728 hanc
653 4688 751 4726 vocem
772 4688 827 4726 nou
845 4687 906 4726 esse
926 4675 1051 4724 Latinam
1101 4671 1169 4721 darc.

237 4756 264 4805 et
279 4751 349 4802 nihil
374 4749 540 4815 significare,
567 4749 616 4813 qui
640 4752 771 4812 pretereo
793 4747 899 4798 solebat
917 4746 1051 4810 alibilegi
1131 4743 1182 4806 (56)
1205 4741 1340 4805 Οοη(εεεον
1365 4755 1412 4804 por
1439 4742 1619 4808 Eutrrrpatium.
1651 4743 1740 4807 Supra
1767 4740 1839 4805 epist.
1861 4735 1894 4788 DJ.

236 4822 419 4886 postmodum·
447 4823 549 4870 mirum
584 4823 634 4882 est,
670 4820 795 4883 inquam,
826 4818 905 4868 illum
939 4829 1051 4880 pravam
1102 4812 1301 4876 pag.to:«st
1322 4827 1378 4864 non
1396 4813 1523 4864 illamde
1541 4815 1685 4878 Evangelii
1705 4810 1894 4886 conservatione

239 4894 385 4946 lectionem
413 4893 561 4943 retinuisse
582 4893 611 4942 in
632 4895 772 4951 contextu,
792 4889 894 4941 honam
927 4889 1052 4952 posuisse
1102 4887 1280 4937 inveniantur
1298 4888 1441 4938 consecuti
1465 4888 1538 4938 urrde
1562 4894 1698 4952 martyres
1724 4885 1829 4936 flunt.»
1851 4878 1893 4930 liu

240 4965 266 5014 ln
289 4965 422 5028 margine.
436 4963 527 5014 Editio
550 4977 613 5028 quas
628 4963 729 5014 dicitur
751 4963 845 5014 Grovii
867 4963 975 5026 praetert
991 4973 1052 5011 eam
1102 4957 1165 5008 vida
1177 4963 1255 5009 notas
1272 4963 1385 5010 nostrus.

238 5035 388 5098 quaehona
405 5039 455 5085 ost.
473 5036 730 5086 ludeexortaesuot
746 5035 806 5086 alim
822 5033 966 5084 editiones.
1135 5031 1184 5091 (57)
1212 5029 1369 5094 Prodcpcrit.
1404 5031 1484 5082 lianc
1508 5033 1655 5083 lectionem
1691 5031 1792 5082 habent
1819 5023 1892 5076 codar

271 5107 319 5166 itit)
345 5107 467 5157 Gratiam
492 5106 605 5156 Domini.
631 5107 695 5156 Post
717 5105 778 5157 hmo
803 5105 887 5157 verba
913 5104 1053 5155 hlanutius
1103 5101 1272 5152 Veronensis
1298 5105 1327 5152 et
1349 5101 1488 5154 sexdecim
1512 5103 1573 5153 lihri
1601 5103 1695 5153 nostri.
1719 5102 1784 5152 Eam
1803 5098 1893 5162 primm

239 5175 354 5240 addidit,
371 5195 384 5224 a
400 5178 471 5227 sicut
491 5177 624 5240 scriptum
646 5180 689 5227 ast
703 5191 709 5224 :
725 5177 758 5226 et
777 5177 902 5226 sucitavit
925 5175 1054 5225 Dominus
1103 5171 1209 5222 invexit
1226 5171 1374 5235 Pumelius,
1389 5172 1539 5224 editionem
1555 5174 1657 5236 Gravii,
1679 5178 1710 5223 ut
1730 5173 1785 5236 ipss
1804 5169 1846 5228 ait,
1859 5177 1892 5214 se

240 5247 369 5296 Saturium
383 5248 433 5311 ipsi
446 5247 597 5310 Solomoai;
625 5250 653 5298 ει
671 5247 733 5297 ideo
754 5248 782 5296 in
804 5245 970 5310 Apocalypsi
994 5245 1054 5296 Do·
1104 5247 1193 5293 cutus.
1209 5243 1267 5307 Ego
1285 5247 1376 5294 tamen
1387 5245 1416 5294 in
1427 5245 1474 5294 illa
1483 5245 1605 5296 editione
1617 5245 1671 5310 legi
1680 5242 1826 5308 prodiderit.
1838 5237 1892 5287 lloec

240 5318 335 5368 minus
360 5316 393 5366 ad
419 5318 554 5368 loannem
583 5318 702 5380 graviter
732 5319 952 5368 comminatur.»
984 5314 1054 5378 Ques
1103 5327 1169 5366 vero
1184 5319 1321 5378 postrema
1335 5315 1417 5366 lectio
1429 5315 1548 5368 hahetur
1560 5317 1588 5367 ln
1607 5316 1737 5367 omnihus
1748 5307 1892 5386 editionibus

241 5387 377 5452 Rigaltius
390 5388 427 5438 ait
440 5401 500 5439 esse
521 5390 549 5438 in
571 5391 656 5440 reteri
677 5389 747 5441 libro
765 5390 927 5441 Veronensi.
953 5389 1055 5438 Peme·
1105 5399 1168 5450 quae
1180 5385 1366 5436 Pameltanem
1380 5390 1590 5438 antecesserunt
1604 5391 1631 5438 ct
1648 5387 1676 5437 iu
1694 5385 1787 5436 decem
1806 5377 1892 5433 codici·

240 5460 278 5510 lio
290 5473 346 5509 non
360 5461 466 5524 placuit
483 5461 544 5511 haro
559 5459 661 5511 additio
677 5461 801 5524 hlenutii,
824 5461 955 5512 nimirum
980 5461 1054 5524 quis,
1105 5457 1158 5508 hus
1193 5457 1323 5520 antiquis.
1357 5457 1426 5509 Puto
1447 5462 1542 5509 autem
1570 5457 1647 5508 illam
1671 5468 1731 5508 esse
1760 5451 1891 5504 meliorem

240 5536 272 5582 ut
290 5530 336 5582 ille
364 5532 411 5594 eit,
436 5531 575 5582 Dominus
596 5531 624 5582 in
647 5531 694 5583 illo
718 5532 781 5583 loco
804 5545 860 5582 non
885 5532 1008 5597 loquitur
1019 5531 1054 5581 ad
1105 5527 1203 5592 Supra,
1214 5529 1293 5592 epist.
1308 5529 1347 5590 tt,
1361 5541 1421 5594 pag.
1438 5528 1686 5581 dl:«Prodltores
1701 5525 1761 5578 tidai
1774 5528 1798 5575 ει
1809 5517 1890 5601 llccls-
1949 5567 1950 5572 ,

238 5603 384 5666 loannem,
406 5601 454 5654 sed
480 5603 519 5658 ad
545 5602 683 5668 Angelum
715 5602 921 5668 philadelphiae.
961 5603 1055 5667 ltaque
1105 5601 1153 5651 sim
1172 5600 1317 5651 catholicas
1335 5601 1582 5666 impugnatores.»
1601 5599 1710 5652 Retiuui
1730 5610 1790 5662 argo
1807 5595 1890 5672 lectio·

238 5675 379 5740 pamelius
397 5674 633 5740 retinuitquidem
649 5689 710 5726 eam
736 5673 914 5736 additionem,
933 5674 982 5724 aad
1003 5672 1055 5722 de·
1105 5684 1170 5721 nem
1195 5685 1258 5737 qum
1286 5671 1408 5736 plurium
1431 5676 1557 5724 veterum
1580 5671 1712 5722 librorum
1750 5663 1889 5718 auctoriate

237 5748 303 5798 levit
329 5763 361 5800 ea
387 5762 450 5813 quae
473 5749 629 5801 rotarentur
652 5761 687 5799 ex
712 5745 880 5812 Apocalypsi.
908 5747 948 5796 lta
971 5745 1053 5796 etiam
1104 5743 1207 5792 nititur.
1225 5743 1294 5793 Nam
1308 5747 1335 5794 et
1346 5743 1393 5794 illa
1409 5756 1521 5810 quoque
1536 5743 1609 5794 bona
1621 5747 1669 5794 εει.

234 5819 380 5886 Rigaltlus.
397 5820 456 5886 Ego
479 5833 544 5872 vero
566 5820 659 5872 omnia
679 5817 830 5885 supprimo,
850 5819 914 5884 quia
934 5817 979 5868 illa
998 5829 1054 5868 uon
