3978 6204
224 257 276 316 esa
677 263 704 318 s.
726 262 883 320 errnrsru
903 261 1042 348 orsauu
1062 261 1148 318 ruas
1166 261 1200 316 u.
1217 291 1249 302 -
1269 261 1449 318 orassem.
1610 239 1631 283 '·
1839 261 1885 318 su
1948 337 1949 344 .

223 387 276 457 liiii
296 388 407 443 scelesti.
422 389 615 458 ¹dereliquistis
641 394 791 455 Dominum,
815 400 841 448 ct
859 396 889 447 in
911 393 1036 462 indigno·
1047 389 1262 472 Aurationibus
1278 389 1371 463 527
1388 389 1503 460 nostris,
1519 389 1568 443 sad
1581 389 1655 461 quod
1671 391 1795 460 petemus
1809 390 1842 444 ab
1855 407 1885 445 eo
1948 437 1949 442 ,

225 483 323 536 tionem
346 483 458 537 misistis
477 484 554 538 iilum
574 485 701 541 Sanctum
721 487 806 541 lsrael
825 486 900 554 (lem,
926 503 943 552 r,
970 485 1036 554 -2-4),
1091 487 1119 536 ιιι
1141 497 1247 537 nomeu
1266 484 1327 554 ejus
1347 482 1539 538 sanctitlestur
1558 484 1588 536 ia
1610 481 1700 537 nobis.
1719 483 1853 538 Ceterum
1873 501 1888 537 a

224 574 257 627 ln
271 591 392 646 quorum
409 577 664 648 exprobrationem
679 579 830 634 Christiani
844 581 957 651 quando
978 595 1038 633 ora·
1089 592 1144 647 quo
1171 578 1242 631 lteus
1265 575 1470 643 sanctificetur,
1496 576 1545 648 qui
1568 577 1628 648 ipse
1650 575 1816 631 sanctificati
1842 576 1888 632 Sed

223 681 299 734 mus,
316 670 403 724 Purra
427 685 526 727 nosran
546 671 677 740 dicimus,
702 673 771 743 quia
792 677 887 728 noster
908 688 968 728 esse
987 688 1039 726 σσσ-
1090 669 1155 739 quia
1175 669 1234 739 ipse
1252 669 1322 724 dixit
1337 685 1342 720 :
1358 670 1452 725 Sancti
1471 674 1560 734 estete,
1583 671 1710 738 quonium
1725 672 1804 738 etrpo
1822 683 1890 724 sunc-

223 759 264 831 pit
277 761 486 831 strumarum,
502 765 551 836 qui
565 781 631 820 eum
646 765 855 836 relinquerunt,
871 782 931 820 esse
944 765 1037 820 desiit.
1090 767 1132 818 tus
1150 777 1209 817 sum
1229 765 1335 832 (berit,
1354 779 1381 831 ιι,
1401 761 1457 834 ιι),
1471 761 1509 817 id·
1519 762 1645 834 petimus
1661 766 1689 816 et
1701 749 1839 832 rogamus,
1854 767 1889 830 ut,

224 853 282 908 Nec
298 861 430 924 peccator
451 858 573 927 populus
591 863 684 928 potest
700 875 760 914 esse
775 859 859 926 tilius,
873 859 919 914 sed
936 859 1039 930 quibus
1090 856 1181 927 quiin
1199 856 1341 928 baptismo
1360 855 1522 911 sanctificati
1536 862 1644 925 suru'us,
1661 855 1690 910 in
1704 871 1738 910 eu
1753 855 1827 927 quod
1838 871 1892 910 esse

226 947 345 1002 remissa
365 955 546 1018 peccatorum
565 950 650 1006 datur
668 954 703 1020 ιι,
726 953 766 1007 eis
786 953 909 1008 filiorum
935 968 1040 1008 nomen
1090 951 1229 1021 ecepimus
1247 965 1471 1022 perseveremus.
1490 951 1524 1004 Et
1547 950 1602 1004 hoc
1625 948 1750 1020 quotidie
1769 949 1891 1019 depreea-

225 1039 405 1108 adseribitur,
425 1047 451 1096 et
466 1043 506 1097 eis
523 1045 667 1099 aeternitas
683 1045 899 1116 repromittitur,
920 1045 1040 1100 Domino
1086 1059 1165 1098 mur.
1190 1043 1265 1115 Opus
1287 1048 1329 1098 est
1354 1045 1432 1098 euim
1456 1043 1538 1098 nobis
1558 1042 1726 1114 quotidiana
1751 1041 1892 1096 sanctitica-

226 1134 289 1204 ipso
312 1133 422 1189 dicente
444 1137 557 1192 :Omnis
576 1141 623 1207 qui
639 1140 709 1205 fucit
726 1144 875 1209 peccantur,
894 1154 985 1193 seruus
1003 1143 1041 1194 est
1090 1137 1176 1206 tione,
1192 1141 1232 1199 ιιι,
1248 1137 1297 1208 qui
1316 1135 1443 1208 quotidie
1463 1135 1672 1208 delinquimus,
1694 1133 1793 1189 delicta
1807 1139 1893 1189 nostra

226 1231 339 1297 pecerrti.
362 1230 459 1285 Seruus
483 1237 572 1286 (sutem
593 1247 645 1286 non
663 1237 754 1286 munet
773 1235 801 1286 in
824 1232 901 1286 domo
920 1235 949 1286 in
968 1237 1041 1287 arten
1091 1229 1312 1286 sanctilicotione
1325 1231 1349 1266 ¹⁸
1364 1229 1474 1284 assidua
1492 1243 1692 1301 repurgemus.
1717 1227 1784 1292 Quae
1807 1231 1893 1283 eutem

226 1337 301 1390 num,
313 1323 387 1390 ptius
399 1328 490 1378 autern
504 1330 594 1380 munet
609 1327 637 1379 iu
654 1329 782 1380 aternum
799 1327 900 1395 (doun.
920 1341 980 1389 rur,
995 1327 1040 1393 ιι,
1091 1325 1128 1380 sit
1143 1323 1325 1379 sanctificatio
1345 1338 1408 1395 quoe
1428 1323 1510 1378 nobis
1530 1322 1566 1378 de
1587 1321 1633 1377 Dei
1656 1320 1819 1393 dignatione
1833 1337 1892 1376 eon·

228 1413 284 1484 ³5).
1092 1417 1182 1474 fertur
1195 1417 1343 1489 Apostolus
1358 1416 1491 1488 praedicat
1510 1416 1606 1472 diceus
1621 1433 1627 1470 :
1642 1417 1735 1486 Neque
1750 1416 1893 1482 fornicarii,

262 1509 295 1561 ιιι
323 1509 434 1572 Quanta
458 1513 555 1566 autem
581 1511 693 1572 Domini
718 1512 908 1584 indulgentia,
935 1517 1042 1584 quanta
1091 1527 1176 1582 neque
1197 1512 1277 1566 intotis
1295 1513 1446 1574 ισισισιιισι,
1459 1527 1543 1580 raeque
1565 1509 1790 1579 adulteriumne
1803 1509 1893 1571 molles,

228 1601 300 1656 cirea
320 1619 373 1658 nos
393 1602 566 1674 dignationis
583 1606 644 1676 ejus
658 1610 688 1660 et
701 1605 835 1662 bonitatis
853 1607 976 1672 ubertas,
992 1606 1041 1678 qui
1093 1620 1178 1674 neque
1196 1605 1376 1660 musculorum
1389 1607 1552 1674 appetitores
1564 1601 1633 1673 (25),
1653 1618 1741 1673 neque
1759 1604 1842 1669 sures,
1853 1619 1893 1658 ne·

227 1695 266 1748 sic
280 1711 331 1750 nos
350 1697 471 1752 voluerit
492 1697 653 1755 orationem
675 1699 817 1754 celebrare
837 1700 867 1755 in
889 1706 1041 1771 correpectu
1092 1713 1142 1768 que
1160 1697 1334 1766 fraudulenti
1348 1695 1414 1768 (ιι).
1437 1712 1521 1768 neque
1539 1697 1646 1766 ebriosi,
1668 1712 1754 1766 neque
1772 1696 1893 1754 ιιισισιιισι.

226 1787 276 1843 Dei
290 1792 323 1843 ut
342 1790 429 1844 iteum
451 1793 562 1846 Patrem
582 1808 725 1862 vocemus,
745 1796 782 1860 σι,
804 1797 835 1848 ιιι
855 1799 896 1849 est
913 1765 1176 1861 Christuaneque
1195 1795 1318 1862 ruptores
1336 1806 1450 1859 repneun
1469 1793 1516 1846 Dei
1536 1797 1735 1861 consequentur
1749 1791 1783 1844 ¹⁹.
1798 1789 1829 1846 Ει
1849 1791 1895 1844 bae

226 1881 275 1936 Dei
285 1881 381 1951 Filius,
393 1884 431 1939 sic
444 1889 473 1940 et
485 1902 535 1939 nos
548 1887 598 1940 Dei
608 1886 681 1942 titios
696 1903 893 1959 nuncupemus
907 1888 930 1924 ¹⁸
940 1888 947 1942 ι
958 1887 1039 1952 Quod
1090 1886 1197 1954 quidem
1213 1887 1321 1952 misine
1337 1885 1384 1940 sed
1402 1885 1493 1940 obtuli
1511 1887 1589 1948 estis,
1606 1885 1653 1940 sed
1669 1885 1815 1954 justificati
1828 1887 1894 1946 estis,

226 1989 334 2030 nomen
348 1994 433 2033 nemo
447 1983 578 2034 nostrum
588 1980 617 2034 in
629 1981 1037 2053 orationeauderetettingere‚
1089 1980 1135 2036 sed
1147 1981 1312 2049 sanctificati
1329 1981 1390 2035 estis
1406 1979 1430 2014 ³⁰
1448 1982 1476 2034 in
1494 1981 1601 2034 nomine
1614 1979 1726 2034 hemme·
1741 1980 1824 2034 nostri
1841 1979 1893 2032 Jesu

225 2067 281 2124 nisi
307 2071 367 2140 ipse
397 2072 479 2128 nobis
502 2074 540 2128 sic
564 2074 739 2145 permisisset
764 2091 859 2130 orare.
879 2075 1039 2130 Meminisse
1090 2073 1190 2131 Christi
1214 2079 1239 2129 et
1262 2075 1293 2128 tn
1319 2074 1425 2144 Spiritu
1449 2074 1498 2128 Dei
1519 2074 1607 2128 nostri
1631 2073 1651 2142 (l
1677 2072 1750 2135 Gor„
1772 2087 1806 2134 ιι,
1820 2073 1893 2140 au).

225 2161 451 2234 itaque,lretres
470 2166 656 2236 dilectissimi,
676 2167 789 2223 etseire
809 2167 1039 2240 dehemusquia‚
1089 2167 1285 2223 Serretltieatos
1314 2183 1365 2221 nos
1397 2166 1462 2221 dicit
1493 2166 1521 2220 in
1548 2166 1665 2220 nomine
1700 2165 1809 2222 [lumini
1838 2168 1894 2220 iesu

226 2258 339 2327 quando
352 2260 464 2314 Patrem
479 2261 567 2316 Deum
581 2261 712 2332 dicimus,
727 2261 806 2333 quasi
822 2261 873 2316 filii
888 2262 938 2317 liei
953 2279 1039 2334 egere
1089 2261 1192 2319 Christi
1216 2266 1244 2316 et
1266 2261 1295 2316 in
1317 2259 1423 2331 Spiritu
1444 2259 1494 2316 Dei
1516 2259 1612 2315 nostri.
1637 2261 1703 2314 llaec
1723 2259 1893 2314 sanctificatio

226 2349 371 2422 debemus,
389 2358 429 2424 ut,
445 2355 587 2426 quomodo
602 2372 652 2410 uos
670 2355 752 2410 nobis
772 2355 916 2426 placemus
932 2356 967 2410 de
981 2358 1038 2412 lieo
1091 2360 1121 2411 ut
1144 2357 1173 2410 iu
1196 2353 1278 2410 nobis
1296 2358 1461 2425 permaneat
1480 2369 1604 2408 oramus.
1626 2353 1661 2408 Et
1684 2355 1751 2424 quia
1770 2352 1894 2406 Dominus

226 2448 315 2514 patre,
330 2445 369 2500 sic
383 2447 435 2502 sibi
450 2449 561 2519 placeat
573 2453 601 2504 et
613 2449 658 2504 itte
675 2450 710 2504 de
724 2449 813 2504 nobis.
833 2451 1041 2506 conversemur
1091 2456 1118 2506 σι
1127 2450 1217 2520 judex
1237 2451 1333 2502 noster
1352 2452 1451 2501 sanato
1471 2463 1531 2502 ase
1550 2449 1579 2501 et
1599 2445 1738 2501 riritleato
1758 2447 1810 2516 (ιι)
1828 2462 1894 2500 eom·
1948 2451 1949 2454 ’

226 2537 306 2608 quasi
321 2539 367 2593 [iel
387 2542 503 2613 templa,
519 2547 551 2597 ut
571 2544 657 2598 Deum
676 2543 704 2597 in
724 2542 805 2598 nobis
828 2547 939 2598 constet
958 2544 1039 2599 habi·
1091 2543 1218 2598 minetur
1231 2542 1293 2612 J'am
1313 2557 1368 2594 non
1390 2539 1567 2610 delinquere,
1587 2555 1623 2595 ne
1644 2540 1714 2611 quid
1736 2539 1761 2594 ei
1783 2539 1894 2596 deterius

225 2633 309 2685 tare:
328 2649 378 2687 nec
392 2634 428 2689 sit
441 2635 567 2706 degener
580 2642 659 2692 actus
673 2639 770 2691 uester
785 2653 802 2690 a
816 2637 927 2708 spiritu,
942 2643 973 2692 ut
991 2637 1040 2708 qui
1090 2637 1155 2704 het,
1179 2637 1252 2690 hauc
1275 2634 1415 2690 coutinuis
1437 2633 1611 2689 cretionibus
1631 2649 1748 2704 precem
1771 2633 1894 2700 iacimus,

227 2724 353 2779 coelestes
368 2729 397 2780 et
412 2727 550 2798 spiritales
568 2746 627 2783 esse
648 2729 796 2799 coepimus,
818 2747 876 2784 ιισιι
890 2730 941 2784 nisi
960 2730 1040 2801 spiri·
1090 2731 1144 2786 hoc
1164 2729 1262 2786 diebus
1274 2745 1306 2784 ac
1320 2729 1450 2784 noctibus
1469 2729 1658 2800 postulamus,
1675 2731 1707 2782 ut
1726 2727 1894 2782 sanctiticatio

227 2817 291 2871 talia
307 2824 335 2873 et
348 2819 472 2876 eoelestia
485 2823 645 2893 cogitemus
659 2826 828 2894 etagamus,
845 2823 913 2895 quie
932 2827 961 2878 et
981 2824 1040 2894 ipse
1092 2829 1120 2880 et
1135 2823 1283 2878 vivificatio
1301 2839 1365 2896 qum
1377 2823 1411 2877 de
1426 2821 1477 2878 [tei
1493 2821 1584 2893 gratia
1601 2823 1727 2876 sumitur
1744 2819 1829 2893 ipsius
1841 2836 1894 2892 pro

226 2912 361 2967 Dominus
383 2915 456 2969 Deus
480 2915 569 2970 dixit:
586 2920 635 2972 Eos
656 2919 705 2986 qui
723 2918 874 2986 etrrrificont
895 2933 936 2972 me
957 2918 1039 2972 olori·
1091 2917 1211 2974 tectione
1227 2920 1363 2972 servetur.

225 3007 319 3075 titubo,
345 3013 370 3063 et
393 3012 442 3078 qni
461 3025 501 3064 me
521 3013 625 3080 speruit
647 3016 789 3080 spernetur
807 3013 828 3081 (l
847 3014 922 3080 liep,
940 3027 967 3078 ιι,
982 3013 1038 3080 30).
1126 3013 1191 3066 ltltl.
1203 3009 1337 3082 Sequitur
1349 3009 1377 3064 in
1392 3008 1685 3066 orationeshnrsnur
1699 3025 1805 3064 aennon
1818 3023 1893 3063 roua.

227 3099 327 3155 Rectus
347 3117 460 3174 quoque
480 3104 630 3173 Apostolus
652 3104 681 3158 in
703 3103 826 3175 Epistola
844 3121 894 3158 sua
916 3104 1008 3175 posuit
1031 3120 1038 3158 :
1092 3107 1223 3176 Regnum
1248 3104 1332 3160 etiam
1358 3101 1407 3157 Dei
1433 3103 1633 3174 representari
1660 3102 1744 3158 nobis
1769 3101 1892 3173 petimus,

226 3196 287 3252 Non
306 3198 368 3250 estis
385 3199 476 3251 uestri.
497 3198 588 3267 Empti
609 3200 678 3252 enirn
699 3201 760 3252 estis
782 3199 869 3267 pretio
890 3213 988 3268 mitono
1002 3199 1036 3252 ²⁷.
1049 3169 1076 3244 C
1090 3199 1171 3258 sicuti
1191 3203 1219 3253 et
1236 3213 1339 3252 nomeu
1358 3197 1428 3267 ejus,
1448 3199 1479 3250 ιιι
1492 3195 1522 3250 ιιι
1539 3195 1619 3252 ιισιιιι
1634 3197 1824 3251 sanctificetur
1839 3209 1891 3265 pos·

227 3288 378 3356 clarificate
397 3287 451 3359 (ιι)
474 3296 498 3343 et
521 3295 630 3360 portate
657 3293 742 3346 Derim
770 3293 797 3344 in
822 3305 931 3359 corpore
952 3297 1039 3346 uestro
1089 3293 1220 3348 tutemus.
1235 3292 1305 3344 Nam
1327 3291 1400 3345 Deus
1414 3288 1528 3361 quando
1548 3305 1606 3344 non
1626 3287 1891 3360 regnatiuutapud

226 3380 247 3450 (l
263 3383 334 3448 Con,
349 3397 386 3448 vr,
404 3385 446 3452 te,
460 3383 515 3454 20).
1089 3402 1154 3441 eum
1167 3383 1280 3456 quaudo
1298 3383 1397 3454 incipit
1409 3381 1484 3454 quod
1499 3388 1527 3438 et
1538 3397 1653 3454 semper
1669 3383 1762 3438 fuitei
1779 3396 1892 3436 essenon

262 3475 317 3529 llll.
351 3476 415 3530 Post
446 3477 500 3530 hoc
531 3476 652 3532 dicimus
681 3495 686 3532 :
713 3480 920 3534 Suncrrnuarua
948 3494 1038 3534 nonen
1090 3478 1213 3534 desinit?
1231 3478 1363 3532 Nostrum
1386 3491 1508 3548 regnum
1526 3475 1650 3545 potimus
1669 3475 1892 3531 advenirealteo

226 3581 300 3624 roua
324 3568 387 3639 (et).
408 3569 469 3624 Non
489 3569 564 3642 quod
578 3576 708 3643 optemus
729 3573 784 3627 Deo
803 3578 834 3627 ut
849 3571 1040 3628 sanctificetur
1090 3571 1169 3626 nohis
1193 3570 1410 3642 repromissum,
1436 3567 1542 3625 Christi
1561 3569 1701 3641 sanguine
1722 3575 1751 3625 et
1774 3568 1890 3640 passione

912 3724 1016 3788 Varie
1037 3722 1205 3790 lectiones.

257 3853 278 3884 ¹⁵
291 3849 414 3903 Remissa
429 3857 606 3916 peecatorum
625 3853 728 3904 dantur
744 3854 805 3906 aaa.
821 3857 843 3913 l.
857 3855 882 3904 ι.
897 3853 1033 3906 Remissto
1050 3852 1116 3901 Viet.
1149 3851 1170 3884 ¹⁶
1186 3850 1270 3901 Filios
1282 3861 1479 3912 nuncupemus
1494 3849 1573 3911 lmpr.
1586 3851 1647 3898 unte
1664 3849 1744 3900 Οσοιι.
1777 3849 1796 3882 ²⁷
1808 3848 1889 3911 Empti
1948 3891 1949 3896 ,

225 3921 293 3972 estis
307 3933 407 3986 magno
419 3923 473 3973 Nc.
487 3925 508 3974 t.
522 3925 546 3974 t.
560 3926 630 3974 tum.
646 3924 706 3974 flod.
719 3925 744 3975 3.
777 3925 798 3958 ²⁸
815 3922 1064 3976 Satistacttonetr.
1097 3921 1119 3954 ¹⁹
1137 3919 1480 3972 PossidehuntPem.Bod.
1496 3921 1519 3970 ι.
1542 3919 1644 3970 Verr.t.
1680 3919 1889 3974 ”Sanctificatus

225 4003 276 4041 nos
290 3991 358 4042 dicit
371 3993 440 4042 tum.
457 3992 536 4045 Ebur.
559 3994 625 4045 Voss.
640 3996 662 4044 t.
676 3995 736 4044 Bod.
750 3996 773 4056 t,
790 3995 814 4057 ι,
832 3995 856 4058 3,
871 3996 894 4044 ι.

876 4138 988 4221 Steph.
1013 4135 1135 4201 Baluzii
1155 4143 1251 4202 notae.

227 4267 281 4316 hoe
307 4265 404 4316 eodem
429 4264 511 4316 modo
540 4266 621 4316 retest
646 4266 723 4316 hunc
749 4267 858 4329 locum,
883 4270 914 4315 ιιι
937 4264 1042 4315 ιιοιιιιιι
1092 4269 1220 4316 mactum
1234 4267 1295 4328 Dei,
1309 4266 1359 4318 sed
1374 4269 1404 4317 ut
1417 4269 1546 4317 sanetum
1565 4265 1704 4318 habeatur
1724 4266 1759 4317 ab
1778 4264 1888 4316 homini-

228 4337 311 4388 etiam
331 4334 478 4385 Pemelius.
496 4335 588 4385 hlium
609 4336 843 4401 lectionemque)
865 4336 973 4386 habet:
1002 4334 1042 4383 Vae
1091 4335 1196 4396 hus,id
1217 4342 1256 4388 est
1276 4339 1315 4389 ita
1337 4338 1392 4388 illis
1408 4339 1565 4388 innotescet
1582 4337 1659 4388 Deus
1680 4341 1711 4387 ut
1731 4351 1786 4386 non
1805 4335 1888 4387 existi-

227 4407 298 4472 Ιᾳσιιιι
323 4407 487 4472 peccatrici,
514 4405 612 4470 populu
636 4405 711 4470 pteno
734 4409 867 4470 percutis,
894 4405 988 4456 inveni
1011 4406 1040 4455 iu
1092 4411 1169 4458 ment
1196 4409 1300 4473 aliquid
1327 4410 1451 4460 sanctius
1475 4409 1550 4474 quod
1577 4411 1665 4474 magis
1701 4407 1835 4460 offendere
1862 4404 1887 4452 ti·

226 4477 360 4528 tredecim
373 4477 492 4528 setustis
506 4476 720 4540 exemplaribus.
741 4478 772 4526 In
787 4491 844 4528 uno
858 4490 930 4539 meo,
943 4477 1041 4541 populo
1092 4483 1195 4530 meant.
1210 4498 1224 4528 ιι
1240 4480 1311 4530 Vide
1325 4481 1529 4531 Tertullianum
1544 4479 1571 4529 in
1585 4479 1655 4530 libro
1667 4481 1700 4530 ds
1715 4479 1840 4530 Oratione.

225 4551 306 4616 praet
331 4550 480 4614 iniquitute.
500 4549 562 4612 Quo
584 4550 668 4600 etiem
690 4549 773 4600 modo
794 4551 927 4614 scriptum
951 4553 994 4600 est
1011 4517 1081 4598 inl)
1124 4551 1173 4614 tib)
1207 4552 1380 4614 appetitores.
1410 4551 1543 4616 Quinque
1570 4549 1633 4600 libri
1662 4554 1770 4602 veteres
1798 4547 1888 4598 habent

226 4623 338 4686 capitor
359 4621 437 4671 lsaire
459 4621 488 4669 in
508 4619 630 4671 editione
650 4619 922 4684 vulgataOhservat
945 4625 1038 4670 autern
1090 4619 1274 4671 concubitores.
1303 4622 1350 4672 Sic
1376 4621 1459 4672 etism
1482 4634 1512 4672 se
1534 4623 1562 4672 in
1590 4622 1783 4684 antiqutssimo
1805 4618 1887 4670 codice

224 4693 374 4754 arnobius,
400 4691 447 4742 lib.
463 4705 481 4754 1,
504 4691 631 4742 ethnicos
651 4692 733 4742 nohis
758 4691 940 4755 exprobrasse
963 4691 1038 4755 quod
1089 4691 1189 4754 legisse
1205 4695 1320 4742 testatur
1343 4692 1492 4754 lloreltius,
1515 4693 1543 4742 ιιι
1563 4705 1620 4744 ιιιιο
1638 4691 1734 4744 codice
1751 4691 1886 4742 Bodleiano

226 4777 270 4816 res
290 4767 391 4814 nostrae
407 4763 586 4814 barbarismis
603 4767 631 4813 et
651 4762 816 4813 soloeeismis
836 4761 932 4811 ubsltae
946 4767 1039 4812 essent
1089 4761 1174 4812 editio
1188 4763 1349 4828 Anglieans.
1366 4762 1412 4814 Sic
1430 4765 1513 4814 etism
1529 4762 1613 4814 editio
1635 4763 1747 4828 vulgata
1763 4759 1886 4826 Epistola·

227 4839 255 4886 et
277 4836 406 4884 vitiorum
427 4833 600 4884 deformitate
614 4833 736 4898 pollutas.
752 4831 821 4883 Vide
843 4832 889 4882 lib.
906 4845 934 4882 ιιι
957 4833 1038 4882 resn'-
1088 4846 1150 4883 rum
1163 4835 1250 4885 saneti
1264 4835 1353 4884 Pauli.

226 4905 384 4967 mentorum,
400 4918 460 4968 cop.
475 4905 498 4956 3.
1119 4903 1167 4967 (td)
1208 4905 1392 4955 Fraudulenti.
1430 4904 1524 4957 Codex
1557 4905 1694 4958 Fuxensis
1732 4903 1885 4968 [roridotorre

255 4978 305 5038 (ιι,
332 4977 490 5040 Ctorificutr.
514 4974 609 5026 Codex
633 4975 866 5035 Moneeteriensis,
890 4974 1039 5038 Glorilteuts
1087 4975 1128 5026 ost
1148 4974 1323 5038 fraudulenti,
1343 4981 1374 5025 ut
1395 4976 1538 5027 arbitrium
1560 4979 1783 5041 essetlntegrum
1803 4971 1883 5024 tectou'

227 5049 267 5097 eet
282 5049 432 5112 clarificate.
448 5049 523 5099 Hine
544 5048 649 5098 iactum
671 5053 702 5098 ιιι
715 5047 829 5112 quidam
852 5047 913 5098 libri
931 5053 1038 5098 veteres
1088 5046 1239 5098 retinendas
1261 5047 1387 5098 lectionis
1410 5061 1473 5112 quea
1496 5047 1548 5099 athi
1571 5049 1659 5113 magis
1683 5047 1819 5098 arrideret.
1835 5043 1884 5106 ligo

225 5119 347 5170 habeant
372 5119 527 5182 glorificate,
553 5118 599 5168 alit
627 5117 779 5180 ctoriticute.
799 5119 869 5169 Vide
900 5123 980 5168 notas
1002 5118 1037 5168 ad
1086 5119 1202 5182 praeiero
1218 5119 1354 5180 ultimam,
1370 5121 1436 5184 quta
1451 5131 1512 5170 aem
1527 5121 1614 5184 repert
1628 5121 1655 5169 in
1675 5133 1738 5172 xxv
1752 5117 1825 5169 libris
1842 5125 1883 5162 ve·

226 5189 325 5239 tibrum
339 5191 370 5238 de
386 5189 481 5240 Habitu
498 5189 643 5252 Virginem.
1088 5188 1193 5239 teribus
1216 5189 1307 5239 Aliam
1320 5203 1380 5240 raro
1393 5191 1490 5254 reperi.

256 5261 305 5323 (ιιι
334 5261 515 5322 Sanctificetur
542 5273 634 5308 nomen
657 5265 738 5310 tuum.
769 5259 863 5310 Refert
895 5261 971 5311 hunc
999 5261 1038 5311 lo·
1120 5261 1169 5324 (ιιι
1196 5259 1337 5325 Vieificnto.
1353 5262 1391 5312 tta
1418 5274 1515 5312 omnes
1539 5261 1601 5312 libri
1624 5264 1729 5312 veteres
1751 5263 1779 5310 et
1800 5267 1883 5307 omnes

188 5374 191 5380 .
227 5344 292 5383 cum
313 5333 426 5381 sanctus
441 5331 615 5395 Augustinus
630 5330 676 5379 lib.
691 5343 720 5380 ιν
735 5335 829 5380 contra
849 5331 916 5381 dirus
933 5331 1036 5395 Episto-
1088 5333 1211 5396 antiquie
1245 5333 1391 5384 editiones.
1432 5333 1591 5384 Manutirna
1628 5332 1712 5384 hahet
1740 5327 1883 5395 justiniam

228 5401 268 5453 tus
291 5401 507 5464 Petuptunorum,
524 5413 583 5464 cap.
603 5401 626 5452 9.
650 5401 838 5466 literonymns
861 5403 887 5452 iu
913 5403 1036 5467 Epistola
1087 5403 1229 5454 Morelttus
1254 5405 1367 5454 retinuit
1389 5409 1511 5456 ueterem
1535 5404 1692 5455 lectionem.
1712 5401 1841 5452 Psmelius
1861 5399 1883 5445 et

225 5473 260 5523 od
287 5473 399 5524 Sunium
433 5477 456 5522 et
479 5471 608 5521 Fratrturn
631 5487 636 5520 :
668 5486 683 5520 n
710 5473 903 5523 Sanctificetur
935 5485 1036 5524 nomen
1087 5472 1222 5538 Rigaltius
1248 5475 1405 5525 meluerunt
1430 5475 1584 5537 justificato.
1613 5468 1658 5526 Sie
1681 5474 1763 5524 ettam
1792 5467 1881 5534 Angli.

224 5548 315 5604 tuum,
331 5542 474 5606 nonquod
489 5541 571 5592 nobis
589 5541 731 5593 orantibus
753 5544 940 5594 sanctificetur
962 5544 1035 5607 quod
1087 5547 1216 5608 quamvis
1241 5545 1375 5597 haberent
1400 5547 1593 5596 auctoritatem
1623 5545 1744 5610 plurium
1771 5545 1880 5593 veterum

225 5628 317 5682 perse
338 5620 466 5665 sanetum
482 5619 533 5675 est,
550 5611 598 5664 sed
623 5627 679 5678 quo
701 5619 829 5678 petamus
844 5619 873 5664 ut
894 5613 969 5680 quod
988 5629 1037 5678 per
1086 5617 1288 5680 exemplarium
1316 5620 1412 5668 eontra
1442 5618 1628 5667 sentientium.
1653 5614 1723 5666 Vide
1745 5611 1880 5664 concilium

224 5691 351 5737 naturam
371 5685 414 5735 sui
436 5689 564 5736 sunctum
585 5691 627 5735 est
650 5685 839 5737 sanctificetur
861 5687 889 5736 in
913 5684 1001 5736 nobis.
1022 5704 1036 5731 »
1087 5685 1314 5753 Carthaginenses,
1340 5689 1487 5756 Cypriani,
1515 5691 1543 5739 in
1567 5688 1733 5740 allocutione
1755 5683 1846 5736 Felicis
1869 5691 1880 5726 ι

225 5757 344 5809 Rufinus
372 5760 400 5806 in
436 5755 505 5808 t’sal.
531 5767 611 5807 cxxv
635 5771 641 5805 ε
667 5773 681 5802 ιι
709 5755 906 5809 Sanctificetur
932 5770 1035 5808 nomeu
1085 5757 1178 5820 Bagai.

226 5835 314 5882 tuum.
331 5827 413 5897 Quod
437 5841 492 5880 non
515 5828 555 5882 sic
577 5828 680 5894 petitur
698 5827 778 5893 quasi
799 5841 855 5880 non
878 5829 913 5879 sit
933 5841 1035 5882 nomen
