4076 6190
126 281 153 336 rt
781 275 858 334 vlla
876 277 905 332 S.
920 273 1089 334 atratum.
1750 275 1786 334 'ti

122 405 227 462 remissa
241 407 423 475 peccatorum
436 404 529 473 datur,
544 408 573 460 et
586 420 604 459 a
617 403 761 476 baptismo
774 407 887 477 atqnea
905 405 999 475 gratia
1016 421 1103 460 nemo
1122 403 1299 477 prohibetur,
1320 408 1428 476 quanto
1446 402 1539 476 magis
1557 401 1704 477 prohiberi
1726 421 1786 462 nnn

124 493 196 548 debet
206 492 310 558 intans,
318 479 367 564 qui
378 508 478 548 recens
488 491 651 548 natusnibil
664 493 801 564 peccarit,
814 493 869 550 nisi
882 495 968 566 quod,
977 493 1132 550 secundum
1142 494 1231 550 Adam
1243 495 1394 548 carnaliter
1405 497 1499 560 natus,
1510 494 1675 565 contagium
1688 495 1787 551 mortis

122 584 233 653 anhqnae
253 582 342 652 priam
361 581 505 637 nativitate
525 580 677 649 contraxit,
691 582 740 653 qui
759 581 797 636 ad
813 583 966 638 remissam
982 587 1163 656 peccatorum
1180 583 1376 654 accipiendam
1398 584 1451 638 hoe
1472 584 1532 654 ipso
1550 583 1659 640 facilius
1680 585 1788 642 accedit

123 671 188 744 quod
200 671 238 726 illi
255 671 440 727 remittuntur
455 687 512 727 non
527 671 644 742 propria
659 670 708 726 sed
721 669 816 726 aliona
835 677 960 743 peecata.
976 692 990 723 a
1011 671 1114 727 Contra
1135 673 1256 744 superba
1279 673 1497 743 Pelagianorum
1517 677 1690 740 commenta,
1704 673 1788 730 docet

124 761 268 832 Cyprianus
280 758 410 832 pluribus
420 759 491 816 locis
501 775 553 816 nos
567 758 694 831 quotidie
707 775 837 832 peceare,
851 765 884 816 ut
897 759 1019 816 inlibris
1033 761 1066 816 de
1083 760 1161 818 Orat.
1177 763 1265 830 llam„
1281 777 1309 833 p.
1326 764 1374 816 tlt
1389 777 1397 830 ;
1410 761 1443 818 de
1458 762 1541 832 Opere
1557 767 1584 817 et
1596 762 1787 834 Eleemosynae,

121 867 163 921 pp.
179 851 229 904 aaa
243 853 272 904 et
285 849 348 916 aas,
361 854 391 904 et
403 850 423 904 l.
440 865 467 904 ιιι
486 851 604 912 Τιειιιιι.,
618 866 648 921 p.
662 849 705 904 54.

150 937 249 993 Christi
262 938 385 1008 gratiam
399 937 559 993 innumeris
570 937 600 992 in
616 936 684 992 locis
698 937 816 994 mirifice
828 937 1011 996 commendat
1024 939 1189 1012 Cyprianus,
1203 940 1263 1012 qui,
1276 955 1342 994 cum
1356 938 1450 994 adhuc
1471 937 1499 994 in
1513 938 1639 994 tenebris
1657 941 1686 995 et
1707 945 1788 996 noete

122 1043 185 1082 caca
195 1027 315 1097 jaceret,
330 1025 392 1081 lieri
408 1042 467 1082 non
479 1043 563 1100 posse
583 1025 715 1082 credebat
731 1026 810 1099 quod
827 1025 977 1082 Christiani
997 1027 1149 1098 docebant,
1165 1049 1180 1078 o
1199 1033 1229 1084 ut
1248 1027 1311 1100 quis
1328 1027 1436 1083 renasci
1457 1026 1551 1083 denuo
1567 1031 1673 1099 posset,
1687 1035 1789 1101 utque,

121 1118 257 1172 hnoram
275 1115 361 1172 vitam
374 1116 485 1172 lavacro
498 1131 580 1187 aquae
593 1115 724 1171 salutaris
736 1114 889 1184 animatus,
903 1115 980 1187 quod
995 1115 1074 1188 prius
1087 1117 1182 1172 luerat
1195 1119 1361 1188 exponeret,
1374 1121 1412 1186 et,
1427 1115 1554 1188 corporis
1569 1115 1636 1171 licet
1654 1122 1789 1172 manente

123 1221 262 1276 compage,
275 1204 425 1260 hominem
448 1205 545 1260 animo
565 1220 598 1258 ao
612 1209 710 1259 mente
731 1209 855 1259 mutaret
878 1203 975 1277 (Epist.
997 1207 1034 1262 ad
1051 1205 1207 1278 Donati.»
1227 1207 1279 1262 Sed
1297 1206 1374 1261 hune
1391 1221 1520 1262 errorem
1540 1204 1625 1260 simul
1644 1220 1708 1261 cum
1730 1207 1791 1263 aliis

121 1295 187 1350 vibis
201 1297 230 1348 et
242 1292 389 1348 erroribus
403 1293 546 1366 deposuit,
561 1295 591 1348 et
603 1291 707 1347 Christi
720 1293 839 1364 matiam
853 1310 887 1348 eo
900 1293 1033 1351 libentius
1047 1295 1179 1367 deinceps
1190 1295 1364 1368 predicavit,
1378 1311 1434 1367 quo
1448 1295 1621 1366 pertinacius
1637 1296 1787 1366 rejecerat.

123 1385 206 1439 tideri
217 1387 336 1455 possunt
351 1383 456 1454 quaein
469 1382 543 1438 banc
558 1382 728 1438 sententiam
743 1380 857 1438 disserit
870 1383 899 1438 in
913 1385 1034 1455 Epistola
1050 1385 1087 1440 cd
1102 1387 1248 1441 Donatum.
1264 1385 1368 1441 Probat
1385 1385 1414 1440 in
1437 1386 1547 1442 linbort.
1561 1389 1643 1440 mort.
1662 1385 1700 1456 tp.
1718 1385 1790 1456 ibt),

123 1490 152 1528 ιι
165 1472 292 1546 pluribus
306 1471 461 1544 Scriptura
473 1471 642 1527 testimoniis
657 1493 672 1522 a
689 1469 832 1527 timendas
845 1488 901 1528 non
920 1489 981 1528 asse
1000 1473 1117 1545 injurias
1131 1479 1160 1528 at
1178 1490 1277 1545 paenas
1294 1471 1616 1545 persecutionumque
1636 1474 1729 1545 mcu'or
1748 1480 1791 1529 est
1844 1507 1852 1525 .

123 1563 248 1618 Dominus
262 1561 298 1617 ad
312 1561 524 1633 protegendum
538 1575 624 1632 quam
640 1561 768 1616 diabolus
782 1559 819 1615 ad
836 1561 1076 1632 impugnandum.
1090 1583 1104 1612 a
1120 1561 1181 1617 vid.
1199 1565 1318 1634 pp.262,
1330 1564 1464 1629 268,273.
1479 1563 1509 1616 ln
1523 1561 1604 1632 epist.
1620 1563 1635 1616 9
1651 1566 1790 1633 martyres

122 1649 241 1706 bortatur
254 1651 289 1706 ad
301 1651 505 1718 constantiam,
522 1671 536 1700 a
551 1650 617 1723 quia
629 1649 717 1721 mcp‘or
729 1655 768 1705 est
780 1653 830 1720 qui
841 1653 870 1706 in
885 1653 959 1708 nohis
973 1667 1055 1723 qaam
1067 1655 1096 1708 tn
1110 1653 1157 1706 boc
1169 1652 1278 1714 mundo,
1293 1667 1346 1706 nec
1358 1652 1422 1724 plus
1436 1652 1472 1707 ad
1486 1649 1679 1722 dejiciendum
1695 1652 1790 1721 potest

122 1749 223 1796 terrena
238 1757 323 1813 poerra
338 1757 423 1812 quam
438 1741 475 1795 ad
490 1739 659 1812 erigendum
673 1740 761 1796 tutela
775 1739 881 1796 divina.
894 1762 908 1790 a
924 1740 1008 1796 Plura
1021 1740 1084 1797 ride
1098 1740 1126 1796 iu
1141 1741 1240 1796 eadem
1252 1741 1370 1812 epistola
1384 1741 1454 1796 etin
1468 1740 1551 1812 epist.
1562 1742 1595 1794 55
1608 1739 1647 1812 (p.
1660 1739 1716 1809 88).
1730 1741 1790 1796 lluc

123 1831 208 1884 reterri
223 1838 343 1901 possunt
357 1829 482 1902 plurima
503 1831 559 1886 alia
580 1829 716 1902 Cypriani
738 1829 876 1900 principia
887 1847 896 1899 ;
911 1827 988 1884 velut
1007 1845 1073 1884 cum
1094 1832 1175 1886 docet
1193 1830 1341 1886 victoriam
1362 1847 1378 1884 a
1398 1831 1456 1885 [teo
1478 1829 1540 1885 dari
1563 1830 1601 1900 tp.
1616 1831 1676 1900 79)·,
1703 1831 1792 1884 Deum

123 1919 227 1974 virtores
243 1935 294 1974 sua
310 1919 477 1990 dignatione
493 1919 588 1975 facere
604 1919 675 1989 (tea,
690 1918 771 1991 285„
793 1919 880 1974 Deum
900 1931 1085 1973 remunerare
1105 1917 1134 1972 ιιι
1152 1917 1236 1974 nobis
1248 1919 1390 1992 quidquid
1411 1919 1471 1991 ipse
1492 1918 1634 1990 praestitit,
1648 1919 1790 1975 bonorare

123 2010 186 2080 quod
200 2010 260 2081 ipsa
275 2010 345 2065 lecit
356 2011 448 2082 (l69);
466 2013 595 2066 nostrum
610 2009 680 2064 nihil
693 2026 754 2064 esse
776 2007 865 2080 (305);
887 2007 1035 2062 neminem
1053 2006 1107 2062 sibi
1123 2008 1280 2080 quidquam
1298 2023 1445 2064 assumere
1467 2007 1571 2064 debere
1587 2007 1676 2080 (tium
1696 2011 1789 2064 totum

125 2099 171 2154 ileo
184 2099 313 2155 dandum
328 2099 432 2172 tibiali.
449 2099 627 2156 Evolrendus
639 2099 667 2156 in
683 2099 783 2171 primis
797 2096 869 2152 liber
880 2097 914 2152 dc
928 2095 1003 2152 Orat.
1014 2098 1102 2163 llam,
1112 2096 1160 2152 ubi
1173 2098 1255 2154 docet
1266 2098 1409 2154 orandum
1420 2101 1450 2153 at
1464 2097 1513 2151 liat
1526 2097 1555 2152 in
1568 2095 1649 2152 uobis
1660 2097 1792 2152 voluntas

123 2187 171 2255 liei,
191 2192 222 2243 ut
245 2190 294 2244 ilai
317 2189 449 2244 voluntas
468 2189 519 2244 tiat
537 2189 567 2243 in
587 2203 705 2260 corpore
723 2191 752 2244 et
771 2186 883 2258 spiritu,
907 2191 937 2241 ut
956 2184 1051 2241 lacere
1073 2185 1213 2258 possimus
1240 2188 1316 2258 quod
1346 2188 1419 2242 Deus
1439 2187 1517 2256 rult;
1543 2191 1575 2244 ut
1598 2187 1627 2240 in
1651 2187 1707 2241 illis
1733 2203 1790 2242 non

123 2277 291 2334 credentibus
305 2277 356 2332 fiat
368 2275 499 2334 volumtas
514 2278 571 2345 itai,
585 2275 828 2349 quemadmodum
846 2275 876 2330 in
899 2273 981 2330 nobis
999 2289 1050 2345 per
1066 2274 1155 2330 iidem
1178 2279 1305 2332 nostram
1324 2277 1456 2333 voluntas
1477 2277 1523 2332 liei
1540 2276 1615 2332 lacta
1634 2279 1695 2346 est;
1718 2293 1790 2349 opus

124 2367 190 2422 enirn
206 2383 264 2424 esse
279 2367 329 2424 llei
343 2369 488 2424 voluntate
503 2370 534 2422 ut
546 2367 576 2422 in
596 2367 678 2422 nobis
693 2366 742 2422 fiat
754 2367 884 2422 voluntas
897 2365 968 2435 θοις
988 2369 1019 2420 ut
1035 2365 1084 2436 qrri
1105 2364 1134 2420 in
1153 2363 1294 2436 baptismo
1308 2363 1474 2421 sanctificati
1491 2379 1600 2435 sumus,
1616 2366 1646 2420 in
1664 2382 1699 2421 eo
1714 2365 1789 2438 quod

124 2471 173 2511 esse
186 2457 322 2530 ecepimus
334 2471 546 2530 perseveremus
558 2472 565 2524 ;
579 2459 611 2511 ut
623 2455 809 2512 sanctificatio
822 2460 851 2511 et
870 2453 1017 2510 vivificatio
1036 2468 1100 2526 quse
1119 2453 1153 2510 de
1175 2453 1226 2510 liei
1248 2453 1338 2524 gratia
1356 2453 1490 2523 sumitur,
1509 2453 1597 2526 ipsius
1615 2455 1790 2527 perfectione

123 2551 244 2602 anatur.

121 2745 332 2764 *-

870 2922 1019 3016 VITA

490 3135 862 3308 SANCTI
909 3135 1413 3306 CYPRIANI

602 3429 751 3486 Episcopi
768 3428 1058 3486 contutabimus
1076 3428 1120 3486 ET
1136 3425 1305 3486 uualtats

390 3611 498 3680 CURA
536 3613 574 3680 D.
615 3613 833 3682 PRUDENTll
872 3613 1012 3684 MARAN
1051 3615 1088 3682 0.
1131 3615 1164 3682 S.
1202 3615 1238 3681 B.
1280 3611 1508 3681 thanatan.

150 4021 276 4096 bagnum
290 4025 458 4085 Christiana
477 4031 625 4103 religionis
639 4033 738 4089 lumen
757 4034 922 4107 Cyprianus,
934 4055 964 4129 Α
975 4031 1038 4108 75
1052 4036 1073 4090 l.
1089 4063 1123 4074 -
1136 4049 1170 4088 on
1183 4047 1207 4090 s.
1223 4045 1354 4089 maruno
1369 4047 1485 4088 nonnus
1499 4045 1666 4092 caeseriano.
1680 4066 1715 4080 -
1728 4051 1787 4095 nrs-

123 4119 236 4186 quandiu
255 4121 285 4175 in
304 4121 425 4178 Ecclesia
439 4124 548 4192 micuit,
563 4141 667 4198 magna
680 4144 746 4200 pars
758 4128 812 4183 luit
823 4145 924 4185 esrum
1084 4129 1251 4172 ’Πιῦὓῑιῦυῦ
1266 4126 1343 4169 ΕΒΗ
1357 4127 1488 4170 mmm
1500 4128 1679 4171 ΑΝΤΙΟΕΕΕΝΟ·

123 4225 205 4267 rerum
223 4229 288 4286 quae
310 4219 378 4270 tune
399 4220 487 4286 gestae
506 4218 632 4276 luerunt.
646 4220 839 4285 Quamobrem
856 4237 922 4294 sup·
1010 4223 1183 4296 cyprianum
1199 4222 1228 4276 in
1241 4222 1332 4278 birico
1351 4224 1451 4277 natum
1465 4237 1525 4276 esse
1540 4237 1626 4277 nemo
1645 4221 1785 4296 dissentit,

121 4305 217 4374 peditat
230 4308 294 4379 ejtas
309 4310 365 4364 rita
382 4311 588 4382 amplissimam
607 4313 766 4370 disserendi
785 4319 923 4387 segetem,
974 4313 1146 4385 Cartbagine
1165 4315 1259 4368 ortum
1277 4309 1450 4366 Prudentius
1470 4313 1500 4366 et
1519 4309 1620 4367 Suidas
1640 4312 1785 4369 existima-

121 4411 148 4450 ιι
158 4399 210 4454 ιιιο
222 4401 370 4458 volumine
386 4419 457 4475 opas
470 4408 545 4461 esset
564 4406 588 4460 si
603 4423 699 4464 rerum
715 4407 752 4464 ad
770 4425 837 4464 eum
858 4423 923 4480 per·
975 4408 1059 4472 runt3
1074 4403 1196 4458 sedcum
1211 4403 1238 4458 S.
1254 4402 1360 4471 llartyr
1370 4401 1423 4456 hoc
1437 4400 1612 4456 beneticium
1622 4401 1787 4476 Carthagini

121 4489 261 4550 tuentium
289 4496 320 4552 et
344 4511 435 4566 genus
459 4500 488 4553 et
512 4499 609 4554 modos
635 4501 779 4574 persequi,
803 4501 826 4556 si
848 4501 925 4556 edita
974 4498 1124 4565 acceptum
1140 4507 1199 4548 non
1213 4490 1327 4558 referat,
1341 4489 1391 4544 sed
1408 4493 1520 4544 tantum
1540 4490 1616 4546 dicat
1631 4492 1715 4564 epist.
1730 4495 1784 4550 36:

121 4582 286 4655 singularum
310 4588 448 4645 virtutum
472 4593 603 4666 exempla
627 4594 716 4650 oculis
733 4594 883 4666 subjicere,
902 4595 925 4651 si
976 4609 991 4638 a
1004 4587 1056 4642 Ubi
1070 4586 1147 4642 essim
1161 4585 1232 4640 mihi
1248 4589 1296 4639 aut
1311 4583 1413 4639 fflssliuit
1429 4583 1515 4654 P⁰⁵⁵ii
1528 4599 1589 4640 ⁰⁵⁵⁰
1610 4589 1660 4639 ⁸¹¹i
1681 4587 1782 4656 iaefiub

122 4677 229 4734 eximios
246 4681 336 4738 animi
358 4699 458 4739 sensus
476 4701 510 4740 ex
528 4687 655 4758 epistolis
672 4693 701 4744 et
721 4687 784 4744 aliis
801 4689 923 4761 seriptis,
975 4697 1062 4755 quam
1083 4679 1149 4749 illic,
1172 4678 1223 4734 ubi
1245 4695 1291 4734 me
1314 4677 1386 4732 ⁰0³³
1409 4677 1525 4733 effidem
1549 4677 1638 4733 V⁰lt¹ii
1659 4683 1688 4734 ei
1710 4695 1786 4734 01·θὸ-

121 4768 255 4844 inquibus
269 4775 343 4832 illios
359 4793 454 4834 moras
469 4779 587 4836 mirifice
608 4781 805 4854 depinguntur
824 4798 924 4838 eruere
975 4791 1050 4842 cere,
1061 4796 1075 4826 u
1092 4773 1145 4828 alia
1157 4788 1222 4828 eum
1237 4770 1328 4843 patria
1345 4768 1460 4824 ridetur
1478 4769 1508 4824 in
1527 4769 1621 4824 lucem
1639 4772 1784 4831 extulisse.

122 4862 302 4924 instituerem.
320 4869 376 4926 Sed
391 4888 449 4928 non
465 4877 508 4928 est
520 4873 604 4947 hujus
624 4875 677 4930 loci
696 4875 837 4947 ejusmodi
858 4892 922 4948 per.
975 4867 1133 4925 Vocabatur
1146 4866 1277 4922 Thascius
1290 4863 1458 4935 Cyprianus,
1469 4865 1502 4919 ut
1513 4867 1594 4933 patet
1604 4879 1636 4920 er
1646 4867 1786 4925 sententia

124 4961 258 5030 tractatio,
284 4979 336 5018 nec
362 4965 434 5021 mihi
460 4967 638 5039 propositum
664 4967 703 5026 sic
730 4969 765 5024 de
791 4968 925 5041 Cypriani
975 4961 1150 5034 proconsulis
1173 4962 1202 5014 et
1222 4958 1303 5030 epist.
1323 4954 1455 5019 casluin
1475 4955 1561 5012 etiam
1580 4957 1715 5016 asciverat
1732 4961 1786 5020 sibi

122 5051 196 5108 rebus
209 5055 357 5126 disserere,
370 5059 421 5114 sed
441 5063 555 5116 tantum
575 5077 624 5116 eas
646 5062 748 5117 ordine
772 5063 924 5136 explicere,
975 5055 1078 5114 Cacilii
1102 5069 1216 5122 nornen,
1230 5056 1302 5107 teste
1324 5051 1560 5121 hieronymum
1582 5056 1695 5123 gratum
1719 5056 1783 5112 ani-

122 5159 148 5199 ac
174 5147 230 5220 ipsa
264 5151 349 5206 etiem
376 5153 481 5225 scripta
507 5156 683 5228 temporibus
710 5159 820 5212 notare.
844 5157 923 5226 Nam,
974 5166 1055 5206 mum
1073 5153 1102 5204 et
1119 5163 1247 5203 amorem
1268 5145 1297 5200 in
1315 5144 1514 5218 presbyterum
1531 5146 1687 5217 Caecilium,
1705 5151 1784 5222 cujus

123 5253 177 5296 cum
188 5242 250 5298 hac
262 5244 437 5302 elucubratio
450 5249 603 5320 conjuncte
617 5265 681 5306 curn
697 5251 785 5307 sancti
799 5250 925 5324 llartyris
974 5259 1061 5318 opera
1082 5242 1119 5298 ad
1142 5241 1284 5298 Christum
1305 5253 1455 5296 conversus
1478 5239 1581 5308 luerat,
1602 5240 1657 5297 hoc
1681 5259 1784 5302 mouu-

124 5335 222 5406 seriptis
248 5338 385 5409 prodeat,
411 5343 571 5398 necessaria
599 5360 654 5399 non
685 5347 729 5399 est
761 5345 924 5416 longiorum
974 5343 1071 5394 mento
1091 5337 1253 5392 testaretur.
1274 5335 1389 5389 Pontius
1415 5332 1561 5404 diaconus,
1583 5335 1631 5406 qui
1652 5336 1787 5409 Cypriani

123 5427 340 5486 testimoniorum
364 5435 516 5506 appositio,
540 5453 605 5508 quae
631 5438 753 5510 quisque
775 5441 869 5510 potest
891 5454 924 5494 ex
934 5445 963 5518 Β
975 5431 1065 5486 Vitam
1078 5429 1200 5501 scripsit,
1215 5443 1259 5483 ras
1274 5426 1309 5482 ab
1325 5443 1359 5482 eo
1373 5431 1439 5481 ante
1460 5427 1674 5484 conversionem
1694 5433 1786 5502 gestas

125 5517 176 5589 ipso
210 5523 290 5579 lente
324 5525 463 5595 haurire3
498 5530 639 5604 variisque
679 5529 925 5603 supersedendum
975 5524 1073 5580 minus
1091 5523 1190 5595 dignas
1211 5537 1272 5578 esse
1293 5519 1525 5593 judicavitque
1542 5521 1645 5576 littaris
1666 5526 1786 5582 manda·

126 5613 366 5689 observationibus,
382 5636 445 5692 quae
456 5621 531 5678 sorte
545 5640 605 5679 nan
618 5625 890 5682 essantomittendae
902 5625 924 5680 si
975 5622 1027 5674 ret.
1045 5620 1141 5690 ltaque
1157 5617 1219 5674 hac
1234 5614 1310 5671 illius
1322 5615 1387 5672 vite
1402 5629 1468 5687 pars
1478 5613 1507 5670 in
1517 5615 1659 5671 oblivione
1673 5621 1701 5672 et
1712 5621 1787 5677 tane·

126 5703 150 5760 S.
171 5711 301 5781 Cypriani
324 5712 382 5770 rita
410 5717 564 5788 separatim
591 5717 627 5774 ah
651 5719 713 5792 ejus
735 5718 871 5794 operibus
896 5719 925 5774 in
974 5713 1140 5784 brisjaeet;
1161 5709 1389 5782 necquidquam
1413 5712 1489 5764 certo
1512 5709 1626 5781 scimus,
1649 5711 1703 5766 nisi
1720 5730 1788 5770 auur

127 5799 207 5860 lacem
220 5805 361 5864 aderstar.
975 5805 1149 5864 rhetoricam
1164 5819 1276 5860 summa
1291 5802 1456 5858 celebritate
1471 5800 1609 5874 docuisse,
1624 5821 1677 5862 nec
1690 5806 1724 5863 iis
1743 5823 1791 5864 ca·

279 5901 415 5971 Parnon.
441 5904 491 5974 tv.
1609 5910 1627 5966 3
