3986 6208
92 249 134 310 tit
676 247 777 305 LIBER
796 247 839 304 DE
858 245 947 304 BONO
965 241 1159 303 rationum.
1707 251 1759 306 650

91 375 204 432 etdicit:
228 373 322 447 625
345 373 391 428 Aa
413 374 549 445 numquid
573 373 742 443 opulentiora
761 373 890 430 bonitatis
901 369 1070 457 pimplevit
1092 375 1119 426 et
1141 371 1233 426 iactis.
1249 373 1283 428 Et
1305 372 1372 442 quia
1397 373 1431 428 ad
1456 373 1509 430 boc
1530 371 1713 430 descendisse
1727 391 1756 430 se

89 471 135 540 ejas
168 475 193 525 et
231 471 420 524 scutiaeuts'am
455 473 482 524 at
519 469 684 539 patientiam
709 467 746 540 (8)
774 473 890 522 contem·
940 463 1053 519 dixerat
1068 462 1164 538 626
1180 469 1212 520 ut
1227 465 1403 520 voluntatem
1417 467 1505 522 Patris
1518 468 1757 537 iaceret¹⁷,inter

89 563 161 630 nisit,
185 564 314 631 iquorous
340 563 469 632 quoniam
488 564 628 632 patientia
654 567 679 617 et
709 561 815 618 bonitus
841 564 891 616 Dei
939 561 1044 613 celera
1059 557 1199 613 mirabilia
1209 559 1233 593 ¹⁸
1248 558 1385 614 virtutum
1401 577 1516 618 suarum
1531 563 1634 635 quibus
1649 561 1755 618 iudicia

88 658 118 712 ad
137 657 359 728 penitentiamle
380 655 518 712 adducit?
541 657 583 711 Tu
608 661 711 719 aulem,
733 656 884 712 secuudum
939 651 1042 708 divinae
1056 651 1213 722 majestatis
1234 652 1381 724 expressit,
1405 651 1556 726 paternam
1575 671 1689 729 quoque
1705 673 1756 730 pa-

87 751 205 806 dariticm
230 754 303 806 tuam
324 754 350 805 et
374 765 419 806 cor
442 752 621 820 impenitens,
647 751 815 806 thesaurisas
839 750 889 805 tibi
939 745 1070 801 tientiem
1094 746 1251 801 tolerantia
1276 749 1376 802 tenore
1399 750 1530 804 serravit.
1545 751 1650 810 Omnes
1672 755 1754 812 deni·

87 847 146 900 baar
158 847 186 900 ia
206 845 250 901 die
273 847 323 900 iras
336 845 357 879 ¹²
379 849 405 900 et
425 845 598 900 revelationis
614 843 689 913 ,iusti
707 843 813 912 judicii
828 845 887 907 Dei,
939 855 994 911 quc
1008 839 1032 874 ⁹⁹
1045 844 1123 895 actus
1137 839 1198 910 ejus
1220 839 1256 894 ab
1277 839 1339 912 ipso
1358 841 1452 896 statim
1476 842 1599 900 adventu
1622 849 1757 918 patientia

87 942 127 1010 qra'
136 939 225 995 reddet
244 941 389 1010 unicuique
407 939 555 994 secundum
578 953 659 1009 opero
677 953 729 992 sura
742 937 840 1008 litora„
856 953 887 1008 rr,
939 933 1043 988 comite
1056 933 1208 1004 signantur
1221 933 1255 999 ³⁰,
1270 934 1348 1005 quod
1371 935 1531 1006 primum²¹
1557 939 1592 993 de
1605 940 1652 996 illa
1665 943 1754 999 subli-

87 1033 146 1104 it).
158 1033 268 1088 lustum
286 1033 428 1104 judicium
447 1031 496 1088 Dei
518 1031 588 1087 dixit
612 1048 683 1099 esse,
705 1032 771 1104 quia
792 1047 888 1087 serum
939 1026 1573 1086 mitateaoelestiadterrenedcscendensuon
1586 1039 1757 1106 aspernatur

88 1129 131 1194 est,
153 1126 217 1198 quia
241 1125 289 1181 diu
310 1126 490 1198 multumque
512 1123 652 1196 differtur,
668 1128 702 1181 ut
727 1125 838 1181 homini
853 1125 887 1180 ad
938 1121 987 1176 Dei
1004 1121 1090 1176 Filius
1104 1137 1218 1176 carnem
1245 1121 1368 1176 bominis
1382 1123 1502 1180 induere
1523 1128 1561 1190 et,
1576 1144 1641 1182 cum
1655 1146 1755 1201 pocca-

87 1220 160 1275 ritam
187 1219 274 1292 longa
302 1219 349 1275 Dei
375 1219 512 1292 patientis
532 1219 709 1276 consulatur.
735 1221 812 1276 Tunc
841 1235 887 1274 re·
939 1215 1058 1287 toripsc
1073 1232 1131 1271 nou
1148 1221 1231 1286 esset,
1251 1217 1344 1272 aliena
1369 1223 1482 1288 peccata
1497 1227 1622 1291 portare.
1638 1225 1758 1282 immor-

87 1319 262 1386 praesentatur
273 1329 358 1385 poena
373 1313 463 1386 impio
480 1319 509 1369 et
521 1313 673 1386 peccatori,
697 1313 810 1386 quaudo
826 1313 887 1384 jam
939 1308 1047 1364 talitete
1062 1309 1175 1366 interim
1190 1310 1289 1382 posita,
1303 1311 1365 1366 lieri
1379 1327 1409 1366 se
1421 1317 1450 1368 et
1471 1315 1620 1372 mortalem
1639 1318 1757 1388 patitur,

86 1413 235 1480 conpotest
250 1407 418 1480 poenitentia
432 1407 566 1480 prodesse
580 1409 689 1479 peccati
703 1408 736 1462 ¹⁸.
938 1405 972 1458 ut
1002 1403 1140 1459 innocens
1165 1421 1217 1476 pro
1245 1407 1409 1462 nocentium
1435 1409 1525 1462 salute
1550 1411 1710 1481 perimatur
1722 1415 1756 1469 ³².

117 1497 142 1553 v.
154 1500 244 1569 Atque
258 1503 289 1553 ut
308 1497 421 1569 plenius
440 1498 602 1570 intelligere
618 1499 769 1570 possimus,
785 1499 888 1554 iratres
940 1497 1077 1552 Dominus
1100 1497 1260 1570 baptizatur
1279 1515 1297 1555 a
1318 1515 1417 1569 scrv0;
1441 1508 1479 1566 et,
1494 1505 1646 1560 remissam
1659 1523 1758 1578 pecca·

87 1590 260 1662 dilectissimi,
277 1591 343 1663 quia
363 1591 499 1662 patientia
519 1592 569 1648 Dei
591 1607 635 1647 res
651 1599 704 1663 est,
717 1597 746 1649 et
760 1593 888 1666 quisquis
938 1593 1034 1646 torum
1047 1592 1173 1662 daturus,
1189 1593 1249 1665 ipse
1270 1611 1326 1650 uon
1353 1595 1524 1668 dedignatur
1538 1599 1649 1656 lavacro
1673 1617 1753 1673 rege·

85 1685 145 1740 lenis
158 1687 186 1740 et
200 1686 314 1757 petiens
326 1691 354 1742 et
366 1685 444 1742 mitis
458 1691 510 1755 est,
527 1685 579 1741 Del
592 1685 682 1742 Patris
695 1687 821 1743 imitator
834 1693 886 1757 est,
939 1686 1094 1741 nerationis
1125 1703 1226 1759 corpus
1269 1688 1394 1744 abluere.
1424 1691 1527 1746 Diebus
1563 1693 1755 1767 quadraginta

87 1795 140 1835 cum
154 1779 181 1835 iu
195 1779 351 1852 Evangelio
367 1797 417 1835 suc
442 1779 580 1836 Dominus
600 1785 744 1854 precepta
766 1781 796 1837 in
812 1769 1059 1850 salu-Bjejunat,
1084 1796 1136 1852 per
1163 1797 1249 1853 quem
1273 1782 1368 1837 caeteri
1395 1784 1580 1856 saginantur3
1611 1788 1700 1843 esurit
1727 1793 1756 1845 et

86 1877 135 1928 tem
148 1873 237 1942 daret,
254 1879 285 1930 ct
298 1873 394 1930 divina
413 1874 521 1930 monita
543 1874 715 1949 depromens
728 1875 762 1932 ad
777 1876 886 1948 pericc—
937 1871 1044 1928 famem
1065 1874 1162 1942 sentit,
1188 1878 1219 1930 ut
1240 1876 1289 1948 qui
1312 1875 1340 1931 iu
1366 1876 1441 1932 lame
1457 1879 1596 1935 sermonis
1609 1884 1639 1936 et
1654 1882 1754 1954 gratim

86 1969 172 2023 tum¹⁹
198 1968 352 2041 discipulos
371 1970 396 2004 ¹⁰
423 1968 567 2037 erudiret,
600 1969 694 2040 posuit
731 1975 759 2025 et
797 1970 886 2025 dixit:
938 1967 1168 2023 itterantcoelosti
1189 1973 1538 2040 panesaturentur.t3um
1561 1973 1751 2032 diaboloten·

85 2063 197 2119 Audistis
233 2065 302 2134 quia
339 2064 442 2118 dictum
481 2069 520 2119 cst
555 2081 562 2118 :
598 2065 698 2133 Dr'lipes
735 2067 888 2136 maalmam
938 2063 1015 2116 tante
1045 2062 1241 2134 congreditur,
1270 2067 1299 2118 et
1326 2064 1472 2120 inimicum
1512 2073 1622 2123 tautum
1657 2069 1754 2126 vicisse

85 2157 234 2220 luum²¹,el
250 2159 313 2214 arlia
336 2159 446 2214 babebis
469 2159 608 2213 inimicum
630 2162 888 2227 tunmAEpoautem
937 2158 1096 2224 contentus,
1126 2156 1197 2211 nihil
1225 2156 1298 2212 ultre
1321 2157 1408 2213 verba
1435 2167 1562 2216 conatur.
1605 2163 1754 2236 Discipulis

85 2249 133 2306 dico
150 2253 251 2306 cobis:
280 2253 392 2322 Dils'qite
419 2254 539 2308 inimicos
557 2259 656 2308 uestros
683 2257 707 2308 et
733 2258 807 2308 orale
835 2269 887 2323 pra
937 2250 1755 2330 nouutservisDonriuicapotestateprasiuit,sedbenig-

20 2386 21 2420 q
86 2346 115 2399 ais
131 2348 177 2416 qui
198 2361 247 2400 eos
266 2351 478 2417 persequuntur,
500 2351 530 2402 ul
553 2349 612 2402 sitis
635 2348 687 2416 alti
701 2350 791 2403 Patris
806 2350 888 2402 castri
937 2359 991 2398 nus
1012 2345 1041 2397 et
1062 2342 1139 2398 mitis
1154 2343 1280 2398 fraterna
1302 2361 1350 2400 eos
1370 2345 1510 2402 charitate
1527 2347 1634 2406 dilexit.
1652 2353 1754 2424 Digna-

85 2441 160 2508 quiia
184 2441 257 2495 caelis
281 2445 330 2503 est,
352 2441 401 2511 qui
421 2441 502 2494 solem
528 2455 607 2495 suum
629 2443 698 2496 oriri
716 2444 787 2509 tacit
809 2457 888 2511 super
937 2439 982 2490 tus
998 2442 1040 2492 est
1063 2436 1148 2492 etiam
1170 2437 1256 2509 pedes
1274 2441 1474 2510 Apostolorum
1497 2441 1602 2510 lavare,
1622 2451 1660 2513 ut,
1683 2445 1751 2502 dum

86 2533 154 2588 tonos
174 2541 198 2589 et
222 2535 321 2602 malos,
346 2540 373 2589 et
389 2534 462 2606 pluit
493 2551 572 2604 super
594 2535 685 2604 justos
711 2541 736 2590 et
760 2535 886 2604 iajststos.
936 2529 1011 2585 circa
1024 2516 1119 2586 serres
1132 2531 1197 2586 talis
1212 2535 1254 2586 est
1268 2531 1409 2600 daminus,
1425 2537 1555 2606 exemplo
1568 2554 1619 2593 suo
1633 2538 1752 2594 doceret

84 2627 181 2683 sienim
199 2627 355 2684 dilexeritis
376 2643 418 2684 eos
442 2631 490 2699 qui
509 2643 556 2684 uos
575 2629 703 2698 dilipuat,
727 2645 809 2698 qrram
821 2645 887 2684 caer·
937 2625 1028 2696 qualis
1054 2625 1127 2679 circa
1161 2642 1306 2697 compares
1338 2631 1366 2682 et
1401 2629 1524 2699 aequales
1553 2631 1657 2686 debeat
1694 2649 1755 2688 esse

85 2721 158 2776 odem
183 2723 344 2777 babebitis?
365 2725 461 2779 Nonne
490 2725 528 2780 sic
563 2727 588 2778 et
614 2724 756 2793 publicani
780 2723 814 2794 (o)
844 2725 887 2790 sa-
937 2733 1099 2773 conservus.
1117 2719 1494 2794 Necmirandam³³,quod
1517 2723 1755 2797 circacompares

84 2817 257 2873 constitet
277 2817 500 2873 sisrrlutcceritls
522 2820 624 2885 fratros
644 2820 887 2872 rastrosloatum?
937 2811 1167 2882 obaudienter,
1191 2813 1254 2868 talis
1277 2814 1417 2870 exstiterit
1455 2817 1504 2888 qui
1530 2819 1632 2874 ludam
1660 2820 1756 2890 potuit

85 2910 887 2982 quidampliussrtcitis²³lNonnectalbariatllblidipsum
938 2905 1085 2976 usquead
1114 2910 1273 2962 extrenurm
1304 2909 1390 2980 leuga
1429 2911 1565 2981 patientia
1603 2913 1754 2984 sustinere,

85 3003 176 3070 locunt
195 3008 209 3059 i
229 3009 322 3061 Estote
346 3008 440 3075 itaqua
454 3006 477 3040 ¹⁸
497 3021 542 3060 ros
565 3007 690 3076 perlecti,
714 3008 783 3061 sicut
807 3008 888 3061 Putcr
937 2999 1030 3054 cibum
1046 3016 1110 3054 curn
1124 3000 1239 3056 inimico
1254 3019 1354 3072 capere
1369 3004 1466 3074 ςΙῡ(Η),
1487 3005 1597 3060 hostem
1614 3006 1753 3064 domesti-

85 3103 157 3152 ναίει
171 3098 195 3134 ¹⁸
219 3100 334 3155 caelestis
357 3101 496 3168 perfectus
521 3104 558 3155 est
579 3099 701 3170 (illailla,
716 3115 741 3168 s,
779 3099 884 3168 iada).
937 3111 1001 3148 cum
1017 3095 1088 3148 scire
1102 3111 1153 3148 nec
1170 3095 1262 3165 palam
1280 3097 1430 3152 ostendere
1440 3099 1505 3170 (ia),
1515 3100 1661 3156 traditoris
1674 3119 1754 3158 oscu-

86 3189 120 3244 Sic
132 3193 266 3262 perlectos
285 3192 358 3247 dixit
377 3192 437 3246 lieri
459 3191 506 3249 Dei
530 3193 611 3256 filios,
626 3193 665 3247 sic
694 3191 886 3247 consummari
897 3142 924 3216 C
936 3189 995 3244 lum
1010 3204 1066 3242 non
1084 3205 1222 3242 recusare.
1243 3191 1272 3243 iu
1287 3189 1390 3244 iudeis
1404 3206 1469 3246 sero
1488 3192 1643 3248 tolerandis
1656 3211 1753 3268 arqua-

86 3285 193 3340 ostendit
213 3292 242 3342 et
269 3285 366 3341 docuit
386 3287 488 3341 coelesti
511 3285 656 3340 nativitate
680 3291 826 3356 reparatos
841 3303 848 3352 ·,
864 3286 886 3340 si
937 3281 1051 3336 nimitas
1064 3285 1168 3353 quanta
1191 3288 1218 3336 et
1242 3287 1349 3354 quauta
1372 3285 1527 3354 patiential
1542 3285 1704 3344 incredulos
1718 3291 1753 3346 ad

84 3379 206 3447 patientia
222 3377 275 3435 Dei
290 3379 378 3434 Patris
401 3383 516 3434 maneat
534 3380 563 3433 in
584 3379 676 3446 nobis,
693 3379 715 3433 si
729 3379 886 3434 siruilitudo
936 3375 1023 3429 tidem
1037 3375 1183 3430 suadendo
1199 3374 1322 3444 flectere,
1338 3377 1477 3450 obsequio
1497 3377 1626 3451 ingratos
1645 3382 1753 3454 lovere,

85 3469 173 3539 divina,
187 3490 276 3545 quam
294 3478 407 3545 peccato
418 3473 443 3508 '⁸
459 3472 548 3528 Adam
566 3472 737 3544 perdiderat,
754 3473 887 3528 mauifcs·
936 3467 1196 3524 contradicentibus
1211 3471 1382 3540 respondere
1404 3471 1518 3537 leniter,
1539 3475 1678 3547 superbos
1692 3493 1754 3534 sus·

85 3565 149 3620 tetur
167 3575 194 3621 et
209 3568 305 3622 incest
327 3567 356 3621 in
374 3565 482 3622 actibus
505 3566 618 3622 nostris.
639 3566 709 3630 Quae
735 3566 826 3637 gloria
845 3572 887 3622 est
936 3562 1027 3617 tinere
1043 3563 1207 3630 clementer,
1222 3563 1370 3618 humiliter
1383 3569 1621 3640 persequentibus
1637 3570 1750 3638 cedere,

86 3657 191 3716 similem
206 3661 265 3717 Deo
276 3661 339 3717 lieri
352 3660 359 3716 l
370 3659 461 3733 qualis
476 3665 504 3715 et
522 3663 629 3732 quauta
650 3659 768 3715 felicitas
782 3659 886 3714 habore
937 3655 1144 3726 prophetarum
1155 3655 1349 3712 interfectores
1364 3661 1392 3713 et
1407 3659 1557 3717 adversum
1575 3663 1664 3719 Deum
1678 3680 1755 3718 sem·

86 3749 109 3806 iu
122 3753 268 3810 artusinus
281 3753 360 3827 qood
375 3753 479 3810 divinis
492 3753 623 3808 laridibus
647 3753 734 3824 possit
756 3753 885 3825 aequarit
937 3765 989 3820 per
1014 3749 1135 3804 rebelles
1158 3766 1246 3821 usque
1266 3751 1302 3806 ed
1327 3753 1418 3808 crucis
1440 3757 1468 3810 et
1491 3755 1632 3827 passionis
1652 3758 1753 3813 boram

116 3846 152 3900 ll.
167 3849 221 3904 Nea
243 3849 310 3916 hnc,
325 3847 427 3902 iratres
451 3846 636 3915 dilectissimi,
658 3847 737 3902 lesus
760 3846 887 3902 Christus
937 3845 1009 3900 velle
1024 3845 1171 3917 colligere.

86 3937 334 3999 DeusetDominus
353 3947 451 3999 noster
472 3945 584 3997 tantum
606 3940 696 3995 verbis
715 3940 820 4004 docuit,
838 3941 886 3996 sed
972 3940 1028 3994 Vll.
1050 3938 1108 3994 Sub
1132 3939 1192 4012 ipsa
1210 3946 1306 3995 autem
1336 3941 1471 4013 passione
1486 3948 1515 3998 et
1539 3959 1634 4016 cruce,
1662 3948 1755 4018 prius-

756 4085 861 4152 Variae
889 4085 1058 4150 lectiones.

110 4222 127 4256 ¹⁸
139 4223 339 4278 Sustineutiam
348 4228 376 4276 et
388 4225 547 4290 patientiam
565 4225 623 4276 Ver.
639 4225 697 4273 Dea.
708 4222 786 4273 Suria.
800 4221 860 4273 Bod.
874 4224 896 4284 l,
905 4221 929 4283 t,
943 4223 967 4271 A.
983 4224 1028 4274 Ar.
1045 4221 1105 4285 Sap.
1119 4219 1154 4270 ad
1166 4221 1239 4283 Quir.
1249 4222 1268 4271 I.
1285 4235 1322 4285 ur,
1336 4237 1357 4272 c.
1373 4221 1414 4274 35.
1423 4222 1603 4276 Sustinentise
1613 4229 1640 4278 el
1649 4228 1757 4291 patien-

87 4292 242 4346 llaeDcarret
259 4295 418 4346 sarmada.
455 4294 604 4346 ¹²lndiem
621 4293 744 4345 iraeDcd.
761 4295 819 4354 t,t.
841 4295 896 4344 l'er.
932 4292 951 4327 ¹⁸
966 4293 1016 4341 Sic.
1031 4292 1100 4340 Lam.
1120 4295 1175 4342 Ver.
1190 4291 1249 4342 Thu.
1261 4295 1329 4343 Fors.
1347 4294 1478 4345 Poscenti
1491 4296 1569 4346 Occu.
1606 4297 1754 4364 Μάριο-

86 4361 174 4414 lectum
191 4365 269 4416 libor.
294 4365 391 4415 aeas.
427 4363 621 4429 ”Discipulos
642 4369 789 4419 suosPem.
819 4365 929 4416 Vesci.
962 4362 1234 4423 ”Proximumtibi
1253 4363 1357 4415 etodio
1379 4363 1496 4417 habebis
1519 4367 1665 4418 inimicum
1694 4369 1755 4431 tibi,

86 4431 210 4486 landas.
238 4435 418 4496 eea.t.i,t.
444 4439 500 4488 Ver.
535 4436 933 4503 ”Nonneetpnblicanihoc
956 4435 1063 4486 iaciunt
1085 4435 1260 4485 Rod.l.ibu.
1294 4437 1464 4500 ”Amplius
1488 4438 1755 4502 austerissimae.

86 4503 226 4558 tanuen.
261 4509 282 4539 ¹⁸
306 4506 497 4572 Eritisileque
518 4505 580 4556 liod.
598 4507 696 4568 Asa,
724 4510 784 4560 Thu.
808 4508 874 4557 Fors.
905 4507 960 4554 l'er.
994 4509 1014 4540 ¹⁵
1030 4505 1177 4568 Quomodo
1199 4505 1353 4570 patentiori.
1370 4508 1395 4566 i,
1414 4507 1514 4564 Abi.
1535 4509 1592 4558 Ver.
1625 4509 1752 4574 ¹‘Quam

86 4576 434 4636 praedesideratam.
467 4574 488 4610 ¹⁷
505 4577 684 4628 Vo'untatem
703 4581 788 4643 patris
806 4577 969 4642 adimpleret
984 4575 1045 4627 bod.
1060 4576 1084 4627 3.
1119 4577 1293 4642 ¹llxlagnalia
1312 4579 1369 4628 Ver.
1404 4577 1538 4630 ¹⁹Omnis
1558 4578 1752 4646 deniqueiicd.

88 4643 297 4710 l,i,3,l.tam.
315 4647 375 4698 rire.
408 4645 576 4712 ⁸⁰signatur
595 4649 894 4713 liod.i,2,³,t.bam.
916 4649 976 4698 itu.
1011 4643 1256 4710 ”Primumquod
1274 4647 1342 4696 Lam.
1364 4647 1438 4696 ator.
1473 4649 1492 4680 ¹¹
1505 4645 1600 4699 Salute
1622 4650 1755 4713 puniatur

87 4713 171 4768 Mt.
204 4720 224 4752 ³¹
243 4717 402 4770 Mirandum
414 4719 438 4770 sl
451 4718 551 4770 bodi.
584 4717 984 4773 “Obaudiantesmauoa
1003 4717 1754 4786 Dbedientesulii.Compareslladeaamiaeliamsan-

88 4785 129 4835 isss
140 4790 202 4840 sacis
215 4789 295 4854 tufus
307 4787 434 4853 iadx'pilot
445 4789 538 4840 Batus.
573 4789 594 4823 ³⁵
606 4789 723 4842 Inimico
736 4803 835 4855 capere
852 4791 897 4841 Ar.
912 4790 976 4842 itud.
992 4791 1016 4848 l,
1031 4793 1056 4852 Ξ,
1073 4791 1142 4840 um.
1156 4785 1236 4838 Ebur.
1252 4789 1313 4838 Ber.
1331 4787 1386 4836 Ver.

725 4899 837 4982 Steph.
861 4899 984 4964 Baluzii
1005 4905 1104 4963 notae.

112 5033 142 5094 (8)
153 5036 338 5088 aestimatam
352 5042 376 5088 st
387 5039 553 5104 patientium.
570 5040 697 5091 Dubitari
717 5053 772 5090 non
798 5021 1012 5105 potestllapud
1025 5037 1148 5098 ludaeos,
1175 5049 1251 5088 nunc
1280 5037 1354 5103 apud
1380 5035 1554 5089 Christianos
1576 5041 1754 5105 cumprimis

88 5105 144 5165 quin
160 5107 220 5160 haec
243 5107 403 5160 emendatio
423 5113 497 5161 certe
516 5111 560 5173 sit,
585 5125 649 5163 cum
673 5113 711 5162 ita
733 5112 840 5178 legatur
857 5113 885 5162 in
937 5110 1094 5162 honestum.
1120 5111 1178 5161 Nec
1194 5109 1222 5160 id
1247 5123 1314 5160 sane
1335 5110 1446 5171 mirum,
1470 5123 1536 5160 cum
1559 5110 1698 5164 institores
1722 5129 1754 5166 ac

87 5177 166 5238 capite
178 5179 209 5230 ’ὦ
220 5179 283 5230 libri
297 5191 327 5232 ιιι
344 5180 567 5242 Testimoniorum,
589 5184 617 5232 iu
637 5184 792 5234 octodecim
807 5183 885 5235 codi-
937 5183 1065 5233 mensarii
1080 5180 1290 5246 omuibuspeue
1304 5182 1593 5246 anteponanturapud
1607 5184 1754 5251 utriusque

87 5243 274 5312 cibusnostris,
299 5251 328 5300 iu
345 5256 450 5316 septem
472 5253 673 5317 Augllcaniset
697 5255 725 5304 in
750 5257 886 5319 excerptis
936 5253 1095 5318 reipublice
1126 5257 1288 5309 summates,
1314 5265 1385 5317 quos
1424 5265 1476 5303 neo
1504 5254 1665 5306 Aristoteles
1701 5271 1754 5308 nec

87 5311 158 5368 Fieri.
173 5319 219 5372 Sic
231 5323 314 5372 etiem
327 5321 357 5372 lu
371 5322 561 5388 Atiligemensi
576 5325 711 5389 scriptum
730 5325 816 5376 luisse
830 5330 885 5376 tes·
937 5325 1046 5376 Tullius
1063 5326 1134 5376 inter
1157 5324 1288 5375 honestos
1301 5325 1376 5375 cives
1388 5323 1485 5373 haberi
1499 5323 1568 5374 vult.
1587 5343 1600 5368 a

87 5387 305 5453 talurPsmelius,
322 5397 350 5444 et
364 5393 393 5444 in
406 5393 559 5445 Veronensi
583 5399 610 5446 et
629 5395 824 5448 Beneventano
837 5395 886 5448 Ri-
969 5397 1016 5460 (rot
1033 5396 1180 5458 Publiceni,
1200 5421 1227 5432 -
1243 5394 1345 5446 ethnici.
1369 5393 1440 5446 Vide
1465 5393 1594 5446 Cotelerii
1618 5401 1698 5448 notas
1721 5399 1754 5449 cd

88 5457 183 5520 patius.
196 5461 267 5512 lutra
285 5463 315 5514 in
330 5461 385 5515 hoc
397 5466 457 5528 ipso
480 5463 550 5516 libro
574 5481 579 5515 :
599 5485 613 5512 a
628 5467 707 5518 Tolle
729 5467 886 5518 sustinendi
936 5467 984 5520 lib.
1001 5481 1030 5520 iv
1044 5467 1263 5518 constitutionum
1276 5465 1494 5530 apostolicarum,
1512 5479 1572 5530 cap.
1588 5469 1611 5517 li.

87 5527 264 5599 tolerandique
275 5533 470 5598 substantiam,
485 5539 513 5588 et
524 5537 610 5588 nullis
622 5537 763 5590 radicibus
775 5551 808 5590 ac
823 5539 886 5589 viri·
969 5539 1016 5603 (tl)
1032 5539 1140 5602 Capera.
1152 5538 1242 5587 Antea
1254 5535 1396 5600 legebatur
1410 5549 1519 5586 semare.
1532 5539 1589 5588 Nos
1603 5539 1753 5590 maluimus

87 5595 133 5650 bus
143 5609 303 5666 perseverat.
321 5623 336 5653 s
936 5611 1086 5661 lectionem
1119 5621 1204 5672 quam
1224 5607 1375 5672 praeierunt
1403 5607 1502 5671 viginti
1527 5607 1590 5659 libri
1618 5611 1704 5660 nostri
1728 5617 1752 5660 ct

114 5677 323 5738 (Diuitiacum
339 5680 370 5732 ld
390 5685 442 5744 est,
471 5684 518 5749 qui
544 5684 688 5748 vectigalia
708 5683 885 5747 redimentes,
937 5684 1062 5747 quinque
1076 5680 1231 5744 Anglicani.

91 5743 322 5815 [inquireremus
345 5751 375 5802 in
394 5751 470 5805 bunc
492 5755 584 5807 locum
605 5754 748 5819 Matthaeil,
767 5755 889 5808 undeet
967 5752 1018 5817 (ti)
1032 5751 1179 5803 oausam.
1199 5750 1389 5801 Tertullianus
1408 5749 1437 5800 iu
1461 5749 1532 5801 libro
1549 5751 1582 5802 ds
1594 5751 1725 5802 Patientia
1745 5768 1753 5801 :

89 5817 262 5889 redemptores
275 5823 414 5878 dicuntur.
430 5825 525 5880 Genus
541 5827 686 5881 bominum
701 5830 767 5882 olim
785 5831 888 5881 infame
937 5841 953 5878 s
968 5825 1061 5876 Mum
1076 5823 1169 5890 ipsum
1180 5821 1332 5875 ostendens
1343 5821 1484 5888 patientie
1499 5821 1666 5886 exemplum.
1682 5835 1697 5871 s

234 5913 372 5986 Parnon.
394 5916 448 5993 ill.
1577 5913 1613 5974 it
