3986 6208
102 273 148 333 791
609 277 881 336 resrtttotttotttttt
901 277 978 336 ADV.
997 277 1132 336 JUDAEDS
1150 279 1213 338 tto.
1230 279 1275 337 ttt.
1477 271 1480 278 ⁴
1720 273 1772 336 iii

101 406 161 478 quio
179 405 252 460 Deus
271 404 350 462 illurn
370 406 516 462 transtulit
531 431 545 456 a
562 407 648 479 (tiore,
664 425 690 475 v,
706 408 762 478 rt).
782 409 815 462 Dt
832 407 907 478 apud
919 410 1026 494 Ascle
1046 407 1276 462 constitutionem
1301 405 1399 462 muudi
1418 411 1439 448 ⁰⁰
1460 430 1474 457 n
1498 407 1599 480 (ioum,
1625 421 1690 475 xrtr,
1714 404 1769 477 etl.

101 501 195 555 isaiam
216 516 223 554 :
248 521 262 550 u
280 501 379 556 Omnis
401 517 467 556 caro
485 502 603 570 laeuum,
628 505 657 557 et
679 501 773 558 omnis
796 502 908 556 claritas
958 507 1028 560 ltem
1049 509 1109 560 cata
1131 507 1233 561 tricent
1249 521 1256 560 :
1274 525 1287 558 u
1308 507 1387 561 Nunc
1406 506 1524 562 dimittis
1543 519 1657 560 serrum
1678 507 1770 573 tuum,

101 594 157 666 ejus
177 597 210 649 ut
232 593 283 650 llos
309 595 387 650 foeni.
413 595 494 652 Antii
517 596 638 664 loeuum,
662 601 691 652 et
715 597 769 652 flos
792 597 906 654 decidit.
958 600 1090 670 Domine,
1113 599 1270 654 seeundum
1293 600 1411 654 verbum
1436 605 1528 668 tuum,
1550 601 1579 654 in
1603 615 1682 672 pecc,
1706 597 1773 670 quia

99 691 192 744 Sermo
211 689 234 726 ⁷³
256 693 353 744 eutem
377 690 490 745 Domini
514 689 651 746 maneti*
670 690 700 746 in
724 697 865 746 aeternum
892 711 906 741 n
958 692 1177 748 videruntoculi
1192 693 1597 764 meiselutoretuumstluo„
1612 690 1769 762 u,29,³0).

100 785 167 850 tiso„
186 799 231 852 xa,
248 782 316 854 DS).
330 784 412 856 Apud
424 785 447 822 ⁷⁵
461 784 656 842 Ezechielem:
675 805 689 834 α
709 785 763 857 lpsi
781 785 881 840 dicunt
898 804 906 840 r
958 789 1030 842 ltem
1044 790 1106 842 cata
1120 787 1257 842 ioannem
1271 804 1279 841 r
1295 808 1308 837 α
1328 787 1355 844 si
1371 803 1416 842 me
1437 786 1615 854 dilexissetis,
1636 786 1772 858 gaudere·

98 876 175 934 iride
199 877 276 932 iacta
299 883 366 934 suot
389 895 449 934 osse
473 881 582 950 nestra,
604 878 690 951 periit
712 895 776 953 spes
798 884 906 949 nostra,
958 881 1021 936 tis⁹¹
1031 881 1169 954 qnoniam
1179 879 1252 937 vado
1265 880 1300 936 ed
1313 883 1436 951 Patrem,
1450 880 1516 953 quia
1527 881 1608 935 Peter
1619 879 1710 952 major
1723 894 1770 936 me

15 1029 16 1032 ,
98 970 311 1043 exspiravimus5
339 975 490 1045 propterea
516 973 694 1046 prophetiza,
724 978 752 1030 et
778 973 822 1029 dio
849 972 905 1028 ¹⁸:
958 975 1286 1048 estu(loen.‚1rr,28).

15 1049 17 1060 ’
99 1063 188 1138 763
216 1067 282 1122 llaec
309 1065 376 1122 dicit
401 1067 538 1122 Dominus
557 1066 581 1102 '⁷
602 1082 610 1123 ε
635 1069 706 1124 Eece
730 1084 786 1140 ego
811 1068 907 1140 aperio
1000 1071 1064 1128 Cur.
1079 1069 1191 1126 Llll.-
1206 1071 1241 1126 De
1252 1070 1332 1126 idolis
1345 1085 1405 1140 quse
1417 1069 1528 1140 gentiles
1541 1067 1604 1123 deos
1616 1069 1724 1137 putant.

15 1219 16 1224 1
98 1162 280 1216 monumenta
293 1163 397 1230 restra,
414 1165 442 1216 et
454 1160 574 1216 educam
593 1177 643 1218 ros
665 1162 699 1218 de
714 1163 908 1218 monumentis
992 1163 1024 1219 ln
1045 1162 1187 1236 Sapientia
1212 1163 1367 1219 Solomonis
1388 1180 1427 1220 r«
1451 1161 1552 1220 Omnia
1575 1159 1651 1216 idola
1676 1157 1768 1214 natio·

15 1315 16 1324 ,
97 1252 199 1320 restris,
220 1253 401 1309 etindueem
422 1270 472 1310 ros
490 1255 520 1310 in
540 1259 644 1311 terram
666 1256 762 1312 Israel.
786 1259 819 1313 lit
835 1255 907 1312 daho
957 1271 1027 1312 num
1047 1257 1261 1314 estimaverunt
1284 1257 1363 1328 deos,
1384 1255 1487 1328 quibus
1507 1270 1599 1328 neque
1623 1251 1772 1310 oculorum

15 1339 16 1416 ᾗ
97 1345 227 1417 Spiritum
243 1363 338 1403 meum
351 1348 381 1402 in
395 1361 454 1417 ros,
468 1351 497 1404 et
509 1349 617 1406 viretis.
632 1351 666 1406 Et
684 1367 789 1422 ponem
810 1367 857 1406 ros
878 1350 908 1406 io
956 1365 1025 1406 usus
1045 1355 1088 1406 est
1105 1352 1140 1406 ad
1163 1350 1434 1423 ridendum,neque
1453 1365 1538 1406 nares
1559 1348 1596 1404 ed
1615 1345 1773 1420 percipien-

98 1443 194 1495 terram
217 1448 351 1508 vestram,
379 1445 408 1497 et
426 1444 603 1514 cognoscetis
624 1445 758 1516 quoniam
777 1461 831 1516 ego
849 1446 905 1500 Do·
958 1442 1210 1512 dunrespnitum,
1227 1461 1317 1517 neque
1330 1461 1414 1500 eures
1428 1444 1463 1499 ed
1477 1442 1664 1510 audiendum,
1678 1455 1771 1512 neque

15 1529 16 1538 ’
97 1534 185 1588 minus
207 1534 320 1590 locutus
339 1551 413 1604 sum,
442 1541 470 1591 et
496 1537 611 1606 taciem,
637 1538 704 1593 dicit
731 1539 905 1595 Dominus»
957 1537 1038 1610 digiti
1057 1538 1087 1592 in
1106 1534 1652 1603 menibusedrontraetandum⁸³‚sed
1671 1536 1769 1604 etpe-

15 1621 16 1678 ἒ
97 1627 205 1698 (Dect,
236 1643 340 1697 xxxvu,
369 1631 477 1700 11-11).
507 1632 579 1686 ltrru
603 1633 633 1686 iu
658 1632 804 1705 Sapientia
829 1633 905 1689 Salo·
957 1625 1770 1704 descorumpigriadombulaudum.764liomoenim

15 1755 16 1780 r
96 1721 181 1776 monis
198 1739 205 1777 r
221 1743 235 1772 u
254 1723 361 1794 Raptus
380 1727 422 1778 est
441 1721 463 1758 ⁷⁸
481 1741 517 1780 ne
539 1724 648 1781 malitia
672 1729 794 1782 mutaret
819 1727 905 1782 intel·
956 1724 1025 1780 fecit
1041 1724 1114 1792 illos,
1128 1729 1157 1780 et
1170 1725 1219 1798 qui
1237 1725 1367 1797 spiritum
1382 1724 1404 1760 '⁵
1419 1728 1565 1780 mutuatus
1582 1725 1633 1790 est,
1648 1721 1671 1775 is
1691 1719 1771 1774 tinxit

95 1814 194 1870 lectum
213 1815 299 1872 iliius.
322 1816 427 1872 Placite
442 1818 519 1872 euim
536 1821 597 1872 erat
616 1818 673 1874 Deo
687 1819 784 1874 anime
796 1819 871 1874 illius
891 1791 1029 1874 »Bitias
1044 1819 1135 1873 Nemo
1149 1825 1246 1875 eutem
1260 1817 1313 1873 sibi
1326 1818 1448 1874 similem
1463 1819 1550 1873 homo
1566 1814 1668 1888 poterit
1683 1813 1770 1868 deum

97 1909 176 1978 [Sep.
197 1925 236 1976 rr,
256 1911 359 1980 11-11).
378 1911 450 1967 ltem
469 1911 499 1966 in
520 1911 630 1968 Psalmo
647 1928 747 1970 uxxru
763 1929 770 1969 :
787 1934 802 1964 «
814 1915 905 1980 Quam
956 1911 1074 1983 lingere.
1090 1912 1162 1968 Cum
1181 1911 1217 1968 sit
1237 1912 1317 1967 euim
1341 1911 1477 1978 mortalis,
1492 1913 1639 1966 momuum
1657 1904 1741 1979 tingit

96 2002 281 2058 dilectissime
302 2012 323 2048 π
341 2004 532 2061 habitationes
557 2013 627 2076 tua,
656 2009 729 2062 Deus
753 2007 904 2064 virtutum!
957 2005 1088 2061 manibus
1111 2004 1224 2078 iniquis.
1252 2006 1349 2062 Notior
1371 2011 1415 2062 eet
1437 2009 1534 2060 eutem
1557 2003 1618 2076 ipse
1642 2001 1676 2056 iis
1699 2013 1770 2072 quos

97 2095 239 2151 Desiderat
252 2101 279 2152 et
294 2101 427 2169 properat
439 2097 462 2134 ⁸⁰
474 2099 570 2155 anima
586 2115 650 2156 mea
662 2100 696 2156 ad
712 2101 783 2158 atria
794 2101 816 2137 ⁸¹
831 2101 879 2157 Dei
891 2124 905 2151 c
956 2099 1039 2168 eolit;
1062 2099 1198 2171 quoniam
1217 2099 1278 2172 ipse
1300 2099 1417 2172 quidem
1434 2097 1511 2169 vixit,
1532 2096 1573 2152 illi
1591 2107 1739 2166 nunquam
1754 2112 1769 2142 s

98 2189 173 2259 treet.
195 2206 307 2262 txxxrn,
326 2195 353 2262 1,
370 2193 406 2263 3).
426 2193 459 2249 llt
476 2193 505 2248 iu
526 2193 650 2266 Epistola
672 2195 750 2251 Pauli
768 2195 802 2250 ed
822 2196 906 2251 Thes-
957 2193 1045 2265 (Son,
1069 2208 1114 2261 xv,
1143 2193 1247 2264 15-17).
1275 2194 1315 2249 De
1342 2193 1397 2250 hoc
1421 2192 1508 2264 ipso:
1532 2191 1658 2262 «Neque
1684 2201 1772 2259 opere

96 2284 280 2341 selouicenses
304 2302 312 2340 ι
341 2307 355 2336 α
382 2286 518 2342 Nolumus
549 2293 644 2344 autem
676 2305 725 2345 ros
756 2289 905 2362 ignorare,
957 2288 1136 2344 attendentes
1166 2291 1362 2360 cognorerunt
1389 2287 1452 2360 quis
1477 2290 1550 2342 esset
1574 2283 1694 2349 artilex,
1722 2279 1771 2335 sed

96 2377 199 2446 iratres,
215 2379 253 2433 de
271 2379 490 2452 dormientibus,
507 2397 543 2437 ne
563 2382 769 2439 contristemini
789 2383 861 2438 sicut
878 2385 908 2438 et
958 2385 1008 2436 eut
1027 2380 1135 2454 ignem,
1156 2384 1207 2438 aut
1227 2382 1369 2453 spiritum,
1388 2385 1437 2436 aut
1457 2380 1576 2435 citatum
1598 2395 1707 2448 aerem,
1722 2383 1773 2434 aut

96 2471 194 2539 reteri,
215 2471 267 2545 qui
288 2489 369 2544 spem
390 2489 449 2529 nou
472 2474 587 2531 babent.
610 2476 638 2532 Si
663 2476 741 2532 enim
765 2477 908 2532 credimus
957 2489 1060 2547 gyrum
1077 2475 1233 2539 stellarum,
1246 2479 1294 2531 eut
1311 2474 1428 2530 nimiam
1442 2489 1560 2547 aquam,
1575 2473 1726 2528 anisolam
1742 2475 1773 2527 et

97 2565 156 2634 quia
174 2567 257 2621 lesus
280 2571 409 2623 nronuus
429 2571 517 2624 estet
535 2570 702 2638 resurrexit,
726 2571 765 2625 sic
785 2574 813 2626 et
834 2573 908 2627 Deus
957 2568 1065 2636 lunam,
1078 2573 1203 2626 rectores
1217 2568 1293 2624 orbis
1308 2574 1390 2624 terres
1406 2567 1472 2624 deos
1488 2571 1680 2640 putaverunt:
1696 2581 1770 2638 quo-

15 2735 16 2742 ,
96 2661 211 2730 eosqui
238 2659 421 2716 dormierunt
444 2661 474 2718 in
497 2664 562 2719 lesu
589 2664 714 2720 adducet
740 2679 804 2719 cum
832 2681 865 2720 co
892 2685 906 2715 a
957 2678 1022 2718 rum
1043 2662 1066 2716 si
1086 2668 1202 2734 propter
1222 2663 1412 2734 speciemlsoc
1433 2662 1657 2726 aestimaverunt,
1679 2659 1772 2714 soient

98 2752 115 2820 [t
145 2753 247 2820 Thess,
282 2769 319 2825 rr,
351 2756 396 2824 ts,
428 2756 481 2827 11).
513 2757 583 2812 item
617 2757 653 2812 ed
681 2757 872 2814 Corinthiosr
899 2777 906 2813 :
957 2760 1063 2828 quanto
1086 2757 1129 2812 his
1151 2755 1285 2812 Dominus
1304 2756 1340 2810 sit
1359 2755 1598 2828 speciosiorraut
1615 2752 1771 2809 sivirtutes

98 2847 216 2902 «Stulte
236 2847 271 2918 ⁸²,
298 2851 329 2904 tu
344 2849 422 2921 quod
443 2849 567 2906 semines
590 2867 649 2906 non
674 2851 831 2906 rivincatur
854 2852 908 2907 nisi
958 2866 1044 2922 opere
1059 2867 1157 2905 eorum
1172 2850 1268 2906 mirati
1288 2852 1364 2917 sunt,
1382 2849 1544 2921 intelligant
1562 2847 1597 2904 ab
1613 2847 1680 2919 ipsis
1700 2862 1770 2918 quo-

97 2940 202 3009 prius⁸³
219 2945 368 2998 mortuum
392 2943 486 3000 luerit.
507 2967 521 2995 a
542 2945 575 3000 Et
597 2945 701 3000 iterum
721 2962 727 3001 :
750 2966 764 2995 «
788 2945 872 3001 Stella
891 2963 908 3000 e
957 2944 1035 2998 niem
1060 2944 1109 3014 qui
1135 2945 1195 3000 lsaee
1218 2943 1366 3000 coustituit
1385 2942 1470 2999 fortia
1493 2942 1596 2998 fortior
1619 2943 1663 2996 est
1681 2939 1737 2995 illis
1756 2961 1771 2990 a

97 3035 168 3089 stela
188 3035 288 3092 differt
306 3035 337 3091 in
360 3037 495 3108 claritate,
519 3037 557 3093 sic
577 3041 606 3094 ot
626 3039 793 3096 resurrectio
812 3037 845 3094 ⁸⁸.
860 3041 909 3096 Se·
958 3037 1046 3110 (Sap,
1069 3053 1126 3107 aur,
1154 3036 1224 3110 li).
1245 3040 1316 3094 ltem
1337 3037 1365 3092 in
1388 3037 1499 3093 Psalmo
1524 3051 1618 3091 cxxxiv
1635 3051 1642 3088 r
1657 3055 1671 3084 «
1695 3033 1772 3088 ldola

98 3129 217 3185 minetur
230 3146 335 3202 corpus
352 3131 381 3186 in
401 3131 594 3204 corruptione,
615 3133 740 3204 resurgit
762 3134 825 3188 siue
844 3149 907 3189 eor·
918 3158 947 3233 C
959 3131 1086 3204 gentium
1100 3137 1254 3204 argentum
1268 3135 1298 3187 et
1310 3147 1422 3199 eurum,
1439 3147 1510 3202 opus
1525 3145 1661 3185 mannum
1677 3128 1772 3184 homi-

97 3225 200 3296 ruptela
212 3224 248 3278 ⁸⁵.
269 3224 434 3280 seminatur
454 3225 483 3280 in
506 3225 666 3298 ignominia
679 3227 713 3295 ⁸⁶,
736 3227 860 3299 resurgit
878 3229 908 3283 in
959 3240 1038 3279 num.
1053 3223 1090 3280 Da
1104 3225 1221 3294 habent,
1238 3229 1266 3280 et
1281 3241 1339 3281 non
1354 3225 1521 3296 loquuntur,
1540 3223 1635 3279 oculos
1653 3220 1770 3287 habent,

98 3317 192 3389 glorie.
215 3316 380 3374 seminetur
399 3319 429 3372 in
455 3317 630 3390 infirmitate,
655 3321 780 3392 resurgit
801 3319 830 3374 in
856 3321 909 3376 rir·
959 3325 987 3373 et
1009 3335 1068 3374 non
1092 3315 1200 3387 rident,
1224 3335 1306 3374 eures
1332 3319 1447 3388 hebent,
1471 3323 1500 3372 et
1519 3333 1577 3373 non
1603 3315 1772 3372 andiuutli.

97 3415 159 3466 tute.
186 3411 354 3468 seminatur
376 3427 480 3485 eorpus
506 3412 639 3482 animale,
668 3415 792 3486 resurgit
811 3413 833 3447 ⁸⁷
855 3415 909 3486 spi·
959 3413 1055 3484 Neque
1081 3413 1158 3467 enim
1184 3417 1227 3468 est
1254 3413 1370 3486 spiritus
1394 3413 1424 3467 in
1446 3429 1494 3468 ore
1521 3427 1631 3467 eorum.
1659 3409 1771 3466 Similes

98 3505 205 3560 ritule»
231 3507 253 3577 (l
273 3505 345 3568 Gor„
368 3521 414 3575 xv,
433 3507 479 3576 36,
493 3507 586 3574 11-11,
608 3508 707 3578 etr-55).
725 3509 760 3561 Et
777 3508 881 3562 iterum
900 3525 906 3562 :
959 3505 1061 3560 nante
1077 3505 1132 3560 illis
1150 3505 1200 3576 qui
1219 3504 1328 3561 iaciunt
1346 3521 1379 3560 ea
1396 3505 1428 3575 ⁸⁸,
1450 3509 1479 3561 et
1497 3520 1596 3561 omues
1616 3503 1666 3576 qui
1687 3503 1773 3558 confi·

98 3603 245 3670 «Oportet
264 3599 342 3654 enim
364 3600 556 3671 corruptivum
580 3599 655 3656 istud
677 3601 794 3656 iuduere
817 3601 908 3656 incur·
960 3599 1032 3653 drrnt
1055 3599 1085 3654 in
1113 3599 1167 3654 illis
1195 3620 1209 3649 »
1239 3600 1324 3670 (Psoi.
1357 3616 1464 3669 cxxxrr,
1501 3599 1604 3669 15-18).
1639 3599 1712 3654 ltom
1742 3595 1772 3650 in

97 3695 256 3763 reptionem
271 3697 301 3748 et
314 3692 436 3748 mortale
451 3693 504 3749 hoo
518 3692 638 3749 iuduere
651 3695 907 3750 immortalitatem.
961 3694 1071 3749 Psalmo
1090 3709 1140 3747 xcv
1157 3709 1164 3746 ι
1181 3713 1195 3742 u
1210 3692 1315 3748 Omnes
1338 3692 1376 3748 dii
1395 3695 1525 3765 gentium
1546 3691 1699 3758 daemonia,
1721 3691 1773 3744 llo·

97 3787 161 3842 Cum
176 3793 276 3842 autem
297 3787 489 3857 corruptirum
509 3787 562 3840 hoc
581 3786 706 3842 induerit
724 3787 910 3858 incorruptio
960 3788 1053 3840 minus
1071 3791 1167 3843 autem
1190 3787 1273 3841 coelos
1294 3786 1360 3842 lacit
1381 3809 1396 3838 a
1414 3787 1498 3858 (Psoi.
1516 3803 1574 3854 xcv,
1598 3787 1634 3858 5).
1656 3787 1726 3839 ltam
1742 3784 1771 3838 iu

99 3897 169 3946 nrm,
183 3887 212 3936 et
232 3879 353 3935 mortale
366 3879 420 3935 hoc
435 3879 561 3935 induerit
573 3879 827 3952 incorruptionem,
840 3885 909 3936 tunc
960 3879 1073 3936 Exodo:
1091 3903 1104 3930 «ι
1118 3881 1177 3935 Non
1197 3880 1303 3934 facietis
1321 3880 1400 3936 vobis
1423 3880 1500 3935 deos·
1511 3881 1664 3950 argenteos
1681 3893 1773 3949 neque

97 3973 142 4028 stet
168 3975 293 4029 verbum
321 3975 397 4044 quod
425 3973 563 4044 seriptum
591 3978 633 4029 est
660 3991 666 4029 :
697 3973 836 4047 Absorpta
868 3981 911 4030 est
960 3990 1091 4028 arrrcosn
1108 3973 1218 4042 (daed,
1242 3989 1286 4039 xx,
1303 3975 1359 4044 tlt).
1382 3975 1416 4028 Et
1436 3974 1588 4028 iterum:«
1609 3971 1668 4026 Non
1687 3971 1772 4024 frictas

99 4077 204 4122 moret·
217 4069 247 4122 in
271 4068 485 4122 contentionem
501 4065 532 4122 ⁸⁹.
548 4067 599 4122 Ubi
613 4074 665 4135 est,
691 4083 774 4134 mors,
795 4068 910 4123 aculeus
960 4065 1011 4120 tibi
1024 4065 1131 4122 idolum
1155 4081 1206 4120 nec
1226 4067 1392 4138 cujusquam
1412 4064 1629 4120 similitudinem
1646 4083 1660 4117 n
1678 4063 1770 4134 (ibid,

99 4163 176 4217 tous?
200 4161 252 4216 ubi
277 4165 333 4229 est,
359 4177 450 4228 mora,
477 4161 620 4216 contentio
647 4161 719 4216 tua‘l
744 4184 758 4212 u
783 4164 854 4217 ltrm
881 4161 910 4217 in
960 4176 1003 4226 xx,
1020 4159 1058 4228 1).
1082 4161 1151 4214 item
1174 4160 1202 4214 iu
1223 4159 1346 4216 tersoria
1365 4161 1419 4232 (55)
1440 4176 1447 4214 :
1465 4181 1478 4210 u
1499 4161 1563 4214 llaec
1585 4157 1653 4213 dicit
1674 4156 1771 4213 Domi-

99 4255 246 4328 Erangelio
270 4261 335 4311 cete
358 4255 499 4310 loannem
519 4270 526 4310 :
549 4275 563 4304 u
586 4257 684 4322 Pater,
709 4271 782 4327 quos
807 4254 910 4310 dedisti
960 4269 1014 4307 oua
1046 4269 1052 4306 :
1083 4254 1245 4308 Secundum
1269 4253 1327 4308 rias
1353 4253 1483 4324 gentium
1513 4253 1599 4308 nolite
1625 4249 1771 4316 incedere,

99 4349 173 4418 mihi,
195 4349 261 4405 volo
282 4354 314 4408 ut
334 4347 382 4403 ubi
405 4363 460 4420 ego
483 4349 564 4404 luero
580 4353 608 4404 et
627 4347 681 4419 ipsi
701 4349 758 4403 sint
784 4364 909 4415 mecam,
960 4346 1026 4418 quia
1051 4346 1154 4403 timent
1176 4347 1224 4402 illa
1251 4348 1279 4402 in
1302 4347 1432 4418 personis
1457 4347 1524 4414 suis,
1548 4346 1616 4417 quia
1643 4344 1773 4416 legitima

98 4447 120 4497 et
145 4443 260 4499 rideant
286 4443 445 4499 cleritatem
472 4457 567 4498 meam
593 4457 681 4513 quam
708 4442 778 4497 mihi
806 4441 909 4497 dedisti
961 4439 1092 4514 gentium
1116 4457 1201 4496 vacue
1225 4444 1300 4496 sunt.
1331 4441 1451 4513 Lignum
1480 4441 1515 4495 de
1544 4441 1615 4494 saltu
1644 4438 1772 4494 excisum

776 4613 881 4678 llariae
917 4614 1086 4678 lectiones.

124 4758 143 4790 ²¹
157 4757 283 4811 Verbum
297 4758 350 4810 NG.
364 4758 387 4808 2.
406 4759 505 4808 Decet.
542 4756 809 4818 'reineshusers
827 4759 848 4806 1.
896 4756 917 4790 ⁷⁵
931 4755 1129 4808 Ezechielem:
1149 4757 1248 4807 Dicunt
1262 4755 1386 4815 Dedin,
1400 4755 1424 4812 3,
1439 4755 1461 4804 1.
1478 4754 1538 4803 rtur.
1554 4749 1628 4804 Curis.
1677 4749 1775 4800 ⁷ll’ru·

98 4827 176 4889 pheta
191 4833 220 4880 et
232 4829 277 4880 dic
289 4827 432 4889 Derim,
444 4827 497 4889 at
521 4831 589 4880 Coit.
609 4829 677 4879 Voss.
692 4833 714 4878 ³.
764 4827 784 4862 ⁷⁷
802 4829 874 4879 Dicit
892 4829 1213 4890 Dominusomnipotens
1225 4827 1295 4874 Lem.
1308 4826 1388 4876 NG.l
1415 4825 1477 4875 nou.
1490 4825 1512 4872 1.
1575 4821 1773 4885 ⁷¹Neptusest

96 4898 182 4959 iustus
198 4903 268 4953 cort.
286 4899 524 4950 commemoratus
537 4904 580 4950 est
594 4899 622 4948 ln
636 4899 722 4962 brari,
737 4899 861 4964 explevit
872 4905 1005 4964 tempore,
1017 4897 1227 4962 placebatanim
1242 4895 1300 4946 Deo
1313 4897 1379 4946 Gott.
1421 4895 1442 4929 ²*
1459 4893 1548 4956 Quem
1563 4891 1694 4942 narrabiles
1706 4891 1772 4942 oue.

99 4972 120 5015 :t
152 4970 542 5020 Amuliilintabernaculatio
573 4968 594 5003 ⁸⁴
606 4967 787 5032 concupiscit
799 4973 825 5020 et
839 4969 935 5020 delicit
947 4970 1002 5020 lin.
1017 4969 1104 5021 ΝΜ.
1154 4966 1425 5017 ¹¹1nstrtuts‹›d.t.
1474 4965 1771 5030 ”insipienstucott

100 5039 118 5070 ³³
131 5041 185 5090 Nisi
200 5047 265 5090 unte
280 5041 347 5089 tum.
363 5041 418 5090 tia.
430 5041 483 5092 NG.
496 5042 518 5091 t.
535 5037 598 5089 Dori.
608 5039 632 5089 2.
653 5039 719 5090 Voss.
735 5041 757 5090 3.
774 5039 860 5090 Stella
873 5041 948 5090 enim
961 5041 1031 5089 tum.
1044 5041 1095 5092 NG.
1112 5040 1135 5088 1.
1148 5037 1212 5088 Dori.
1225 5037 1248 5085 2.
1264 5038 1333 5086 Gerr.
1376 5035 1397 5069 ⁸³·
1411 5035 1440 5085 ln
1455 5036 1659 5087 resurrectione
1673 5034 1735 5086 Dect.
1748 5036 1770 5084 1.

99 5111 266 5161 liortnorurn
281 5111 357 5160 addit
374 5113 452 5160 Oeen.
484 5109 881 5173 ⁸⁵1utncorrupttonaeou.t.
899 5110 964 5158 l'oss.
981 5115 1002 5157 1.
1036 5106 1099 5158 “ln
1116 5107 1362 5171 ignobilitetecott.
1396 5104 1770 5168 ⁸²1tesurgrrcerpususur.

102 5183 200 5232 lueet.
250 5181 439 5244 “rtbsumpte
465 5183 507 5230 est
527 5193 601 5230 mors
624 5181 693 5230 turn.
716 5180 776 5230 lind.
801 5182 823 5232 l.
844 5181 869 5236 1,
885 5179 1012 5232 tout
1061 5177 1082 5212 ⁸⁹
1104 5177 1170 5228 Sine
1193 5179 1372 5226 contentione
1399 5178 1468 5227 tum.
1484 5177 1549 5229 Ded.
1569 5181 1590 5224 1.
1608 5179 1659 5228 NG.
1683 5178 1704 5226 t.
1751 5175 1772 5210 ⁹⁰

99 5255 253 5318 Antequam
267 5253 564 5304 mundastieretcott.
606 5249 988 5315 ‘'Gauderetiautiquetin.
1037 5249 1058 5284 ¹¹
1073 5251 1156 5299 Nares
1174 5247 1206 5298 ed
1219 5247 1390 5298 odorandum
1404 5252 1472 5301 Coti.
1505 5253 1526 5282 '³³
1541 5249 1624 5314 Digiti
1639 5261 1772 5298 mannum

100 5325 131 5374 nd
146 5325 320 5375 tractandum
330 5325 399 5373 tuor.
417 5323 461 5375 NG
486 5325 507 5372 1.
522 5325 589 5374 Cott.
604 5325 627 5383 l,
641 5321 665 5378 2,
682 5326 703 5370 t.
726 5321 791 5369 Voss.
804 5323 827 5370 ³.
844 5319 1171 5384 lienusadpalpendum
1184 5321 1252 5370 Coit.
1292 5317 1457 5381 “Spiritum
1473 5323 1583 5369 urutunt
1600 5320 1667 5368 Dim.
1682 5319 1726 5370 NG
1752 5321 1772 5368 l.

99 5393 117 5427 ’⁵
131 5393 260 5456 tlortulis,
275 5398 414 5444 mortuum
425 5393 510 5455 linget
528 5394 588 5442 Voss
612 5392 637 5451 3,
653 5391 676 5440 1.
725 5388 746 5424 ⁸⁶
760 5390 819 5440 Nou
835 5391 967 5450 audiun13
983 5404 1064 5441 riores
1079 5389 1193 5450 habent,
1207 5393 1233 5440 et
1245 5402 1300 5439 non
1314 5389 1485 5449 odorabunt;
1503 5403 1603 5440 manus
1618 5389 1732 5452 hebent,
1747 5393 1774 5440 et

101 5477 152 5514 non
167 5466 335 5530 palpebuut3
349 5464 435 5528 pedes
448 5463 562 5524 habeut,
573 5467 600 5512 et
612 5475 668 5512 non
680 5461 864 5513 ambulabunt
875 5461 939 5512 Bod.
955 5463 976 5511 1.
993 5463 1059 5513 Gott.
1079 5464 1145 5512 Voss.
1165 5465 1188 5509 ³.
1234 5459 1255 5494 ¹⁷
1265 5459 1376 5512 Similes
1387 5463 1442 5511 sint
1453 5474 1550 5514 omnes
1561 5463 1630 5511 taur.
1647 5461 1703 5509 tiu.
1720 5461 1769 5512 Nc.

103 5537 123 5584 t.
138 5536 200 5586 Rocl.
217 5539 242 5598 t,
254 5536 280 5598 2,
295 5537 320 5586 t.
334 5535 396 5587 Thu.
412 5533 485 5586 Coro.
517 5531 539 5568 ⁸⁸
552 5532 671 5584 Faciunt
681 5546 723 5585 aa.
742 5533 810 5585 Item
824 5532 887 5585 Ded.
904 5533 927 5594 t,
942 5531 1005 5594 1,.1,
1020 5533 1043 5582 t.

746 5650 859 5734 Steph.
883 5649 1006 5715 Beluzii
1025 5651 1120 5714 notae.

118 5769 180 5890 ἀῗὸ)
210 5771 273 5820 item
304 5771 333 5820 in
358 5769 484 5822 Ieremia.
516 5769 655 5832 Betucius,
687 5767 761 5821 haud
788 5769 873 5822 dubie
896 5783 912 5821 e
937 5769 995 5820 suis
1025 5765 1105 5820 cedd.
1130 5765 1234 5820 addidit
1265 5768 1342 5821 loooe
1374 5768 1441 5832 len,
1465 5767 1516 5820 lae.
1539 5771 1567 5818 et
1590 5766 1675 5828 Apoc.
1699 5763 1768 5826 ttps.

106 5851 118 5890 e
154 5877 159 5890 .
