4012 6192
107 276 147 338 eu
442 247 445 256 ’
528 273 744 338 1110111111
764 277 808 338 ιιι
822 276 1079 338 murionum,
1096 277 1327 340 -raarnue
1723 271 1775 340 cea

105 403 173 460 inter
183 401 325 474 amalgaios
340 399 445 458 trustra
458 401 613 476 perquisivi
627 417 634 458 ι
649 401 814 459 inscribitur
828 407 927 459 nutem
941 402 972 458 in
987 401 1062 458 dicto
1080 401 1176 458 codice
1190 420 1197 458 :
1213 404 1373 462 Exhortatio
1393 403 1525 476 Cypriani
1542 405 1576 462 da
1588 407 1775 476 Penttentior

106 493 178 550 titulo
194 493 328 548 nimirum
345 493 387 565 (ui
400 493 533 566 deinceps
551 493 709 563 ostendam)
724 493 760 550 ab
775 493 942 550 amanuensi
960 491 1001 548 illi
1020 498 1127 566 aptato.
1145 492 1256 562 Qiiauta
1273 493 1390 566 hujusce
1409 496 1537 568 opusculi
1554 498 1721 568 praestantia
1736 497 1776 552 sit

105 588 181 656 atque
195 583 311 650 utilitas,
332 583 467 655 deinceps
485 583 588 638 dicam.
604 583 663 638 lloc
681 599 746 638 saue
765 583 898 638 audacter
911 581 1053 638 affirmare
1069 581 1170 651 acideo,
1191 583 1334 639 immerito
1355 584 1423 641 illud
1446 587 1583 642 haetenus
1597 587 1627 642 in
1646 586 1774 643 tenebris

105 672 258 743 delituisse;
275 673 387 731 tauretu
403 672 480 732 euim
500 673 612 728 nullum
632 671 699 728 insit
714 672 878 728 historicum
897 677 1129 742 monumentum,
1143 673 1221 728 nulla
1240 673 1269 728 in
1291 689 1325 728 eo
1345 673 1469 729 emineat
1488 676 1660 747 eloquentia,
1678 680 1774 731 careat

105 779 207 836 quoque
226 761 404 834 argormentie
423 778 440 818 e
458 763 570 818 ratione
584 767 634 818 aut
651 764 781 818 ueterum
795 763 965 818 auctoritate
979 759 1086 834 petitis,
1101 759 1149 816 sed
1168 761 1313 832 Scriptura
1330 765 1442 818 tantum
1460 761 1608 831 innitatur,
1625 781 1714 836 eaque
1726 766 1771 836 je·

101 851 171 923 jone,
183 867 215 907 ac
229 851 290 908 sine
305 851 363 907 ullo
379 855 548 908 ornamento
565 851 705 924 expositn3
721 867 780 908 non
794 851 929 908 continuo
947 857 1044 906 tamen
1062 853 1106 904 est
1122 850 1379 918 contemnendum;
1395 852 1522 924 alioquin
1536 856 1705 909 contenrnas
1719 869 1770 910 nc·

104 957 170 997 cesse
188 945 229 997 est
248 941 382 1014 egregins
401 959 449 998 eos
473 943 607 1016 Cypriani
629 941 727 1012 libros,
751 943 800 1014 qui
822 943 985 1000 Testimonic
1000 941 1038 996 ud
1057 942 1200 1009 Quirinum
1221 941 1381 1011 coutinent;
1402 941 1432 996 in
1452 942 1488 995 iis
1508 941 1614 1013 quippe
1630 943 1690 997 sina
1712 944 1769 998 ullo

104 1031 264 1104 eloquentiae
285 1032 496 1106 verbommqne
516 1038 665 1105 apparatu,
688 1033 749 1088 sine
770 1034 829 1088 ullo
856 1033 999 1088 rationum
1024 1035 1207 1104 veterumque
1230 1029 1366 1103 subsidio,
1386 1031 1446 1088 sola
1470 1031 1616 1104 Scriptura
1637 1033 1772 1088 adversus

104 1137 204 1176 errores
222 1128 377 1194 pugnatur,
397 1125 426 1178 et
444 1122 512 1178 fldei
533 1126 638 1179 nostroe
660 1123 795 1196 dogmata
814 1121 1007 1178 stabiliuntur.
1216 1111 1219 1118 ’

133 1219 252 1276 ibidem
273 1237 358 1293 porro
377 1222 527 1278 consilium
546 1224 569 1278 is
585 1223 657 1291 iniit,
678 1223 758 1294 cujus
779 1223 947 1294 opusculum
965 1221 1011 1278 hic
1026 1222 1150 1294 protero,
1165 1223 1292 1277 vetustus
1309 1221 1357 1277 ille
1373 1221 1500 1293 quidem,
1521 1227 1549 1276 et
1568 1221 1648 1276 valde
1669 1221 1771 1292 proha·

103 1309 159 1365 bilis
175 1309 304 1382 scriptor,
325 1315 374 1367 eut
392 1312 548 1384 Cyprianus
567 1313 673 1369 scilicet
687 1313 758 1386 ipse,
779 1317 828 1367 aut
847 1312 918 1367 alter
934 1311 1061 1383 ignotus,
1079 1312 1102 1366 si
1116 1312 1166 1380 vis,
1183 1311 1323 1383 Cypriane
1341 1317 1438 1366 tamen
1457 1314 1540 1366 aetate
1562 1326 1624 1381 par,
1641 1310 1773 1382 Cypriani

103 1399 267 1471 vestigiisne
288 1400 382 1456 studio
402 1402 545 1458 insistens.
567 1403 739 1474 cyprianum
760 1401 866 1456 scilicet
888 1401 1017 1456 indicare
1039 1399 1151 1457 videtur
1173 1399 1352 1473 disputandi,
1374 1400 1586 1470 Scripturaeque
1609 1399 1773 1462 testimonia

104 1487 233 1558 allegandi
249 1489 320 1543 ratio
336 1505 422 1560 quarn
439 1490 567 1558 adhibet,
584 1491 730 1546 simillima
745 1488 880 1544 nimirum
900 1490 952 1557 illi,
968 1505 1054 1562 quam
1075 1490 1103 1544 in
1122 1491 1193 1544 libro
1214 1493 1435 1546 Testimoniorum
1450 1489 1474 1543 is
1493 1489 1661 1546 observarit.
1678 1492 1771 1562 hique

92 1578 161 1650 ,bulo
176 1578 291 1649 quidem
305 1579 476 1660 copjectnrm
492 1579 624 1653 Cypriani
639 1596 746 1636 nomeu
763 1580 828 1634 huic
844 1580 981 1652 opusculo
997 1580 1025 1636 in
1042 1580 1139 1636 codice
1155 1581 1341 1652 prepositum
1355 1581 1445 1649 iaret;
1460 1579 1587 1651 quamuis
1602 1580 1679 1636 enirn
1694 1597 1726 1636 ea
1741 1579 1771 1635 in

103 1681 130 1721 re
143 1666 282 1722 interdum
297 1667 417 1723 errarint
431 1685 631 1737 amanuenses,
644 1669 720 1724 hand
733 1685 797 1723 raro
813 1671 909 1724 tamen
923 1684 1005 1723 veros
1020 1668 1159 1724 librorum
1173 1676 1303 1724 auctores
1316 1669 1491 1724 iudicarunt.

132 1764 163 1814 et
182 1777 245 1815 oum
263 1760 418 1834 Scriptura
434 1763 705 1836 interpretationem
725 1761 853 1834 opusculi
875 1761 963 1818 nostri
984 1767 1084 1816 auctor
1103 1763 1209 1833 alleget
1230 1763 1312 1818 valde
1332 1763 1471 1818 diversam
1493 1763 1529 1818 ab
1549 1779 1583 1817 ea
1605 1777 1661 1832 qua
1684 1762 1772 1817 utitur

103 1848 256 1920 Cyprianus,
270 1867 358 1907 neruo
372 1869 484 1925 quoque
500 1870 515 1908 e
529 1853 669 1909 veteribus
688 1851 816 1906 libellum
833 1849 910 1904 hunc
928 1850 1071 1922 Cypriane
1087 1850 1229 1918 tribuerit,
1248 1869 1352 1924 anceps
1373 1853 1469 1908 haereo
1485 1854 1599 1909 cuinam
1617 1855 1700 1912 illum
1719 1856 1768 1911 ad-

102 1939 220 1993 scribam.
244 1939 315 1994 Nori
339 1941 471 2011 equidem
496 1945 642 2014 postrema
662 1942 725 1997 hee
748 1944 918 2010 argumenta
941 1937 1149 1994 indissolubilia
1177 1939 1296 1998 minime
1321 1955 1391 1996 esse.
1419 1943 1531 1998 Veteres
1554 1943 1660 1999 scilieet
1684 1945 1770 2000 modo

101 2043 189 2097 unam,
204 2029 291 2084 modo
307 2029 389 2084 aliam
403 2030 555 2102 scripturae
570 2031 839 2102 interpretationem
853 2025 1057 2100 sequebantur.
1075 2029 1160 2101 Cary'us
1175 2029 1218 2085 rei
1234 2029 1305 2086 adeo
1320 2032 1418 2097 multa,
1434 2031 1507 2087 adeo
1520 2033 1671 2104 perspicua
1685 2049 1771 2106 argu·

102 2122 186 2171 meula
202 2118 349 2186 habemus,
365 2122 397 2174 ut
412 2119 446 2175 de
461 2136 496 2175 en
508 2119 570 2191 jam
584 2135 669 2175 nemo
685 2120 796 2176 dubitet
813 2121 862 2193 (t).
881 2125 1076 2177 hmanuenses
1089 2119 1176 2176 etiam
1192 2119 1337 2176 licentiam
1351 2135 1418 2174 sane
1436 2136 1492 2176 non
1510 2120 1602 2176 levem
1619 2121 1672 2177 sibi
1691 2138 1770 2178 arro·

102 2211 205 2278 gerunt,
229 2207 493 2283 substitueruntque
514 2227 571 2266 nou
593 2227 659 2266 raro
679 2211 944 2284 interpretationem
965 2225 1052 2282 quam
1075 2209 1240 2282 diligerent,
1264 2209 1492 2281 interpretationi
1512 2225 1569 2282 qua
1593 2227 1659 2266 usus
1679 2212 1772 2268 iuerat

100 2304 187 2353 auctor
199 2298 247 2353 ille
262 2315 349 2370 quem
363 2299 570 2356 exscribebaut.

130 2395 279 2469 830111.
298 2397 381 2462 Quod
394 2414 463 2453 sero
476 2415 562 2454 nemo
577 2416 612 2455 ex
629 2400 782 2471 veteribus,
799 2417 871 2473 quos
886 2415 962 2455 nunc
981 2399 1128 2466 habemus,
1143 2398 1273 2455 libellum
1288 2399 1364 2455 hunc
1384 2399 1500 2472 alleget,
1519 2401 1626 2456 mirum
1640 2419 1697 2457 non
1718 2405 1772 2459 est.

102 2485 178 2542 besiit
192 2488 268 2543 enim
284 2487 360 2543 harad
375 2487 467 2544 multo
483 2490 546 2560 post
558 2489 690 2561 Cypriani
707 2493 839 2562 tempora
855 2489 961 2545 erroris
974 2505 1060 2560 quem
1075 2489 1188 2544 libellus
1203 2489 1256 2544 iste
1271 2488 1406 2557 confutat,
1423 2488 1544 2560 ideoque
1557 2489 1666 2545 occasio
1685 2491 1771 2548 etiam

101 2573 182 2645 desiit,
199 2576 233 2631 ob
253 2593 341 2648 quam
362 2577 440 2632 idem
463 2577 573 2634 libellus
594 2579 774 2650 allegaretur.
797 2579 839 2634 ed
859 2580 942 2635 haec:
962 2579 1041 2634 Unde
1062 2578 1194 2634 norimus
1216 2581 1326 2632 veteres
1346 2577 1426 2646 alios,
1448 2593 1572 2649 quorum
1593 2577 1680 2634 libros
1696 2580 1770 2636 desi-

104 2663 234 2734 deramus,
249 2665 373 2721 minime
386 2667 462 2722 hunc
476 2667 637 2738 allegasset
652 2669 731 2724 Levis
744 2669 839 2740 itaque
853 2672 897 2724 est
909 2685 1002 2741 quera
1018 2671 1144 2722 veterum
1160 2667 1274 2723 silentio
1291 2666 1451 2722 desumitur
1466 2665 1623 2724 difficultas.
1638 2673 1673 2724 st
1687 2686 1773 2743 quan-

102 2769 187 2826 quam,
201 2755 241 2812 uti
255 2755 327 2824 dixi,
342 2773 374 2812 ea
389 2763 560 2829 argumenta
575 2757 750 2814 dissolubilia
764 2758 866 2828 fateor,
883 2755 1043 2829 probabilia
1060 2759 1125 2811 sunt
1138 2761 1246 2812 temen.

131 2855 168 2908 lli.
183 2853 316 2927 Quisquis
332 2859 427 2911 emen
446 2855 576 2911 libellum
593 2857 670 2913 hrrnc
686 2856 887 2928 composuerit,
902 2855 1081 2911 simillimum
1096 2855 1155 2911 reri
1171 2861 1214 2910 est
1228 2871 1295 2910 eum
1308 2854 1441 2926 Cypriani
1459 2837 1612 2927 equalem,¹
1628 2861 1677 2911 aut
1692 2862 1768 2914 certe

100 2957 149 2997 nou
169 2944 291 3000 multum
314 2944 349 2999 ab
373 2945 436 3015 ejus
459 2947 544 3000 etate
566 2948 710 3001 remotum
733 2945 828 3014 inisse,
849 2950 878 3001 et
897 2945 926 3002 in
943 2945 1155 3016 scripturarum
1175 2944 1298 3000 lectione
1323 2943 1470 2999 detritum.
1492 2948 1535 3001 Αιι
1558 2963 1614 3001 non
1630 2947 1766 3018 Cypriani

102 3034 236 3104 equalem,
250 3037 392 3090 autcario
411 3033 486 3089 haud
505 3034 627 3089 multum
645 3034 681 3088 ab
696 3034 773 3090 illius
793 3037 876 3090 etate
891 3037 1032 3090 remotum
1054 3031 1179 3088 ostendit
1192 3049 1235 3099 ea,
1250 3049 1338 3106 quam
1352 3033 1490 3104 sequitur,
1505 3033 1658 3106 Scriptura
1676 3035 1769 3090 iuter·

100 3125 218 3195 prelatio,
246 3128 276 3181 et
302 3124 451 3197 disciplina
473 3141 560 3197 quam
587 3124 711 3182 stabilire
735 3126 872 3182 conatur?
891 3123 1000 3180 indicat
1022 3125 1129 3180 scilieet
1150 3139 1207 3177 non
1231 3123 1349 3178 obscure
1374 3121 1495 3195 scriptor
1516 3123 1568 3179 ieie
1590 3123 1772 3196 recipiendos

100 3213 203 3284 quidem
220 3214 250 3272 in
268 3213 425 3270 Ecclesiam
444 3214 548 3286 lapsos,
562 3218 591 3270 et
606 3231 623 3270 a
637 3231 687 3287 spe
704 3215 796 3271 reniae
814 3216 935 3271 minime
950 3214 1088 3270 arcendos
1107 3213 1274 3285 quorumvis
1289 3212 1444 3268 eriminum
1459 3228 1535 3282 reos,
1550 3212 1707 3269 dummodo
1722 3231 1769 3268 ca·

101 3304 196 3360 uonicac
215 3304 395 3377 poenitentia
413 3321 475 3360 sose
490 3305 672 3378 subjicerent.
691 3307 755 3362 llaec
767 3305 878 3360 scilicet
901 3304 1017 3377 quaestio
1039 3319 1105 3360 cum
1126 3302 1261 3376 Cypriani
1284 3305 1412 3374 tempore
1434 3302 1616 3374 potissimum
1635 3301 1769 3376 riguerit,

101 3391 169 3449 haud
182 3394 301 3452 obscure
314 3397 427 3450 aetutem
443 3393 547 3463 innuit,
564 3411 622 3466 qua
636 3395 813 3467 conscriptus
827 3397 869 3450 est
884 3393 955 3449 liber
971 3394 1034 3448 iste.

129 3493 156 3546 V.
175 3493 241 3558 Quis
260 3509 347 3566 porro
368 3492 397 3549 in
412 3493 623 3566 Scripturarum
642 3493 763 3550 lectione
786 3493 924 3549 detritum
940 3509 1006 3548 eum
1025 3495 1120 3563 neget,
1142 3495 1296 3564 postquam
1315 3491 1419 3547 viderit
1441 3507 1608 3564 percurrere
1628 3491 1708 3546 illum
1731 3495 1774 3547 tot

99 3579 301 3654 Scripturarum
315 3583 414 3650 libres,
431 3587 459 3638 et
473 3599 506 3639 ex
519 3582 555 3638 iis
566 3582 689 3654 seligere
704 3582 775 3651 loca,
790 3599 854 3664 quae
866 3582 972 3638 mirum
986 3583 1014 3638 in
1031 3583 1149 3638 modum
1166 3581 1337 3637 catholicum
1354 3581 1460 3654 dogma
1474 3581 1655 3650 confirment,
1671 3581 1770 3654 illique

99 3669 198 3727 braant
212 3671 415 3728 consuetudini
429 3684 515 3744 quam
534 3671 565 3726 in
579 3671 704 3728 Ecclesia
719 3672 885 3727 servandam
901 3671 1010 3726 censuit
1021 3671 1200 3743 Cyprianus?

129 3769 168 3823 lll.
190 3772 344 3842 Propterea
363 3786 431 3826 vero
451 3769 690 3827 verisimillimum
713 3769 916 3826 tantummode
940 3785 1001 3826 esse
1021 3771 1050 3825 id
1073 3770 1204 3839 arbitror,
1224 3769 1300 3842 quod
1324 3770 1359 3825 de
1379 3770 1520 3841 Cypriane
1543 3770 1662 3841 hujusce
1684 3771 1772 3826 libelli

100 3865 203 3916 auctore
217 3861 288 3928 dixi,
303 3876 398 3932 neque
413 3861 521 3933 aliquid
538 3862 608 3919 certi
621 3877 655 3916 ea
671 3861 705 3917 de
720 3877 751 3917 re
764 3864 887 3916 statuere
906 3875 991 3914 ausus
1009 3875 1083 3927 sum,
1097 3861 1173 3931 quod
1192 3859 1321 3914 noverim
1341 3859 1481 3913 exstitisse
1492 3859 1554 3929 jam
1570 3859 1682 3930 pridem
1698 3877 1772 3916 non-

100 3951 181 4006 nullos
197 3952 231 4023 (Pl
245 3951 333 4008 etiam
348 3951 424 4007 inter
437 3951 562 4019 11111111,
577 3951 625 4023 qui
638 3951 812 4024 cyprianum
825 3950 881 4006 hoc
894 3948 924 4004 in
937 3948 1080 4006 scribendi
1096 3963 1200 4020 genere
1212 3946 1407 4014 imitarentur,
1421 3948 1451 4001 1ιι
1465 3947 1503 4020 (3)
1514 3964 1639 4018 quorum
1653 3965 1772 4005 numere

100 4039 218 4110 Pelagius
235 4042 286 4096 ille
303 4040 427 4096 eminuit
447 4039 496 4113 (11,
511 4039 562 4112 qui
576 4040 695 4096 laudem
713 4055 800 4112 quern
820 4039 936 4095 aliunde
948 4037 1147 4110 acquisiverat,
1162 4037 1295 4094 adversos
1317 4036 1442 4092 divinam
1461 4037 1584 4109 gratiam
1603 4043 1702 4110 postca
1720 4039 1770 4094 de-

98 4133 197 4184 certans
211 4131 264 4186 sibi
285 4129 405 4186 ademit.
426 4129 565 4195 Quoniam
587 4145 673 4202 porro
696 4147 731 4185 ea
752 4145 814 4201 quse
833 4127 1039 4184 verisimillima
1058 4131 1135 4194 sunt,
1155 4125 1270 4182 admitti
1289 4125 1440 4182 commode
1461 4129 1593 4199 possunt,
1615 4128 1680 4199 quis
1699 4128 1772 4183 mihi

98 4217 157 4273 ritio
171 4223 271 4289 vertet,
294 4219 317 4274 si
337 4219 470 4291 deinceps
488 4219 597 4292 quoties
618 4218 653 4275 de
674 4219 793 4294 hujusce
813 4217 942 4294 opusculi
961 4222 1077 4275 auctore
1099 4215 1206 4274 incidet
1225 4232 1331 4287 sermo,
1351 4215 1457 4272 incidet
1477 4219 1575 4273 autem
1596 4232 1683 4291 sepe,
1705 4233 1772 4273 eum

98 4306 258 4380 Cyprianum
274 4323 336 4364 csse
351 4306 468 4366 dicam?

123 4561 151 4626 111
171 4563 293 4616 Unicum
312 4563 482 4628 exemplum,
497 4563 546 4614 sed
566 4563 636 4616 lllud
656 4564 835 4617 manifestum
854 4566 904 4617 ed·
954 4565 1095 4632 Cypriani,
1110 4564 1145 4616 de
1163 4565 1264 4630 qulbus
1282 4562 1457 4628 pronuntiari
1472 4576 1528 4613 non
1546 4561 1634 4626 possit
1647 4573 1680 4612 ea
1696 4563 1772 4612 certe

98 4631 179 4684 hibeo.
194 4636 379 4701 Augustinus,
396 4647 477 4685 serm.
501 4634 541 4698 20,
567 4648 595 4685 n.
617 4637 642 4695 3,
668 4637 708 4688 sie
729 4638 904 4690 versiculum
954 4636 1032 4687 illius
1054 4649 1124 4698 esse,
1138 4636 1167 4686 id
1190 4649 1256 4686 vero
1276 4635 1411 4698 imprimis
1424 4633 1509 4685 asseri
1532 4634 1624 4696 potest
1644 4632 1678 4682 de
1693 4631 1770 4681 libris

97 4703 123 4752 tt
143 4707 237 4770 eapitis
257 4719 331 4758 xvru
343 4705 473 4756 Ezechiel
490 4705 592 4771 allegat
607 4721 613 4756 ε
631 4707 662 4757 In
681 4720 846 4772 quacumque
862 4709 905 4760 otio
957 4707 1192 4758 Testimoniorum
1211 4706 1246 4756 ad
1268 4703 1424 4766 Quirinum.
1446 4703 1542 4754 Plures
1561 4703 1638 4754 enim
1660 4702 1773 4752 codices

98 4787 225 4828 mnocrsua
249 4778 335 4841 {uerit
358 4776 477 4841 iniquae,
499 4782 523 4828 et
546 4777 634 4840 {comit
653 4779 798 4842 justitium,
821 4793 905 4831 annos
956 4778 1021 4842 plus
1035 4777 1141 4828 habeut
1160 4790 1245 4841 quam
1261 4775 1381 4838 vulgatae
1401 4772 1548 4835 editiones,
1566 4772 1628 4823 aliae
1643 4775 1744 4823 minus.
1759 4791 1773 4819 s

98 4847 233 4911 iniquitatis
259 4850 317 4912 ejrra
343 4847 492 4899 obliviscor.
517 4849 553 4899 At
576 4849 721 4910 11111139,
744 4863 770 4900 ιι.
798 4852 808 4900 1
838 4852 906 4901 citat
957 4848 1014 4900 Cur
1028 4862 1093 4900 vero
1112 4862 1168 4899 non
1188 4848 1269 4911 pauci
1290 4846 1400 4897 codices
1421 4845 1489 4896 adeo
1510 4844 1615 4910 copiosi
1628 4847 1692 4894 sunt
1701 4847 1715 4893 ‘l
1729 4847 1773 4895 An

98 4915 143 4968 hoc
155 4919 235 4970 modo
252 4934 288 4968 :a
304 4917 366 4982 Quo
381 4919 427 4969 dia
442 4931 594 4970 conversus
615 4919 710 4982 tueris,
730 4920 905 4972 obliviscitur
955 4933 1010 4969 non
1034 4921 1100 4984 quia
1122 4920 1303 4982 posteriorum
1321 4917 1467 4968 doctorum
1484 4915 1626 4966 laboribus
1643 4929 1772 4966 accreve-

98 4989 180 5051 (ocu)
193 4992 267 5041 maia
282 4994 330 5040 tua
349 4991 497 5054 preterire.
514 5005 528 5036 ιι
546 4988 635 5040 Serm.
650 5003 716 5041 vero
738 4992 779 5053 aa,
797 4993 845 5056 qui
864 4996 906 5043 est
954 4992 1043 5041 runtt
1066 4991 1130 5040 Dixi
1146 4991 1229 5040 etiam
1245 4989 1317 5039 inter
1335 4989 1467 5039 Latinos:
1488 5000 1553 5037 nam
1574 4987 1646 5036 luter
1660 4987 1775 5038 Grecos

98 5057 127 5108 de
143 5062 233 5112 uerbis
257 5061 404 5125 Evangel„
428 5061 535 5126 Marah,
552 5075 613 5126 cap.
634 5075 713 5120 xvru,
735 5077 761 5112 n.
785 5065 823 5124 tt,
839 5077 904 5114 cum
955 5074 988 5113 eo
1008 5063 1036 5112 in
1058 5060 1197 5112 scribendi
1212 5072 1312 5125 genere
1330 5059 1448 5110 eminuit
1468 5059 1659 5109 Damascenue
1679 5056 1773 5120 plures

97 5129 179 5194 aliqua
199 5132 266 5183 lieet
286 5132 341 5181 leri
362 5129 517 5182 differentia
540 5131 783 5191 rursusaddueit;
803 5146 905 5197 nempe
954 5132 1040 5182 libros
1063 5131 1146 5182 simili
1172 5131 1207 5183 de
1233 5133 1395 5196 argumento
1418 5129 1513 5192 edens,
1532 5141 1603 5193 quos
1626 5127 1772 5190 Pnralleto,

97 5199 148 5249 ite:
172 5204 284 5267 iniquus
305 5205 333 5250 in
350 5215 404 5266 que
428 5202 470 5252 die
486 5215 625 5253 con-uerene
643 5204 727 5264 luerit
747 5201 782 5252 ab
806 5204 906 5268 iniqui·
955 5217 1015 5265 seu,
1028 5204 1052 5252 si
1063 5203 1114 5265 vis,
1129 5202 1237 5266 dolopes
1255 5201 1415 5266 appellavit.

96 5272 185 5323 tatibus
209 5275 276 5331 suis,
303 5279 327 5324 at
353 5273 443 5336 {merit
462 5274 606 5338 justitiam,
635 5287 723 5324 omncs
749 5276 906 5339 iniquitates
986 5275 1019 5338 (3)
1037 5291 1052 5320 «
1071 5272 1205 5338 Ejusdem
1224 5287 1305 5337 porro
1323 5273 1379 5324 iere
1394 5271 1550 5337 argumenti
1565 5283 1630 5321 cum
1649 5271 1702 5320 111ο
1716 5269 1773 5334 Cy-

96 5343 147 5404 ejua
167 5345 317 5396 obliviscor.
333 5345 368 5394 Et
385 5344 452 5395 alibi
473 5346 558 5396 etiam
579 5344 710 5396 eumdem
734 5346 903 5396 versiculum
954 5345 1045 5409 priani
1061 5358 1143 5409 opere
1162 5348 1204 5394 est
1228 5343 1299 5394 liber
1317 5344 1349 5394 dc
1370 5341 1594 5394 Promissionibus
1614 5341 1773 5391 1111111111-

97 5413 285 5467 etlerenecum
300 5416 393 5480 aliquo
417 5415 578 5468 discrimine
601 5414 681 5467 affert
697 5431 734 5466 :o
761 5417 856 5466 Pulsat
878 5421 905 5468 et
957 5415 1069 5466 tionibus
1093 5417 1151 5475 Dei,
1167 5415 1215 5480 qui
1236 5415 1319 5480 vulgo
1339 5414 1470 5465 tribuitur
1490 5415 1663 5478 Prospero.»
1687 5413 1769 5463 Baiu-

97 5483 199 5550 elamat,
215 5505 229 5532 »
242 5489 336 5552 inquit
356 5487 414 5546 ille,
429 5499 457 5537 n.
475 5488 505 5538 10
525 5489 660 5540 sennonls
676 5487 716 5550 87,
734 5489 782 5552 qui
807 5491 850 5537 est
870 5487 904 5538 de
956 5489 1026 5548 zius,
1039 5491 1104 5538 nota
1123 5489 1133 5537 1
1150 5489 1177 5536 in
1190 5486 1270 5536 libros
1287 5486 1504 5537 Testimoniorum
1519 5485 1609 5536 saneti
1627 5482 1769 5547 Cypriani.

97 5556 181 5606 verbis
195 5557 290 5608 btatth.
305 5571 349 5609 xx
370 5571 419 5621 per
440 5558 602 5622 prophetam
625 5556 802 5610 Ezechielem
819 5573 825 5606 ε
842 5575 856 5602 «
875 5560 905 5608 la
986 5561 1018 5620 (1)
1042 5558 1114 5609 Vide
1134 5571 1197 5622 quse
1221 5557 1335 5607 tradunt
1360 5556 1478 5608 Vossius
1504 5557 1606 5606 Hister.
1631 5555 1769 5616 Pelagine.

97 5637 250 5691 priorumque
264 5627 307 5677 die
322 5640 464 5678 marcemus
477 5628 560 5690 suerit
579 5629 653 5680 homo
674 5643 691 5678 o
712 5644 757 5679 uro
778 5642 828 5680 sue
850 5642 904 5692 pca-
955 5631 973 5680 l.
991 5644 1009 5691 1,
1026 5644 1049 5681 c.
1064 5632 1088 5691 1,
1106 5647 1119 5672 «
1135 5629 1170 5679 de
1191 5629 1225 5678 iis
1247 5641 1311 5692 quae
1326 5627 1454 5692 Pelagius
1471 5629 1581 5691 scripsit
1594 5642 1601 5686 i
1613 5643 1627 5670 s
1650 5621 1769 5674 creare

96 5699 163 5750 sirio,
178 5713 266 5749 omncs
282 5701 435 5765 iniquitates
451 5702 508 5763 ejus
522 5701 676 5752 obtiviscar.
690 5719 705 5748 n
955 5703 982 5751 in
997 5701 1097 5750 Hister.
1121 5700 1169 5750 1111.
1191 5698 1225 5748 de
1243 5698 1354 5762 Pelagio
1376 5697 1411 5748 ad
1428 5711 1535 5748 annum
1556 5697 1612 5757 aba,
1635 5707 1696 5758 pag.
1710 5693 1766 5751 3⁸3,

124 5769 156 5830 e)
182 5771 223 5820 En
250 5783 314 5834 que
340 5772 367 5822 in
395 5771 480 5824 llbroe
510 5773 743 5824 'testimoniorum
774 5771 905 5837 Cypriani
955 5777 973 5822 t.
989 5769 1358 5835 l,edit.Baail.,annil7lt.
1377 5787 1392 5816 »

99 5843 167 5888 notat
179 5839 309 5893 Betucius
322 5858 326 5892 :
344 5861 359 5890 a
371 5841 400 5894 Si
414 5855 470 5909 qua
481 5849 546 5896 anni
557 5844 618 5896 loon
633 5844 661 5894 in
674 5843 805 5909 operibus
815 5844 904 5896 saneti
