3978 6204
244 257 296 308 ³99
698 247 726 303 S,
746 246 903 340 ai‘rtttsrtt
923 242 1059 302 orantia
1080 245 1165 300 PARS
1186 241 1203 300 Ι.
1225 275 1259 284 -
1278 244 1458 302 crusinam.
1855 253 1900 305 ltili

247 381 414 438 sacrificium
448 377 524 450 quod
554 375 726 444 offerimus),
759 373 831 428 nihil
864 371 939 426 alitrd
970 375 1247 456 quamApnucepta
1273 372 1393 426 divina?
1414 371 1491 428 Sicut
1512 372 1586 442 apud
1602 373 1750 428 larentiam
1776 377 1900 446 scriptum

245 475 322 548 quod
351 474 396 528 illc
421 471 488 526 sccii
512 471 605 524 lacere
631 467 783 523 debemus.
812 465 958 537 Scriptura
978 465 1057 519 enim
1107 468 1169 519 esi:
1190 466 1260 531 Quid
1280 467 1328 529 est,
1352 463 1456 536 iuquit,
1479 467 1566 534 paleis
1584 466 1622 520 ad
1644 468 1785 522 triticum?
1802 471 1903 540 Propter

246 569 314 623 dicit
325 567 400 636 titi:
419 565 629 632 ertesnmqus
645 563 714 616 enim
732 561 842 616 ederitis
861 575 958 628 praetem
976 561 1057 612 esium
1106 558 1154 612 hoc
1177 575 1232 614 cccc
1250 575 1296 626 eqo
1316 559 1354 614 acl
1376 559 1523 628 propicius
1543 561 1609 628 (30),
1628 559 1694 614 dicit
1711 563 1841 626 Dominus,
1861 567 1903 632 qm·

246 664 271 712 et
290 657 399 710 corticem
422 657 503 708 istum
524 653 663 717 biberitis,
685 653 795 704 mortem
824 650 931 702 Domini
952 662 1054 700 annun·
1105 653 1239 718 furantur
1260 653 1341 706 uesta
1359 668 1417 706 mea
1434 655 1618 722 uuusquisque
1636 670 1653 706 a
1669 656 1788 722 prosimo
1809 672 1861 722 soto,
1882 663 1901 710 ci

229 754 350 810 timidis
371 751 545 822 quoadusque
566 749 658 803 vatim
674 749 698 816 (l
711 748 782 811 Com,
798 762 827 806 n,
847 747 903 814 no).
926 743 1056 807 Qraoties·
1106 745 1236 800 seducunt
1260 747 1391 816 populum
1410 763 1496 801 meum
1520 748 1550 800 iu
1580 745 1727 802 mendaciis
1750 750 1803 803 suis
1827 755 1850 802 et
1878 752 1903 802 in

244 861 357 918 cunque
390 859 457 914 argo
485 842 602 896 calicem
624 839 653 894 in
678 837 981 894 commemorationem
1005 837 1056 889 Do·
1104 839 1241 893 erroribus
1252 841 1308 893 setis
1327 837 1443 908 (lerum,
1465 855 1543 906 xxiii,
1566 841 1609 905 28,
1622 839 1730 906 samri
1747 840 1814 894 liem
1835 841 1902 912 apud

245 938 318 995 mini
342 940 370 993 ei
393 934 533 1006 passionis
546 935 607 1004 ejus
622 931 781 997 ollcrimus,
800 930 827 984 id
847 930 921 1000 quod
946 931 1057 984 consini
1107 931 1239 986 eunrdcm
1249 931 1304 986 alio
1318 932 1379 986 loco
1389 949 1395 985 z
1407 935 1440 987 Et
1451 933 1582 986 machaia
1593 937 1641 998 esi,
1655 931 1757 1003 inquii,
1770 935 1798 987 iu
1811 935 1903 1002 liquam

245 1031 397 1086 Dominum
416 1029 515 1083 iecisse
537 1027 682 1082 iaciamus.
703 1027 735 1081 Et
757 1024 857 1078 viderit
880 1023 945 1093 tta),
969 1022 1057 1076 irater
1107 1030 1132 1081 at
1151 1025 1268 1094 lapidem
1290 1025 1324 1086 ⁸³,
1342 1031 1366 1080 ct
1384 1027 1414 1079 in
1430 1026 1470 1081 bis
1492 1025 1615 1080 omnibus
1629 1041 1681 1080 mou
1702 1031 1739 1080 est
1760 1042 1858 1080 reuersa
1872 1028 1904 1082 ml

244 1123 409 1181 charissime
416 1140 425 1190 ;
451 1123 473 1176 si
498 1121 561 1192 quis
585 1120 620 1174 de
635 1117 860 1174 antecessoribus
889 1115 991 1170 nostris
1014 1114 1056 1169 rel
1106 1133 1147 1173 me
1163 1120 1280 1187 (ierem,
1299 1135 1340 1180 tx,
1360 1118 1414 1187 to).
1426 1118 1504 1182 Quod
1522 1117 1631 1172 furtum
1653 1123 1681 1174 et
1694 1117 1859 1174 adulterium
1873 1137 1903 1173 no

245 1219 416 1290 ignoranter
438 1214 481 1270 rel
504 1213 668 1284 simpliciter
691 1227 748 1266 non
768 1211 821 1266 boc
844 1209 1003 1264 observavit
1029 1213 1057 1262 et
1106 1211 1135 1265 in
1157 1227 1209 1265 uos
1224 1211 1309 1265 eiiam
1337 1212 1420 1266 cadet
1447 1227 1544 1265 carere
1567 1210 1686 1265 sollicite
1709 1216 1736 1266 ei
1762 1211 1853 1266 timide
1877 1229 1904 1266 ac

244 1311 336 1366 tenuit
353 1308 490 1380 qucdnos
509 1305 647 1360 Dominus
670 1306 761 1358 iacere
775 1301 906 1373 exaurplo
922 1305 950 1356 ct
970 1301 1056 1372 magi·
1107 1305 1236 1374 religioso
1259 1305 1407 1358 observare
1431 1303 1579 1359 debemus.
1600 1305 1688 1366 Nam,
1711 1303 1734 1358 si
1759 1304 1904 1360 sacerdotes

246 1408 319 1459 siero
332 1419 385 1456 suo
402 1399 507 1466 decerit,
526 1401 619 1468 potest
632 1397 807 1468 simplicitati
827 1395 888 1466 ejus
903 1395 938 1448 dc
960 1394 1054 1449 indul·
1106 1397 1155 1452 Dei
1182 1404 1210 1452 et
1231 1398 1334 1454 Christi
1360 1413 1470 1466 sumus,
1498 1414 1554 1452 non
1583 1397 1697 1452 invenio
1718 1414 1801 1470 quem
1825 1399 1904 1468 magis

247 1495 344 1568 gantis
357 1493 465 1548 Domini
480 1493 563 1545 venia
580 1489 709 1546 concedi.
723 1489 807 1544 Nobis
827 1503 892 1542 vero
907 1504 964 1543 non
979 1493 1056 1557 pote
1106 1490 1184 1562 sequi
1207 1507 1292 1566 quam
1309 1492 1397 1546 Deum
1415 1495 1444 1545 ct
1461 1491 1605 1546 Christum
1620 1489 1783 1560 debeamus,
1801 1492 1904 1562 quaudo

246 1589 283 1643 rit
295 1587 416 1658 ignosci,
432 1585 567 1656 quinunc
579 1600 594 1637 a
606 1583 725 1638 Domino
742 1581 880 1636 admoniti
890 1587 918 1636 et
927 1581 1056 1635 instructi
1105 1585 1166 1655 ipso
1192 1586 1220 1638 in
1239 1585 1389 1656 Evangelio
1415 1583 1539 1638 maxime
1559 1583 1634 1638 dicat
1649 1600 1655 1638 :
1670 1587 1726 1652 qu
1753 1599 1809 1638 sum
1826 1584 1904 1638 lumen

246 1696 344 1736 sumus
377 1681 410 1734 ui
450 1677 566 1732 calicem
597 1675 779 1730 Dominicum
808 1674 880 1740 ,vino
921 1674 1054 1740 mistum,
1107 1679 1197 1734 seculi
1208 1678 1273 1746 (51).
1291 1681 1344 1745 Qui
1357 1694 1398 1732 me
1419 1683 1526 1733 secutus
1539 1679 1635 1745 suerii,
1652 1693 1707 1731 non
1728 1677 1868 1732 ambulabit
1885 1679 1904 1710 ⁸⁸

245 1773 400 1830 sectandum
421 1770 497 1842 quod
512 1769 648 1824 Dominus
668 1767 778 1835 obtulit,
799 1767 965 1835 offerentum
979 1770 1008 1821 el
1022 1740 1135 1826 deBiu
1159 1773 1282 1834 tenebris,
1302 1773 1349 1827 sed
1368 1772 1474 1826 babebit
1495 1773 1582 1826 lumem
1595 1773 1657 1825 uitae
1673 1771 1772 1838 (iotam,
1786 1787 1840 1840 riu,
1857 1773 1905 1838 ti).

246 1869 302 1923 hon
316 1879 430 1938 quoque
445 1863 480 1919 sd
494 1863 619 1933 cohagas
632 1865 744 1916 nostros
762 1861 870 1915 litteras
888 1860 1054 1931 dirigamus,
1106 1865 1146 1920 Ne
1159 1882 1228 1938 ergo
1243 1883 1272 1920 rn
1287 1865 1411 1921 tenebris
1426 1865 1615 1931 ambulemus,
1631 1863 1775 1921 Christum
1796 1863 1872 1935 sequi
1883 1869 1908 1917 et

246 1963 277 2015 at
291 1959 396 2032 ubique
415 1959 460 2012 lex
481 1956 643 2028 evangelica
658 1958 687 2010 ei
701 1953 814 2010 traditio
835 1953 982 2009 Dominica
1000 1969 1057 2008 ser·
1106 1963 1247 2031 praesepia
1271 1959 1332 2030 ejus
1357 1959 1505 2015 observare
1527 1957 1674 2026 debemus,
1689 1957 1756 2030 quia
1769 1961 1796 2011 ei
1816 1957 1907 2028 ipsein

245 2056 336 2118 retur,
350 2055 379 2108 st
397 2051 432 2106 ab
445 2065 480 2105 en
495 2050 571 2120 quod
585 2048 714 2105 Christus
727 2051 756 2102 ei
771 2047 866 2102 docuit
878 2050 907 2101 ei
920 2047 986 2102 iecit
1000 2062 1056 2100 uon
1106 2055 1161 2110 0)ῑο
1185 2055 1257 2122 (000,
1285 2053 1401 2110 mittens
1419 2052 1569 2125 apostolos,
1596 2051 1667 2107 dixit
1682 2067 1689 2106 :
1707 2054 1779 2108 paen
1795 2057 1830 2106 00)
1847 2051 1908 2104 mess

245 2144 404 2202 recedatur·
1108 2151 1191 2204 omnis
1203 2154 1323 2219 potestus
1340 2149 1369 2202 in
1388 2148 1451 2202 coelo
1462 2154 1486 2202 ci
1509 2149 1537 2202 iu
1558 2147 1693 2202 terratia
1712 2160 1772 2214 erqo
1786 2150 1810 2199 et
1830 2145 1908 2199 dooots

282 2240 372 2296 XVlll·
387 2240 456 2303 011ae
478 2237 553 2292 ulls&
572 2237 635 2308 iim
658 2241 842 2292 willimari
856 2239 884 2290 el
906 2235 933 2289 ln
960 2249 1057 2289 errore
1107 2258 1195 2298 omnes
1215 2248 1319 2311 prutes,
1341 2244 1472 2310 tinqentes
1497 2241 1553 2312 (52)
1576 2256 1617 2295 eos
1640 2242 1671 2294 in
1694 2241 1798 2294 nomine
1818 2239 1909 2298 Patris,

245 2333 365 2406 pristim
391 2347 586 2404 Pflfflsslssfflfer
612 2329 681 2401 quid
699 2328 776 2384 alind
799 2334 841 2384 θθῑ
863 2343 948 2399 ‘illim
965 2328 1057 2382 incur·
1108 2341 1133 2391 ei
1157 2337 1227 2400 Filii,
1255 2340 1280 2391 et
1302 2335 1421 2405 Spiritus
1447 2337 1544 2401 structi,
1570 2333 1692 2389 dormites
1714 2347 1756 2388 eos
1781 2332 1908 2386 obsemnre

245 2443 309 2482 rere
321 2425 351 2481 in
371 2423 601 2495 objurgationem
624 2421 734 2477 Domini
760 2419 933 2491 increpantis
953 2419 1008 2490 (47)
1028 2419 1058 2473 in
1109 2431 1199 2483 omnia
1220 2443 1382 2498 quacumque
1402 2429 1519 2498 precepi
1547 2426 1570 2462 ⁸⁵
1596 2427 1672 2482 uobis
1698 2425 1816 2498 (itatem,
1843 2440 1908 2488 nni,

246 2521 358 2575 P⁵⁸¹¹¹¹⁰
378 2520 406 2573 ⁰²
426 2517 567 2573 dl⁰⁰¹¹ii⁸²
584 2517 629 2572 M
646 2515 714 2586 quid
724 2517 835 2585 eximii
852 2514 1058 2583 iiiiiifiistiwllss
1110 2521 1211 2590 i8-20l.
1227 2520 1321 2585 Quare
1337 2521 1359 2574 si
1373 2520 1402 2574 in
1427 2520 1536 2574 lumine
1553 2519 1656 2574 Christi
1680 2518 1824 2573 ambulare
1846 2517 1910 2570 volu·

243 2629 316 2672 meas
339 2623 364 2672 et
385 2617 500 2671 assumis
526 2619 716 2669 testamentum
732 2628 818 2667 meum
841 2627 892 2682 per
912 2626 940 2665 os
961 2613 1059 2665 tuum?
1108 2615 1374 2685 mus,apraeceptis
1395 2613 1631 2684 etmonitiseJ'us
1654 2627 1714 2667 non
1743 2610 1908 2672 recedamus,

246 2713 286 2766 tu
311 2715 401 2766 erulam
422 2708 507 2763 odisti
521 2708 711 2778 disciplinam,
734 2713 760 2761 et
784 2706 906 2776 abjecisti
926 2720 1059 2760 commones
1110 2711 1228 2779 agentes
1243 2707 1348 2780 gratias
1360 2705 1447 2780 quod,
1463 2706 1693 2762 duminstruitin
1711 2705 1836 2760 lutrarum
1849 2702 1908 2774 quid

245 2820 315 2861 meos
328 2809 410 2859 retro.
430 2804 461 2858 Si
477 2802 587 2856 videbas
598 2803 697 2868 (uren,
716 2801 891 2856 coercueretus
912 2801 937 2854 ci
955 2799 1019 2870 (48),
1034 2804 1061 2854 et
1110 2801 1204 2857 iacere
1223 2801 1390 2864 debeamus,
1405 2802 1440 2856 de
1461 2801 1605 2871 praeterito
1625 2799 1749 2871 ignoscit
1769 2798 1842 2872 quod
1855 2797 1910 2851 sim·

244 2902 316 2954 inter
336 2898 448 2954 manlios
468 2896 634 2967 particulam
664 2894 717 2964 tte)
736 2895 855 2965 ponebas
877 2894 959 2965 (Psal.
987 2909 1058 2960 mu,
1110 2895 1223 2966 pliciter
1250 2895 1422 2950 erravimus.
1455 2895 1487 2948 Et
1511 2895 1578 2966 quia
1604 2894 1665 2964 jam
1700 2893 1836 2948 secundus
1858 2891 1910 2962 ejus

249 2991 356 3063 itt-te).
380 2991 525 3062 lixponere
561 2988 639 3044 enim
665 2988 881 3059 J'ustiircationes
911 2984 1008 3061 388
1033 2991 1061 3042 et
1112 2989 1250 3044 adrentus
1282 2989 1362 3044 nobis
1394 2988 1620 3061 appropinquat,
1651 2988 1801 3060 magisne
1828 2983 1910 3056 magis

246 3091 452 3141 testamentum
470 3083 592 3151 Domini,
605 3086 633 3138 ei
646 3098 702 3137 non
719 3082 771 3136 hoc
789 3081 866 3136 idem
880 3081 973 3136 iacere
984 3081 1097 3178 quode
1111 3084 1232 3155 benigna
1249 3083 1311 3155 ejus
1323 3088 1350 3138 et
1375 3085 1457 3154 larga
1470 3081 1598 3154 dignatio
1625 3083 1711 3138 corda
1738 3086 1830 3136 nostra
1857 3080 1910 3133 luce

246 3179 349 3236 lecerit
368 3178 517 3245 Dominus,
542 3176 612 3247 quid
635 3175 712 3230 eliud
739 3181 781 3230 est
804 3191 889 3247 quem
916 3193 1064 3243 sermones
1114 3177 1400 3235 veriatisilluminat.

247 3271 438 3344 ejusabjicere
451 3273 480 3326 ei
489 3270 666 3342 disciplinam
675 3269 852 3326 Dominicam
865 3279 1061 3345 contemnere,
1149 3273 1213 3327 lilll.
1232 3271 1369 3343 Religioni
1385 3270 1474 3342 igitur
1487 3274 1591 3326 nostrae
1603 3269 1738 3342 congruit
1748 3273 1776 3324 et
1787 3266 1877 3323 timori
1889 3270 1912 3320 et

247 3382 300 3421 nec
322 3369 434 3420 terrena
451 3363 502 3419 sed
524 3363 662 3434 spiritalia
676 3362 750 3418 iuria
775 3367 803 3418 el
824 3364 963 3422 adulteria
986 3386 1062 3425 com·
1112 3364 1209 3440 389
1236 3366 1289 3437 ipsi
1313 3366 1373 3420 loco
1396 3368 1481 3436 atque
1513 3363 1606 3420 allicio
1637 3363 1790 3419 sacerdotii
1816 3359 1910 3424 nostri,

247 3459 373 3526 nuttere,
387 3459 457 3514 dum
481 3457 543 3528 quis
564 3456 728 3527 evangelica
748 3458 865 3513 veritate
886 3458 997 3517 iuratur
1011 3465 1062 3518 Do-
1111 3461 1199 3516 irater
1221 3459 1396 3527 charissime,
1411 3459 1440 3514 in
1462 3456 1606 3514 Dominico
1629 3457 1716 3514 calice
1739 3455 1875 3512 miscendo
1889 3456 1912 3507 oi

247 3550 1061 3625 mininostrirerbaeilacta,corrumpitatqueadulterat
1111 3553 1255 3610 offerendo
1280 3553 1421 3609 custodire
1450 3552 1613 3608 traditionis
1638 3551 1796 3608 Dominica
1822 3547 1911 3604 rarite-

899 3785 901 3792 ,
935 3705 1040 3770 Variae
1067 3707 1237 3772 lectiones.

285 3841 304 3875 ⁸³
318 3840 359 3892 De
371 3841 446 3905 ligno
456 3843 483 3892 et
496 3839 588 3904 lapide
599 3840 652 3891 NG.
667 3839 690 3890 ἱ.
723 3840 745 3875 ⁸⁸
755 3841 815 3892 Non
832 3840 956 3893 ambulat
970 3842 1047 3892 Ebor.
1092 3843 1113 3876 ⁸³
1129 3841 1255 3892 Mandaei
1267 3841 1320 3891 ΝΟ.
1331 3839 1356 3889 2.

896 3953 1008 4036 Steph.
1033 3953 1155 4016 Bnluaii
1179 3957 1276 4014 notae.

281 4099 328 4162 (liii
360 4099 498 4162 Scriptura
525 4099 603 4148 euim.
631 4097 765 4151 Undecim
791 4100 855 4152 libri
885 4105 1004 4165 veteres,
1033 4105 1061 4152 ei
1111 4100 1244 4163 scriptum
1267 4101 1309 4149 esi
1333 4095 1579 4160 pseudoprophetas.
1608 4092 1690 4155 Quod
1726 4092 1846 4143 fortassis
1879 4091 1915 4138 est

247 4171 275 4222 in
299 4171 342 4220 his
370 4169 576 4232 Seguieriauus,
607 4169 708 4220 omissa
732 4173 871 4222 mentione
896 4174 982 4234 panis,
1025 4173 1062 4221 ita
1112 4173 1220 4224 meiius.
1235 4169 1303 4220 Nam
1322 4168 1477 4232 Cyprianus
1495 4167 1522 4215 in
1543 4164 1613 4215 libro
1635 4165 1667 4215 de
1684 4165 1788 4214 Unitcte
1799 4161 1913 4220 Ecclesia,

248 4239 567 4292 reterrrntlrunclncum
592 4255 597 4288 :
621 4241 760 4303 Scriptura
781 4243 850 4290 euim
873 4242 1062 4306 dirr'iutquo·
1112 4255 1174 4308 pag.
1203 4241 1257 4301 tor,
1282 4239 1404 4290 reterens
1427 4237 1513 4287 alium
1541 4235 1634 4286 iocum
1664 4249 1697 4286 en
1725 4232 1914 4296 eodemcapite

250 4315 400 4375 tiescunquo
427 4309 532 4360 calicem
558 4313 586 4359 in
610 4313 883 4362 commemorationem
911 4314 1015 4362 Domini
1040 4317 1063 4362 et
1112 4312 1241 4364 ieremias
1279 4311 1380 4372 legitur
1415 4306 1520 4358 dixisse
1540 4321 1546 4353 ι
1566 4306 1653 4357 Nolite
1679 4304 1775 4356 audire
1798 4313 1915 4354 sermones

248 4383 387 4448 passionis,
399 4385 451 4432 etc.
1112 4379 1408 4445 pseudoprophetarum.

280 4455 329 4516 (itit
357 4453 388 4500 Et
414 4450 517 4501 stanit.
544 4450 666 4502 Rursum
699 4450 746 4502 hic
767 4451 846 4502 locus
872 4451 994 4503 ostendii
1015 4464 1064 4502 au·
1149 4452 1198 4514 (51)
1214 4452 1312 4500 tuanen
1336 4447 1432 4500 saculi.
1454 4447 1565 4499 Retinui
1587 4447 1659 4498 banc
1683 4447 1838 4502 tectionem.
1860 4442 1914 4507 qnia

250 4523 368 4582 deciam,
382 4522 578 4586 negligentiam
597 4525 624 4572 et
647 4523 823 4572 oscitantiam
841 4527 966 4574 veterum
980 4502 1104 4575 libra-D
1116 4522 1191 4572 illam
1214 4521 1310 4571 inveni
1335 4522 1364 4570 in
1381 4519 1523 4569 sexdecim
1545 4517 1690 4570 codicibus
1704 4517 1834 4582 antiquis.
1849 4515 1914 4564 Atio·

248 4596 362 4645 riorum.
379 4592 499 4655 Quidam
514 4593 587 4643 enim
603 4592 666 4643 iibri
681 4596 788 4644 veteres
801 4593 908 4644 hebeni
924 4599 948 4644 et
959 4593 1065 4654 viderit,
1116 4595 1165 4659 qui
1178 4593 1363 4658 praetulissem
1387 4605 1449 4642 eam
1466 4603 1530 4654 quea
1550 4591 1635 4642 habet
1654 4590 1700 4640 lue
1720 4589 1822 4651 mundi,
1842 4598 1914 4650 quam

250 4665 307 4724 alii,
328 4669 352 4716 et
375 4663 482 4724 vitieris,
503 4663 549 4713 sed
567 4663 635 4724 uide,
654 4663 700 4714 aad
723 4663 830 4726 uideris,
851 4663 896 4715 sed
921 4665 1065 4715 rideamus.
1116 4669 1143 4717 et
1158 4670 1265 4716 veteres
1284 4665 1419 4716 editiones
1440 4667 1467 4714 et
1490 4664 1612 4728 quinque
1635 4661 1699 4712 libri
1719 4665 1824 4712 veteres
1843 4657 1914 4706 exhi-

248 4737 366 4801 Aliquns
380 4734 455 4786 enim
476 4733 576 4784 barum
596 4734 749 4785 lectionum
769 4736 851 4786 taleas
873 4747 935 4786 esee
952 4747 1067 4786 necsme
1116 4737 1193 4797 beni,
1207 4737 1260 4786 nisi
1274 4735 1349 4800 quod
1364 4736 1392 4784 in
1408 4734 1571 4787 carnotensi
1584 4733 1718 4798 scripturn
1736 4738 1776 4783 est
1788 4723 1914 4780 nundinet

248 4811 298 4858 est.
1115 4807 1212 4858 saculi.
1229 4806 1326 4870 Κόσμον
1348 4805 1433 4867 enim,
1457 4804 1532 4869 quod
1551 4809 1591 4855 est
1613 4805 1642 4854 in
1659 4803 1768 4865 Graeco,
1790 4797 1915 4864 significet

281 4879 328 4939 ili)
341 4877 511 4941 increpantis.
530 4876 656 4938 Quntuor
669 4879 777 4943 antiqui
794 4877 906 4930 codices
918 4877 956 4928 lia
971 4876 1066 4927 distin·
1116 4879 1225 4942 proprie
1238 4877 1384 4928 mundum.
1403 4875 1474 4925 Unde
1485 4881 1509 4926 et
1520 4875 1611 4936 Greci,
1634 4875 1726 4940 inquit
1740 4872 1914 4924 Tertullianus

250 4947 573 5014 gunni,oijurqationem
596 4949 713 5000 Domini.
734 4950 898 5013 increpantis
918 4962 973 5000 oon
988 4954 1025 4999 est
1038 4949 1067 4997 in
1116 4951 1144 5000 in
1168 4948 1339 5013 Apoioqetiao‚
1358 4960 1452 4997 nomeu
1479 4947 1577 4998 munao
1595 4946 1692 5008 Κόσμον
1719 4942 1914 4996 accommodam-

249 5016 362 5068 Psatmo.
1116 5024 1187 5069 runt.
1202 5019 1241 5069 lia
1254 5020 1336 5070 etiam
1347 5016 1776 5079 sanctusHilarius,inlibr01de
1790 5013 1914 5064 lumitate.

282 5087 577 5151 (satannianorum.
606 5087 653 5139 Sic
676 5091 909 5155 attemptatis,
932 5090 1065 5156 pagxtitt,
1116 5091 1233 5152 Plinius,
1251 5091 1298 5140 lib.
1314 5103 1342 5150 u,
1362 5104 1421 5153 cap.
1442 5091 1477 5140 l:
1498 5107 1512 5134 n
1529 5088 1599 5138 Nam
1618 5100 1702 5152 quem
1718 5087 1814 5150 Κόσμον
1834 5081 1914 5134 Graeci

251 5156 300 5208 ubi
327 5159 405 5208 locus
429 5159 481 5208 iste
515 5159 640 5220 retertur,
666 5160 854 5212 Tertullianus
879 5164 907 5212 in
933 5163 1005 5212 libro
1035 5163 1067 5211 de
1115 5165 1229 5212 nomine
1257 5163 1411 5213 ornamenti
1448 5159 1671 5224 appellaverunt,
1699 5171 1763 5209 eum
1788 5161 1813 5208 et
1835 5163 1915 5205 nasa

251 5228 411 5291 Spectaculis
420 5233 446 5278 et
456 5227 570 5292 quidam
583 5229 646 5279 libri
659 5235 765 5282 veteres
777 5230 881 5284 habent
890 5231 1066 5283 concurrebas
1115 5235 1236 5297 perlecta
1272 5231 1454 5297 absoluteque
1488 5231 1624 5294 elegantia
1650 5229 1795 5280 muudum.
1818 5245 1831 5272 >r
1855 5221 1915 5272 vide

250 5311 358 5348 cumea.
383 5297 447 5360 Quo
468 5301 552 5349 etiam
573 5298 657 5350 modo
673 5301 775 5364 legitur
792 5303 820 5352 in
846 5301 1066 5367 epistolaSiricii
1115 5303 1291 5356 Ludovicum
1328 5303 1447 5355 Caelium
1475 5303 1673 5366 Rhodiginum,
1702 5301 1748 5352 lib.
1771 5313 1788 5361 1,
1812 5311 1866 5362 cap.
1893 5295 1913 5342 ll-

253 5368 335 5432 Papae
349 5367 384 5418 ad
399 5368 551 5419 Himerium.
565 5369 684 5433 Quidam
698 5373 744 5422 alii
765 5373 845 5423 simul
869 5373 995 5424 currebas
1007 5385 1066 5423 cum
1116 5374 1293 5439 Quamquam
1306 5389 1402 5426 rerum
1415 5379 1458 5425 eet
1471 5375 1619 5438 scriptores
1639 5371 1837 5424 ecclesiasticos
1851 5377 1915 5428 sape

252 5452 290 5489 eo.
306 5439 398 5500 Quem
423 5439 572 5490 lectionem
596 5442 736 5493 Panaetius
760 5445 799 5494 ait
821 5455 850 5495 se
871 5445 1010 5496 invenisse
1037 5444 1066 5493 in
1115 5459 1249 5509 usurpare
1266 5447 1464 5510 saeculumpro
1479 5446 1593 5498 mundo.

252 5508 548 5574 codiceAltligemeual
564 5515 590 5563 et
608 5513 635 5562 in
648 5512 816 5566 Coloniensi.
1147 5519 1196 5578 (aar
1221 5517 1362 5580 l'inqentes.
1394 5516 1526 5581 Quinque
1549 5515 1611 5566 libri
1632 5519 1739 5568 veteres
1764 5518 1791 5564 et
1813 5508 1915 5571 hiltiga-

284 5581 334 5643 tltii
347 5582 519 5632 Particutam.
534 5583 565 5633 lu
578 5584 746 5648 quibusdam
768 5587 973 5650 exemplaribus
994 5587 1066 5637 auti·
1115 5588 1220 5638 mensis
1250 5601 1266 5638 a
1298 5587 1419 5638 Pamelio
1455 5587 1584 5638 laudatus
1619 5585 1721 5638 habent
1756 5584 1914 5649 baptizantes,

253 5656 325 5721 quis,
339 5655 439 5719 legitur
458 5657 612 5720 portionem.
634 5659 697 5722 Quo
718 5661 802 5711 etiam
823 5661 907 5712 modo
931 5664 1066 5726 scriptum
1115 5658 1213 5710 eodem
1228 5671 1321 5710 sensu.
1338 5659 1385 5710 Sic
1401 5659 1506 5723 placuit
1527 5659 1646 5710 librariis
1669 5659 1776 5709 mutare
1792 5667 1839 5720 pro
1851 5649 1914 5700 arbi-

254 5732 296 5780 asi
309 5729 337 5779 in
349 5729 466 5794 epistola
480 5730 520 5792 68,
536 5733 565 5782 et
578 5732 606 5781 in
621 5733 737 5797 epistota
748 5732 847 5785 Stricti.
1116 5731 1167 5780 trio
1182 5743 1233 5781 suo
1247 5731 1383 5782 dictiones
1395 5733 1483 5784 sancti
1496 5730 1636 5798 Cypriani.
1962 5731 1963 5734 ’

284 5807 330 5886 (50)
359 5809 399 5860 Aa
428 5810 576 5876 propbetas.
615 5813 647 5863 ln
674 5811 784 5864 duobus
808 5813 886 5865 libris
923 5811 1066 5864 veteribus
