4102 6210
212 217 248 280 29
872 203 905 268 i).
926 203 1109 272 annonam
1127 201 1257 268 ranaldi
1869 203 1903 268 to

212 347 299 405 audit
314 344 497 402 Eirmilianus
512 364 526 394 ιι
541 359 590 398 eos
605 340 656 416 qui
670 341 772 398 Roma
790 345 857 396 sunt
868 356 925 396 non
946 355 979 393 ea
994 339 1023 394 in
1040 338 1174 394 omnibus
1190 336 1343 393 observare
1356 351 1420 409 quae
1435 335 1492 392 sint
1504 334 1540 392 ab
1556 333 1669 408 origine
1688 334 1803 404 tradita,
1816 334 1904 390 veluti

217 437 292 492 circa
315 435 503 491 celebrandos
519 433 581 488 dies
604 432 739 502 Paschae3
755 450 769 481 ι
784 447 819 485 ex
839 446 897 502 quo
918 427 1001 483 lacile
1015 427 1186 498 intelligitur
1200 426 1269 498 quid
1292 425 1326 481 de'
1348 425 1550 484 traditionibus
1572 441 1631 480 non
1654 424 1765 497 scriptis
1785 421 1906 480 senserit

218 524 408 581 Firmilianus.
424 527 454 580 3ι
469 523 593 594 Objectae
618 521 654 576 ab
666 520 833 578 adversariis
848 517 992 574 traditioni
1005 517 1089 572 aliam
1107 517 1228 588 opponit
1240 515 1400 587 Cyprianus
1423 513 1459 570 da
1474 531 1530 587 qua
1544 531 1578 570 ex
1590 516 1710 585 utraque
1732 518 1814 586 parte
1835 529 1903 568 con-

219 614 378 672 veniebat:
396 634 410 663 a
423 613 478 668 Nec
501 613 654 685 quisquam
680 611 795 680 dicata
819 608 913 680 inquit
928 606 958 662 in
978 606 1067 679 Epist.
1082 606 1120 661 od
1138 605 1233 660 lobni.
1250 606 1327 677 (pag.
1343 605 1414 677 133),
1429 606 1505 677 quod
1527 605 1689 676 accepimus
1713 603 1748 658 ab
1770 601 1906 674 apostolis
2016 601 2017 608 ’

219 702 274 759 hoc
299 701 458 774 sequimur,
474 700 592 774 quando
605 699 729 773 apostoli
744 714 801 755 nou
819 697 873 752 nisi
888 713 976 753 unam
992 695 1142 753 Ecclesiam
1166 694 1344 751 tradidenrnt
1358 700 1387 752 et
1408 694 1550 766 Baptisma
1562 709 1664 761 unum,
1679 692 1758 764 quud
1771 708 1830 748 ιιοιι
1852 691 1905 746 nisi

215 793 245 850 in
257 789 360 848 eadem
370 789 540 847 Ecclesiasit
549 787 738 845 constitutum
745 806 754 860 3
767 793 795 843 at
802 786 947 844 neminem
957 785 1134 843 inveniamus
1143 784 1178 840 ab
1189 783 1332 858 39-40
1343 783 1488 856 apostolis,
1497 799 1562 839 cum
1572 783 1649 854 apud
1658 781 1806 837 haereticos
1815 780 1907 852 bapti·
2016 863 2017 866 Ἴ

216 887 297 937 zatus
313 883 396 948 esset,
409 879 440 935 in
466 879 568 934 eodem
582 875 727 950 Baptismo
741 874 899 932 admissum
919 892 979 932 esee
995 877 1024 930 et
1038 873 1275 942 communicasse,
1286 876 1319 928 ιιι
1338 873 1492 928 videantur
1504 871 1624 944 apostoli
1639 870 1782 942 baptisma
1794 870 1905 926 bereti-

217 985 321 1027 corum
344 969 520 1041 probasse.»
537 969 571 1023 Et
594 967 623 1022 in
647 965 736 1039 Epist.
751 981 843 1033 cxxiv,
860 981 889 1036 p.
905 965 951 1020 141
968 981 974 1020 :
990 984 1003 1016 a
1017 964 1097 1028 Quod
1118 971 1146 1019 et
1168 979 1244 1019 nunc
1263 964 1356 1019 lacere
1379 967 1492 1036 oportet
1511 962 1562 1018 liei
1582 962 1743 1018 sacerdotes
1766 964 1907 1032 praecepta

214 1062 311 1118 divina
335 1064 487 1128 servantes,
503 1062 535 1114 ιιι
549 1057 572 1112 ιι
594 1057 624 1112 in
639 1055 734 1128 aliquo
758 1055 902 1110 nutaverit
916 1060 945 1110 et
966 1053 1137 1110 vacillaverit
1157 1053 1271 1123 veritas,
1287 1053 1323 1108 ad
1345 1052 1490 1124 originem
1511 1051 1689 1108 Dominicam
1708 1053 1737 1106 et
1759 1049 1795 1106 ad
1818 1065 1905 1104 evan-

217 1150 341 1222 gelicam
371 1152 458 1220 etque
483 1146 665 1220 apostolicam
692 1143 875 1202 traditionem
899 1149 1086 1212 revertamur,
1099 1145 1128 1198 et
1150 1142 1218 1198 inde
1239 1147 1427 1213 surgatactus
1448 1141 1537 1198 nostri
1556 1142 1626 1196 ratio
1641 1140 1717 1196 vinde
1739 1143 1767 1195 et
1781 1139 1852 1194 ordo
1876 1139 1906 1192 et

221 1240 303 1311 origo
337 1239 469 1294 surrexit.
483 1237 629 1293 Traditum
654 1242 695 1291 est
711 1223 788 1290 enirn
802 1233 883 1290 nobis
896 1233 973 1306 quod
989 1231 1026 1288 sit
1046 1248 1120 1287 vinos
1133 1233 1205 1287 Deus
1222 1236 1248 1286 et
1262 1231 1387 1286 Christus
1402 1247 1484 1298 unus,
1500 1236 1529 1286 et
1546 1247 1603 1286 una
1618 1246 1681 1301 spes
1695 1231 1725 1284 et
1746 1228 1818 1283 tides
1834 1243 1903 1294 una,

216 1333 245 1385 et
277 1343 336 1384 una
357 1327 482 1384 Ecclesia
504 1333 532 1382 et
558 1325 701 1397 Baptisma
722 1340 821 1393 unum,
837 1343 851 1374 u
876 1327 929 1378 etc.
943 1323 973 1376 ιθ
987 1322 1063 1378 Adeo
1086 1321 1244 1393 Cyprianus
1266 1326 1294 1374 et
1316 1320 1495 1376 l'irmilianus
1514 1317 1695 1377 traditionem
1716 1335 1733 1374 a
1754 1317 1907 1389 scripturis

217 1436 278 1475 non
303 1417 456 1487 divellunt,
471 1416 542 1473 adeo
558 1417 638 1471 nefas
654 1431 712 1470 esse
726 1414 835 1469 ducunt
849 1411 884 1466 ab
906 1410 1037 1466 Ecclesiae
1057 1410 1225 1465 auctoritate
1247 1409 1276 1464 in
1290 1409 1510 1481 interpretandis
1527 1409 1681 1480 Scriptus-is
1703 1407 1860 1474 discedere,
1876 1411 1907 1460 ut

217 1507 423 1565 hereticorum
438 1507 583 1578 baptisma
599 1504 713 1560 irritum
738 1519 799 1558 essa
815 1502 870 1558 hoc
885 1499 971 1556 etiam
993 1501 1167 1571 argumento
1182 1505 1323 1572 pugnent,
1337 1499 1414 1572 quod
1432 1499 1558 1555 baeretici
1580 1513 1686 1554 nomeu
1700 1497 1789 1552 Patris
1804 1501 1833 1551 et
1845 1494 1907 1550 Filii

222 1602 251 1654 et
268 1596 393 1668 Spiritus
409 1595 499 1650 sancti
514 1597 600 1666 atque
615 1593 700 1648 etiam
714 1591 787 1664 ipsas
802 1589 1051 1662 interrogationes,
1066 1588 1190 1644 «Credis
1209 1588 1410 1644 remissionem
1423 1593 1605 1661 peccatorum
1621 1592 1649 1644 et
1662 1587 1751 1642 vitam
1766 1591 1906 1642 aeternam

218 1703 271 1760 per
287 1689 414 1742 sanctam
431 1683 594 1748 Ecclesiam,
611 1705 625 1734 ι
641 1683 725 1739 aliter
736 1698 770 1738 ac
782 1681 907 1737 Ecclesia
920 1680 1178 1752 interpretarentur
1191 1678 1230 1751 (p.
1245 1679 1383 1764 ¹³l‚‚¹45‚
1399 1677 1471 1751 154).

218 1821 275 1876 vlt.
289 1850 325 1863 -
341 1833 584 1876 conviannrvorvaa
603 1835 656 1876 aaa
683 1831 831 1875 consumta
849 1833 874 1870 s.
893 1830 1042 1872 caraunus
1060 1829 1114 1870 cna
1134 1829 1302 1870 ιιιιοιιτιοιι
1326 1829 1439 1872 unauna
1466 1831 1493 1872 nv
1512 1829 1667 1872 ascaricus
1691 1827 1856 1870 nausearis.
1870 1840 1905 1851 -

714 1921 952 1965 constanciacus
971 1920 1050 1961 ιιιιιιιι
1074 1919 1247 1960 sacrasacra
1270 1918 1406 1960 nuaram.

253 2027 320 2096 yvon
342 2026 411 2082 levis
424 2025 469 2081 hic
491 2027 611 2098 questio
634 2023 812 2090 excutienda,
825 2025 923 2078 utrum
944 2019 1103 2093 Cyprianus
1124 2036 1159 2076 eo
1180 2035 1277 2076 errore
1299 2019 1479 2089 laboraverit,
1493 2036 1580 2093 quem
1599 2019 1625 2076 ei
1647 2037 1664 2076 a
1686 2018 1782 2075 multis
1805 2017 1904 2089 effingi

218 2117 313 2187 video,
330 2121 363 2172 ut
375 2115 594 2188 impositionem
607 2115 684 2170 illam
699 2128 848 2181 manuum,
860 2127 946 2184 quam
962 2110 1088 2165 haretici
1102 2109 1253 2164 redeuntes
1266 2109 1394 2182 accipere
1413 2110 1554 2178 solebant,
1568 2109 1798 2166 Confirmationis
1811 2123 1902 2163 sacra·

218 2206 348 2259 mentum
370 2218 432 2258 esse
449 2202 591 2258 crederet.
611 2202 720 2258 Eruditi
738 2200 790 2255 viri
809 2199 917 2254 Natalis
932 2199 1089 2255 Alexander
1110 2201 1232 2270 (Dissert.
1249 2215 1266 2252 n
1286 2200 1360 2270 saec.)
1374 2206 1403 2256 et
1422 2204 1522 2258 auctor
1539 2217 1619 2256 novae
1636 2199 1767 2255 editionis
1786 2200 1904 2254 Littera·
1948 2199 1953 2212 ’

224 2307 284 2349 rum
298 2306 461 2347 summorum
476 2291 556 2346 Poat.
572 2291 640 2346 scite
654 2291 694 2345 illi
712 2288 830 2363 quidem
845 2288 1044 2344 demonstrant
1063 2287 1274 2359 impositionem
1290 2306 1429 2345 manuum
1446 2289 1476 2345 in
1489 2289 1636 2345 haereticos
1648 2289 1800 2344 redeuntes
1819 2286 1905 2356 longe

218 2383 323 2439 distare
347 2385 529 2436 sacramento
550 2380 782 2438 confirmationis
794 2397 800 2448 ;
814 2396 867 2435 nec
887 2379 1065 2450 Stephanum
1085 2395 1188 2452 papam
1203 2380 1458 2437 confirmationem
1478 2381 1581 2436 iterare
1605 2380 1738 2446 voluisse,
1752 2393 1818 2433 curn
1837 2377 1905 2432 satis

221 2488 283 2529 esse
308 2471 496 2526 contenderet
516 2485 637 2526 manum
652 2469 795 2525 hereticis
809 2468 995 2524 redeuntibus
1016 2467 1221 2540 imponerent
1241 2470 1403 2543 acciperent
1422 2471 1559 2544 Spiritum
1582 2473 1722 2526 sanctum.
1738 2469 1791 2526 Sed
1815 2469 1905 2524 iidem

218 2560 393 2633 Cyprianum
419 2559 585 2616 existimant
606 2559 832 2616 adversariorum
854 2557 1024 2614 senteutiam
1046 2555 1141 2612 minus
1166 2557 1348 2630 intellexisse,
1367 2562 1463 2633 sicque
1486 2577 1552 2616 cum
1575 2559 1628 2616 illis
1651 2576 1803 2632 pugnasse,
1825 2559 1905 2630 quasi

223 2650 481 2708 Confirmationem
504 2650 534 2704 ιιι
549 2649 651 2704 haeresi
672 2651 815 2720 acceptam
834 2647 981 2703 iterarent.
994 2646 1183 2702 Prolemntur
1205 2648 1338 2703 adversus
1356 2649 1527 2722 cyprianum
1550 2649 1611 2704 haee
1631 2648 1720 2720 ipsius
1741 2647 1917 2714 testimonia

225 2759 240 2790 ιι
260 2737 341 2803 Quod
356 2735 380 2791 si
401 2737 555 2792 meandum
570 2735 826 2808 presumentem»
845 2735 940 2806 inquit
952 2735 982 2790 in
997 2734 1083 2806 Epist.
1099 2737 1136 2790 aad
1157 2736 1335 2799 tuscianum.
1349 2736 1424 2810 (pag.
1443 2737 1515 2811 131),
1531 2759 1544 2792 ιι
1562 2737 1699 2809 baptizavi
1719 2738 1821 2808 aliquis
1833 2735 1904 2791 ioris

220 2831 248 2883 et
267 2825 418 2882 remissam
432 2831 617 2899 peccatorum
639 2824 776 2896 consequi
795 2824 897 2897 potuit,
912 2823 1067 2880 secundem
1086 2825 1215 2880 eamdem
1231 2825 1316 2881 ildem
1336 2827 1473 2899 consequi
1487 2827 1624 2898 Spiritum
1645 2829 1773 2882 sanctum
1787 2824 1901 2898 potuit:
1965 2830 1969 2838 '

219 2919 247 2971 et
259 2931 317 2970 non
332 2918 375 2970 est
396 2929 515 2969 necesse
529 2913 654 2969 venienti
667 2928 785 2968 manum
802 2913 923 2985 imponi,
937 2920 969 2969 ut
982 2912 1121 2985 Spiritum
1142 2916 1271 2970 sanctum
1286 2919 1474 2988 consequatur
1487 2922 1515 2972 et
1527 2917 1667 2989 signetur.
1682 2920 1736 2972 Aut
1749 2921 1903 2988 utrumque

220 3004 298 3060 enim
314 3003 385 3062 tides
401 3003 471 3058 ioris
491 3001 595 3074 potuit,
609 3005 659 3057 aut
672 3005 806 3058 neutrum
821 3018 923 3058 eorivm
938 3001 987 3075 qui
1009 3002 1078 3058 foris
1095 3003 1193 3059 iuerat
1215 3005 1333 3075 accepit,
1350 3007 1379 3059 et
1392 3021 1460 3076 pag.
1476 3008 1526 3062 136
1543 3021 1550 3060 :
1569 3026 1582 3054 ι(
1598 3004 1736 3076 baptizari
1749 3020 1798 3059 eos
1817 3020 1903 3076 opor·

105 3109 109 3116 ·
218 3097 260 3151 tet
272 3095 321 3166 qui
336 3094 371 3150 de
391 3093 495 3148 haeresi
511 3091 548 3147 ad
561 3091 715 3148 Ecclesiam
730 3092 857 3162 veniunt,
874 3099 906 3149 ut
926 3093 974 3163 qni
990 3092 1120 3162 legitimo
1142 3099 1170 3147 et
1193 3093 1275 3147 unico
1295 3097 1398 3149 sanctae
1418 3094 1548 3149 Ecclesia
1566 3095 1709 3166 Baptismo
1733 3095 1768 3149 ad
1781 3110 1903 3166 regnum

220 3183 269 3240 Dei
282 3181 497 3254 regeneratione
517 3180 614 3237 divina
627 3186 835 3253 praeparantur,
849 3185 1027 3236 sacramento
1043 3185 1162 3252 utroque
1178 3183 1341 3250 nascantur,
1357 3181 1423 3253 qnia
1442 3182 1636 3254 scriptumlest
1653 3185 1735 3241 :Nisi
1748 3184 1809 3253 qais
1823 3198 1904 3238 rena·

221 3276 265 3327 tus
285 3273 371 3340 fuerat
389 3285 423 3327 en
444 3286 518 3340 equa
542 3276 567 3325 rt
585 3271 701 3341 Spiritu,
716 3287 770 3326 aon
789 3276 879 3342 potest
900 3273 1064 3326 introirem
1089 3288 1222 3341 rapnum3
1247 3293 1261 3322 ι
1286 3277 1314 3326 et
1335 3272 1365 3327 in
1386 3273 1473 3343 Epist.
1488 3273 1526 3328 ad
1544 3275 1724 3344 Stephanum,
1737 3288 1804 3345 pag.
1821 3274 1871 3327 l28
1896 3292 1902 3328 :

221 3380 236 3411 a
254 3361 333 3416 Tunc
355 3359 433 3414 enirn
448 3359 566 3414 demum
590 3359 673 3431 plene
687 3359 859 3416 sanctificari
880 3365 909 3415 et
929 3376 987 3416 esse
1003 3360 1053 3415 fibi
1076 3361 1125 3416 Dei
1138 3365 1267 3432 possunt,
1283 3361 1305 3415 si
1319 3364 1495 3417 sacramento
1514 3365 1636 3434 utroque
1659 3367 1822 3428 nascantur,
1837 3377 1904 3416 cum

222 3446 358 3520 scripturn
382 3451 417 3502 ιιι
434 3463 441 3501 :
457 3449 518 3505 Nisi
530 3449 591 3518 quas
603 3454 725 3517 renone,
741 3453 795 3504 etc.
809 3469 823 3498 u
842 3449 873 3504 ln
888 3448 1021 3505 eamdem
1035 3449 1207 3504 sententiam
1223 3450 1349 3522 loquitur
1368 3450 1581 3507 Nemesianusa
1598 3451 1713 3506 Tubulia
1732 3451 1763 3506 in
1785 3449 1905 3506 concilio

197 3587 200 3592 .
220 3535 440 3608 Carthaginensi
456 3553 462 3590 ι
480 3555 494 3586 κ
508 3537 578 3592 Male
598 3552 668 3609 ergo
681 3537 733 3592 sibi
749 3537 868 3609 quidam
883 3537 1117 3610 interpretantur,
1132 3539 1236 3610 iuquit,
1253 3542 1284 3594 ιιι
1298 3539 1396 3594 dicant
1414 3541 1491 3612 qnod
1507 3556 1559 3613 per
1571 3557 1675 3595 manua
1690 3535 1905 3610 impositionem

222 3622 358 3695 Spiritum
373 3624 503 3678 sanctum
514 3623 654 3696 accipiant
664 3629 691 3680 et
706 3624 744 3680 sic
757 3625 941 3697 recipiantur,
953 3644 1018 3684 cum
1029 3627 1225 3698 manifestum,
1237 3629 1274 3684 ιιι
1285 3636 1406 3702 utroque
1419 3629 1719 3703 sacramentoldebare
1731 3646 1781 3685 eos
1794 3629 1906 3685 renasci

221 3713 251 3770 in
264 3711 390 3768 Ecclesia
403 3711 552 3767 catholica.
568 3735 582 3764 ι

256 3801 311 3858 Sed
325 3802 386 3856 bac
401 3800 564 3858 testimonia
585 3802 718 3859 videntur
731 3802 863 3876 explicari
878 3821 973 3876 posse,
988 3823 1039 3862 nec
1060 3806 1132 3862 mihi
1147 3807 1320 3880 persuadent
1334 3807 1506 3880 Cyprianum
1523 3806 1601 3882 inJre
1623 3811 1688 3865 ante
1702 3807 1800 3864 oculos
1815 3805 1907 3878 posita

224 3894 394 3950 oscitantem
409 3906 529 3959 errasse,
543 3907 576 3946 ae
591 3908 636 3946 res
650 3899 752 3948 natura
771 3898 800 3949 et
821 3911 873 3950 usu
886 3895 1018 3952 Ecclesia
1034 3895 1106 3952 adeo
1128 3895 1273 3952 distinctas
1288 3895 1424 3966 opinione
1438 3895 1608 3952 contudisse.
1623 3895 1699 3951 lilius
1719 3898 1817 3950 autem
1838 3910 1905 3949 sen-

220 3979 342 4038 tentiam
356 3975 522 4032 certissimis
533 3977 661 4050 vestigiis
674 3979 811 4053 indagare
824 3982 890 4038 licet
910 3984 940 4042 in
955 3986 1043 4058 Epist.
1060 3987 1097 4041 ud
1112 3989 1241 4055 Quintum
1258 3986 1297 4059 (p.
1313 3987 1384 4058 lev),
1397 3986 1446 4042 ubi
1461 3986 1499 4041 sic
1517 3987 1645 4058 loquitur
1661 4003 1667 4040 :
1686 4005 1699 4036 ι
1715 3985 1749 4040 Et
1763 3983 1906 4054 dicuntyse

221 4073 251 4128 in
273 4072 328 4127 hoc
346 4073 473 4124 veterem
494 4072 730 4128 consuetudinem
751 4075 841 4147 sequi,
858 4078 972 4150 quando
992 4079 1068 4151 apud
1087 4083 1197 4135 veteres
1213 4080 1352 4134 haereseos
1367 4077 1463 4149 prima
1486 4076 1580 4132 adbuc
1600 4075 1706 4130 luerint
1718 4074 1810 4141 initia,
1826 4079 1856 4128 ut
1876 4072 1907 4126 hi

220 4163 278 4219 illic
291 4165 385 4216 essent
401 4159 448 4232 qni
464 4158 499 4214 de
509 4160 632 4217 Ecclesia
645 4162 819 4221 recedebant
833 4171 860 4223 et
874 4167 919 4224 bic
933 4168 1065 4241 baptizati
1078 4169 1156 4240 prins
1171 4168 1303 4234 inerant;
1316 4185 1387 4241 quos
1400 4172 1497 4224 tamen
1512 4165 1548 4222 ad
1562 4165 1717 4221 Ecclesiam
1730 4167 1908 4222 revertentes

220 4258 250 4309 et
263 4251 457 4326 paenitentiam
477 4257 594 4323 agentes
613 4267 729 4310 necesse
741 4271 799 4311 non
813 4261 873 4312 erat
891 4257 1045 4330 baptizare.
1061 4258 1144 4324 Quod
1158 4275 1210 4314 nos
1223 4274 1336 4330 quoque
1349 4257 1434 4313 hodie
1446 4257 1641 4323 observamus,
1656 4261 1689 4310 ιιι
1708 4269 1780 4326 quos
1794 4254 1907 4306 constet

219 4341 266 4398 hie
283 4340 437 4412 baptizatos
454 4355 526 4410 esse,
543 4346 572 4395 et
591 4356 608 4395 a
628 4341 708 4398 nobis
728 4343 764 4399 ad
781 4345 931 4402 hereticos
949 4347 1093 4418 transisse,
1111 4348 1134 4404 si
1156 4347 1349 4420 postmodum,
1365 4349 1483 4420 peccato
1503 4362 1554 4401 suo
1575 4343 1690 4417 cognito
1703 4349 1731 4400 et
1749 4357 1845 4398 errore
1861 4341 1906 4396 di-

221 4432 313 4503 gesto,
327 4429 364 4484 ad
376 4428 526 4484 veritatem
544 4435 573 4484 et
585 4431 736 4487 matricem
750 4434 877 4507 redeant,
891 4437 958 4493 satis
972 4437 1009 4494 sit
1021 4442 1050 4494 in
1067 4438 1266 4510 poenitentiam
1280 4452 1399 4492 manum
1414 4435 1578 4506 imponere;
1595 4438 1635 4505 ut,
1652 4433 1718 4505 quia
1729 4431 1788 4487 ovis
1801 4432 1905 4497 iuerat,

219 4520 294 4576 hanc
311 4534 395 4576 ovem
409 4517 600 4574 abalienatam
613 4523 641 4574 et
655 4521 845 4580 errabundam
858 4525 887 4579 in
901 4526 974 4582 ovile
988 4544 1071 4583 suum
1085 4530 1185 4585 Pastor
1199 4526 1325 4599 recipiat.
1337 4548 1351 4578 ι
1369 4527 1431 4582 Νοιι
1443 4525 1473 4580 id
1488 4523 1586 4596 agitur
1595 4539 1683 4595 quam
1698 4527 1774 4578 recte
1787 4520 1905 4593 Cypria·

220 4625 276 4668 nus
295 4609 466 4666 adversariis
480 4609 659 4682 respondeat,
674 4612 723 4667 sed
745 4614 813 4686 quid
834 4617 1014 4687 respondeat.
1029 4620 1100 4676 enm
1114 4619 1160 4674 isti
1181 4616 1390 4675 contenderent
1402 4612 1540 4669 traditum
1560 4611 1596 4667 ab
1616 4609 1808 4684 apostolieae
1829 4623 1904 4664 sem-

219 4713 271 4770 per
291 4697 320 4753 ιιι
336 4695 461 4753 Ecclesia
482 4695 664 4753 observatum
680 4699 776 4769 luisse,
794 4703 824 4756 ιιι
838 4709 985 4778 acceptum
1008 4707 1037 4762 in
1051 4706 1153 4764 haeresi
1177 4708 1319 4780 Baptisma
1332 4721 1389 4760 non
1415 4703 1542 4769 iteretur,
1557 4699 1607 4755 sed
1626 4698 1816 4754 redeuntibus
1838 4711 1906 4754 cum

220 4787 276 4844 hoc
297 4785 473 4858 Baptismate
489 4786 630 4843 hereticis
646 4805 747 4846 manus
763 4797 874 4849 tantum
894 4796 924 4851 in
938 4797 1136 4868 poenitentiam
1150 4797 1336 4870 imponatnr;
1351 4793 1506 4864 respondet
1520 4789 1679 4864 Cyprianus
1692 4805 1750 4844 uon
1762 4787 1907 4844 immerito
2016 4799 2017 4820 t

221 4876 289 4932 olim
304 4874 456 4932 haereticos
477 4874 539 4930 siue
554 4875 699 4948 Baptismo
711 4885 857 4954 susceptos
876 4883 973 4956 luisse,
989 4887 1057 4959 quia
1080 4888 1158 4960 prius
1180 4885 1314 4959 baptizati
1327 4885 1358 4939 in
1374 4881 1500 4938 Ecclesia
1513 4880 1645 4948 fuerant;
1660 4893 1747 4951 seque
1762 4877 1839 4932 idern
1861 4877 1904 4933 fa·
2016 4879 2017 4912 ι

221 4982 284 5023 cere
298 4964 459 5040 profitetur,
473 4969 516 5033 ut,
532 4965 555 5020 si
577 4981 649 5038 quos
666 4984 702 5024 ex
721 4970 862 5028 haereticis
882 4973 911 5030 in
925 4977 1049 5032 Ecclesia
1072 4976 1222 5049 baptizatis
1237 4975 1379 5048 suscipiat,
1394 4988 1512 5030 manum
1530 4975 1641 5026 tantum
1656 4968 1685 5024 in
1705 4968 1904 5042 paenitentiam

220 5057 361 5129 imponat.
377 5053 438 5112 Uno
459 5055 556 5125 verbo,
571 5057 702 5114 concedit
713 5060 883 5118 adversariis
896 5065 970 5121 hane
984 5067 1188 5123 hereticorum
1204 5066 1435 5140 recipiendorum
1459 5060 1705 5128 consuetudinem,
1718 5075 1806 5132 quam
1824 5060 1907 5114 tanto
2015 5097 2017 5106 .

222 5145 317 5203 studio
339 5143 541 5214 defendebant,
557 5148 585 5200 et
598 5146 665 5203 olim
684 5154 849 5222 usurpatam
868 5153 965 5226 luisse,
982 5159 1011 5211 et
1032 5155 1166 5228 aseipso,
1180 5155 1228 5212 ubi
1244 5155 1310 5228 quid
1332 5153 1426 5210 simila
1448 5149 1591 5219 inciderit,
1606 5148 1746 5220 usurpari.
1762 5152 1798 5203 at
1819 5163 1907 5202 nemo

221 5233 323 5291 dixerit
343 5236 513 5307 Cyprianum
533 5235 779 5294 confirmationem
793 5247 842 5299 ant
862 5244 892 5300 in
915 5245 1047 5301 Ecclesia
1062 5245 1228 5318 primordiis
1249 5247 1381 5302 iteratam
1401 5239 1567 5310 credidisse,
1584 5241 1635 5295 aut
1646 5240 1751 5294 iterare
1773 5236 1908 5306 votuisse,

221 5325 333 5398 quoties
347 5324 488 5380 hereticis
507 5325 536 5379 in
550 5325 672 5382 Ecclesia
686 5331 751 5384 ante
771 5328 904 5389 baeresim
918 5335 1066 5408 baptizatis
1087 5352 1190 5392 manus
1202 5336 1232 5392 in
1247 5331 1449 5407 poenitentiam
1463 5333 1537 5388 esset
1557 5329 1744 5401 imponenda.
1759 5325 1909 5382 immerito

221 5423 290 5480 ergo
305 5423 442 5464 manuum
455 5408 486 5463 in
499 5408 651 5467 haereticos
667 5415 818 5474 redeuntes
828 5419 1044 5494 impositionem
1057 5442 1122 5480 cum
1136 5427 1313 5481 sacramento
1327 5421 1559 5480 confirmationis
1571 5417 1734 5476 contudisse
1747 5421 1908 5472 accusatur.

221 5496 400 5555 senientiam
416 5499 549 5572 cypriani
564 5503 759 5561 confirmatio
781 5510 901 5566 concilio
915 5515 1134 5586 Carthaginensi
1145 5517 1281 5572 Crescens
1295 5534 1313 5572 a
1328 5515 1436 5584 Cirtha,
1453 5513 1502 5588 qui
1522 5510 1707 5583 baptizandos
1722 5511 1819 5564 censet
1841 5522 1908 5562 om-

219 5601 272 5688 nes
293 5588 328 5643 ab
342 5587 445 5644 heresi
459 5597 488 5646 et
500 5591 650 5649 schismate
670 5595 831 5670 redeuntes,
847 5622 861 5652 a
875 5604 1002 5677 exceptis
1021 5604 1066 5660 his
1080 5621 1149 5660 sane
1164 5606 1257 5678 quiin
1271 5605 1393 5664 Ecclesia
1407 5603 1546 5662 catholica
1560 5602 1665 5658 luerint
1678 5605 1745 5655 ante
1758 5596 1908 5669 baptizati,

221 5690 288 5747 ΨΜ
302 5681 397 5734 [³⁰¹0ss
411 5681 442 5734 ”i
454 5696 508 5752 l)er
519 5699 620 5739 ¹¹¹⁸fl¹¹⁵
632 5687 846 5760 ifflp⁰⁵ffi⁰1¹0m
861 5693 890 5751 in
906 5695 1103 5770 penitentiam
1119 5697 1249 5754 Ecclesiae
1262 5697 1491 5754 reconcilientur.
1508 5716 1521 5746 ι

256 5765 311 5830 Sed
326 5783 377 5823 cur
396 5769 552 5848 Cyprianus
564 5777 695 5854 postulat
709 5785 740 5836 ut
754 5782 802 5856 qui
815 5784 845 5840 in
859 5785 964 5847 haeresi
985 5790 1120 5868 baptizati
1140 5799 1216 5870 sunt,
1230 5793 1383 5850 redeuntes
1394 5793 1429 5850 ad
1449 5790 1614 5868 Ecclesiam,
1631 5810 1646 5838 «
1667 5790 1790 5864 utroque
1811 5801 1908 5842 sacra·
2016 5789 2017 5826 l

2014 5603 2017 5642 l

2014 5695 2017 5734 l
