3978 6204
220 247 272 302 499
667 245 696 303 S.
716 247 873 304 tinniant
891 245 1030 306 OPERUM
1049 245 1135 304 Pstis
1155 247 1186 302 ll.
1203 273 1237 286 -
1255 245 1440 302 opuscola.
1841 253 1888 304 500

221 390 276 430 nec
298 373 471 446 rogarejam
493 376 589 444 posset
602 373 651 445 qui
673 373 759 428 verbs
779 375 815 430 ad
836 389 954 445 precum
976 373 1031 444 (77)
1043 375 1189 458 Αῑοπιοιέ
1211 376 1341 443 cogente,
1366 371 1469 442 quibus
1481 375 1594 443 poteret
1618 371 1726 427 indiciis
1746 373 1880 430 conscien-

222 466 445 523 misericordiam
464 482 523 522 non
542 465 668 522 haberet.
689 467 752 522 Alia
765 468 795 522 in
810 467 919 522 balneis
933 467 1034 522 consti·
1083 465 1154 522 tiam
1167 465 1235 520 iacti
1250 465 1280 521 iu
1300 465 1478 536 simplicibus
1501 465 1593 520 adbuc
1607 466 1689 520 anais
1711 465 1787 521 rudis
1800 467 1888 522 anima

223 565 283 616 tate
308 561 372 630 (hoc
392 559 467 614 enim
484 557 597 614 crimini
617 559 678 630 ejus
695 567 723 614 et
738 559 819 614 malie
841 561 940 616 deerat
951 561 986 628 ⁹⁰,
999 563 1032 614 nt
1086 558 1141 631 (82)
1158 559 1300 616 fatebatur
1314 559 1381 630 (88).
1397 558 1449 614 Ubi
1463 573 1530 614 vero
1544 558 1722 614 solemnibus
1736 558 1890 630 adimpletis

223 659 251 710 et
264 654 300 708 ad
322 651 440 708 balneas
457 653 552 707 statim
575 655 711 723 pergeret
734 669 798 724 quas
823 654 925 708 lavacri
945 653 1035 708 vitalis
1085 651 1201 708 calicem
1221 652 1355 708 diaconus
1377 653 1437 724 liii)
1464 651 1567 706 offerre
1592 651 1777 722 praesentibus
1800 652 1888 723 erepit,

222 741 345 812 gratiam
358 741 549 813 perdidisset),
565 741 621 796 illic
644 742 679 796 ab
701 742 851 797 immundo
865 743 967 814 spiritu
981 743 1035 797 im·
1085 747 1113 801 el
1128 745 1331 817 accipientibus
1354 745 1466 801 caeteris
1478 746 1556 800 locus
1568 745 1631 816 ejus
1650 745 1774 812 advenit,
1795 746 1889 801 taciem

223 837 331 891 munda
353 837 502 906 correpta,
522 835 638 890 laniavit
662 834 716 905 (78)
746 835 881 890 dentibus
904 834 1035 906 linguam
1085 839 1298 910 suamparrala
1317 838 1570 894 instinctudirioae
1584 837 1886 909 maiestatisavertsre,

223 947 287 1002 quse
299 929 393 984 iuerat
408 930 450 983 vel
474 932 555 1000 pasta
578 929 665 1000 impie
688 929 731 983 sel
748 930 851 984 locuta.
879 929 1035 1000 Postquam
1085 948 1116 988 os
1137 931 1219 986 labiis
1232 930 1432 988 obturantibus
1445 932 1500 1003 (85)
1523 945 1668 1003 premere,
1684 931 1801 988 calicem
1817 949 1889 988 recu·

224 1023 377 1076 sceleratus
390 1020 468 1076 cibus
478 1026 608 1091 sumptus
617 1026 669 1089 est,
683 1020 714 1075 in
724 1021 882 1091 perniciem
898 1037 978 1075 suam
992 1037 1036 1076 ra·
1085 1041 1157 1080 aare.
1184 1023 1311 1080 Perstitit
1332 1028 1426 1080 temen
1452 1023 1598 1093 diaconus,
1614 1027 1644 1079 et
1665 1025 1812 1080 reluctanti
1831 1025 1892 1080 lieet

223 1115 284 1170 bies
299 1114 356 1171 oris
371 1115 480 1170 armata
493 1119 544 1170 est.
559 1116 624 1186 ipsa
638 1113 682 1168 sui
693 1113 821 1170 caradex
836 1113 962 1180 exstitit,
985 1129 1036 1168 nec
1086 1119 1122 1174 de
1146 1122 1327 1174 sacramento
1349 1117 1444 1174 calicis
1469 1118 1583 1174 inludit.
1608 1119 1687 1174 Tunc
1701 1118 1830 1190 seqnitur
1842 1119 1892 1174 sin.

133 1273 135 1278 ,
226 1207 275 1264 diu
296 1223 444 1280 superesse
466 1206 650 1278 postmodum
675 1206 788 1278 potuit:
806 1205 951 1262 doloribus
972 1221 1036 1262 ven·
1086 1212 1182 1283 gultas
1203 1217 1231 1268 et
1252 1211 1385 1266 vomitus.
1414 1213 1445 1266 lu
1468 1227 1587 1283 corpore
1608 1215 1696 1283 atque
1718 1227 1769 1266 ore
1793 1211 1891 1267 violato

224 1302 277 1357 tris
290 1306 318 1357 et
332 1300 470 1356 viscerum
484 1299 618 1367 cruciata,
634 1299 750 1354 defecit.
1086 1305 1262 1360 Eucharistia
1276 1319 1445 1376 permanere
1458 1320 1517 1360 non
1541 1306 1644 1376 potuit.
1660 1303 1852 1360 Sanctificatus
1865 1307 1891 1360 in

261 1399 335 1455 llllV.
360 1400 503 1453 Praesente
525 1413 557 1453 ac
577 1401 649 1452 teste
670 1412 717 1451 mc
740 1397 801 1468 ipso
826 1397 945 1468 accipite
968 1397 1037 1468 quid
1088 1396 1183 1471 486
1193 1398 1308 1453 Domini
1321 1397 1461 1469 sanguine
1474 1403 1559 1469 potas
1569 1398 1604 1452 de
1615 1396 1731 1469 pollutis
1748 1397 1889 1453 visceribus

226 1491 361 1550 evenerit.
391 1493 524 1547 Parentes
546 1491 619 1545 torte
651 1489 805 1562 fagientes,
837 1489 906 1545 dum
933 1489 1037 1561 trepidi
1087 1490 1190 1562 erupit.
1209 1492 1299 1546 Tanta
1314 1494 1356 1546 est
1374 1493 1500 1562 potestas
1513 1490 1638 1558 Domini,
1652 1495 1733 1546 tants
1748 1491 1888 1560 majestas!

225 1585 321 1641 minus
336 1585 388 1656 (78)
404 1584 567 1650 consulunt,
582 1583 634 1638 sub
655 1582 775 1638 nutricis
788 1583 924 1638 alimento
938 1599 1037 1654 parvis·
1088 1584 1202 1640 Secreta
1223 1583 1407 1640 tenebrarum
1430 1584 1481 1638 sub
1509 1584 1571 1655 ejas
1592 1584 1656 1640 luce
1678 1583 1802 1640 deiectat
1824 1572 1891 1648 sunt,

226 1681 283 1734 lam
296 1677 385 1733 filiam
395 1676 575 1748 reliquerunt
586 1693 592 1744 ;
605 1675 701 1750 485
714 1675 845 1734 relictam
853 1676 947 1732 nutris
957 1677 1038 1732 detu-
1088 1676 1264 1732 sacerdotem
1278 1677 1326 1732 Dei
1338 1693 1389 1732 nec
1403 1677 1512 1732 occulta
1524 1677 1646 1734 crimina
1659 1677 1831 1733 lelellerunt.

225 1771 305 1828 litad
330 1770 519 1843 magistratus.
543 1770 584 1825 illi
607 1770 644 1840 ei,
660 1770 737 1841 apud
752 1770 862 1826 idolum
882 1786 939 1842 quo
951 1745 1077 1842 popu-B
1123 1771 1210 1826 lillVl.
1226 1771 1283 1826 lloc
1295 1769 1369 1826 circs
1394 1770 1533 1826 infantem
1555 1785 1619 1842 quea
1637 1769 1675 1825 ad
1695 1769 1882 1842 eloquendum

226 1865 270 1920 lus
291 1863 465 1928 confluebat,
488 1864 563 1936 quod
584 1879 699 1918 earnem
713 1863 837 1919 necdum
847 1867 943 1934 posset
954 1862 1039 1919 edere
1089 1863 1216 1920 alienam
1226 1862 1301 1918 circs
1314 1878 1344 1918 se
1357 1863 1467 1918 crimen
1479 1863 1605 1919 necdum
1613 1863 1716 1919 babuit
1729 1866 1849 1918 astaoem.
1863 1866 1894 1918 nt

226 1975 279 2029 per
292 1961 414 2026 mulam,
428 1973 535 2029 panem
545 1971 625 2012 mero
640 1957 694 2028 (80)
710 1956 838 2026 mistum,
851 1957 927 2028 quod
941 1960 1038 2012 tamen
1090 1973 1157 2012 vero
1178 1973 1212 2013 ea
1224 1972 1299 2028 quse,
1311 1959 1395 2012 astate
1419 1961 1552 2028 prosecta
1565 1959 1593 2012 et
1606 1954 1636 2012 in
1652 1957 1737 2012 anuis
1756 1955 1894 2012 adultiori·

227 2057 255 2106 et
274 2052 369 2122 ipsum
394 2050 430 2105 de
453 2049 648 2105 immolatione
669 2049 850 2121 pereuntium
879 2056 1036 2120 supererat,
1088 2050 1141 2107 bus
1162 2050 1324 2118 constituta,
1350 2049 1570 2106 sacrificantibus
1594 2049 1679 2106 uobis
1703 2050 1758 2120 (88)
1781 2050 1894 2105 latenter

227 2144 413 2200 tradiderunt.
430 2144 548 2216 Recepit
561 2143 647 2198 tiliam
665 2142 849 2214 postmodnm
864 2149 968 2198 mater.
984 2142 1039 2198 Sed
1090 2143 1226 2215 obrepsit,
1250 2159 1308 2199 nou
1331 2142 1427 2198 cibum
1449 2143 1497 2197 sed
1514 2141 1642 2213 gladium
1657 2143 1711 2198 sibi
1731 2148 1892 2214 sumerset

228 2238 335 2294 lacinus
356 2237 452 2309 puella
467 2236 652 2292 commissum
674 2241 732 2292 tam
756 2235 835 2308 loqui
860 2239 889 2290 et
913 2235 1039 2290 indicare
1089 2237 1166 2294 relat
1183 2235 1572 2308 quasdamreueaaletbalia
1588 2235 1735 2306 intrattii)
1764 2235 1894 2291 iaaceset

229 2347 285 2386 non
305 2331 408 2402 potuit,
430 2346 518 2402 quam
540 2345 592 2384 nec
606 2329 767 2401 intelligere
783 2328 863 2401 prius
876 2329 971 2400 potuit
987 2345 1040 2384 uec
1090 2333 1188 2401 pectus
1202 2330 1437 2401 admittenstssttt
1459 2329 1527 2400 augi
1549 2335 1577 2384 et
1601 2328 1704 2385 anima
1728 2331 1894 2384 exaestuante

231 2440 327 2480 arcere
344 2423 410 2496 (81).
427 2423 607 2495 lgnoratione
621 2423 710 2494 igitur
727 2423 879 2493 obreptum
901 2425 945 2477 est
957 2425 988 2476 ut
1001 2437 1041 2476 sa-
1091 2423 1221 2478 concludi
1235 2423 1419 2494 postmodum
1432 2423 1527 2494 coepit.
1544 2424 1577 2478 lit
1589 2437 1754 2493 pressuram
1768 2437 1823 2478 non
1834 2421 1891 2493 jara

232 2516 423 2572 crilrcantibus
436 2516 516 2571 nobis
529 2531 593 2570 eam
612 2532 709 2571 secum
729 2521 821 2570 mater
843 2515 970 2570 interret.
986 2515 1041 2570 Sed
1091 2515 1296 2587 persecutionis
1307 2516 1357 2571 sed
1374 2515 1470 2570 delicti
1483 2515 1525 2570 sui
1540 2531 1633 2586 pessa,
1647 2515 1791 2586 palpitans
1803 2521 1830 2570 et
1841 2518 1892 2568 tre·

231 2610 307 2666 enim
329 2610 422 2682 puella
444 2608 527 2664 mista
551 2625 615 2663 cum
638 2609 752 2674 sanctis,
775 2607 865 2678 precis
887 2611 991 2662 nostrae
1014 2612 1043 2663 et
1091 2625 1173 2662 mens
1186 2609 1321 2664 concidit.
1344 2608 1521 2679 impunitum
1536 2609 1583 2664 diu
1601 2623 1659 2662 uon
1684 2608 1739 2662 init
1754 2607 1894 2662 necoccul·

232 2703 370 2758 orationis
392 2701 556 2773 impatiens,
582 2717 657 2757 nunc
681 2702 792 2772 ploratu
815 2701 939 2768 concuti,
966 2718 1041 2757 nunc
1091 2708 1152 2756 tum
1167 2701 1350 2756 dissimulatio
1371 2700 1552 2757 conscientias
1573 2700 1694 2755 crimen.
1720 2698 1895 2764 Qaaeiefalle·

233 2795 334 2850 mentis
356 2801 426 2850 astu
448 2794 533 2865 coepit
552 2794 757 2850 fluctuabunda
776 2795 889 2865 jactari,
912 2799 941 2850 et
966 2795 1042 2849 velot
1092 2793 1640 2862 rathomiuem,Deumseositultorem.
1653 2793 1763 2848 Etcum
1772 2790 1892 2863 quadam

925 2927 1030 2994 Veriae
1051 2929 1221 2993 lectiones.

262 3012 283 3042 ⁹⁰
297 3011 357 3062 Noa
370 3009 464 3063 deerat
475 3011 545 3060 Lam.
561 3009 637 3060 libor.
656 3008 708 3060 ne.
726 3009 748 3058 l.

881 3090 994 3174 steph.
1015 3092 1138 3158 Baluzii
1159 3097 1258 3157 note.

265 3223 313 3284 (77)
330 3221 447 3270 Preeum.
463 3217 540 3269 Istud
555 3229 668 3282 qrroque
683 3221 792 3270 mutare
805 3220 927 3283 oportuit
937 3223 1086 3308 propterc
1099 3218 1235 3270 editiones
1251 3218 1366 3270 Munatii
1380 3223 1407 3270 et
1420 3219 1547 3271 llorellii.
1563 3220 1679 3273 Veteres
1697 3226 1725 3273 et
1741 3225 1801 3273 octo
1815 3225 1895 3272 vetera

232 3293 427 3345 auctoritatem
467 3291 592 3339 veterum
625 3288 825 3352 exemplarium
860 3291 888 3339 et
920 3289 1049 3341 editionis
1099 3289 1267 3354 exemplaria
1293 3289 1398 3342 habent
1418 3291 1615 3344 obdurantibus.
1634 3293 1706 3356 Quae
1727 3293 1896 3357 discrepantia

234 3361 381 3427 Spirensis.
404 3359 537 3410 Erasmus
557 3357 665 3422 primus
685 3361 778 3422 posuit
795 3359 966 3422 precandum.
991 3358 1047 3412 Sed
1098 3365 1157 3410 orta
1169 3365 1260 3412 estex
1277 3364 1494 3415 commutatione
1511 3364 1676 3415 litterarum.

234 3431 446 3498 sgolectionem
460 3429 535 3479 ilium
550 3441 607 3480 non
621 3431 710 3492 reperi
723 3431 776 3479 nisi
798 3431 828 3479 in
846 3429 942 3480 codice
957 3430 1049 3481 Turo—
1131 3432 1180 3494 (88)
1207 3432 1425 3496 sacrificantibus
1448 3433 1533 3485 nobis.
1556 3435 1637 3486 Hanc
1658 3435 1805 3488 lectionem
1826 3433 1896 3486 exhi.

234 3503 322 3556 nansi.
348 3499 488 3553 Caeterum
509 3513 557 3563 pro
572 3498 780 3550 misericordiam
803 3499 944 3550 Forensis
965 3499 1052 3550 habet
1099 3501 1167 3552 beni
1194 3507 1256 3554 octo
1279 3502 1390 3555 codices
1411 3505 1519 3570 antiqui
1540 3510 1567 3556 et
1595 3505 1680 3557 editio
1706 3505 1826 3558 Morellii.
1849 3503 1896 3554 Sed

235 3574 369 3625 medelam.
935 3617 941 3630 ,
1100 3575 1206 3624 veteres
1232 3572 1386 3635 editiones,
1409 3575 1491 3626 etiam
1516 3575 1696 3639 Meauttana,
1724 3580 1750 3628 et
1779 3575 1895 3627 tredecim

269 3647 316 3708 (78)
340 3645 468 3707 correpta
489 3641 611 3690 laniavit.
634 3639 767 3690 Erasmus
794 3641 904 3704 scripsit
928 3645 1050 3704 correpta
1100 3641 1165 3694 libri
1188 3647 1296 3695 veteres
1317 3657 1372 3695 aaa
1396 3644 1501 3697 habent
1523 3659 1621 3698 vocem
1646 3647 1730 3706 nobis,
1750 3661 1829 3712 mem
1854 3657 1896 3708 ego

236 3717 328 3768 cecidit
353 3714 478 3765 laniavit.
506 3714 542 3763 nt
564 3725 662 3762 rocem
686 3711 777 3762 cecidit
802 3711 898 3762 nullus
924 3716 1050 3763 veterum
1100 3714 1218 3765 arbitror
1243 3729 1300 3766 non
1327 3727 1389 3767 esse
1422 3721 1617 3769 neeessariam.
1644 3719 1707 3770 Nou
1732 3733 1792 3769 sum
1815 3721 1895 3768 temen

236 3789 371 3840 librorum
386 3789 545 3836 nostrorum
564 3781 699 3846 agnoscit,
714 3782 769 3832 uisi
784 3781 859 3846 qnod
873 3781 928 3832 duo
947 3783 1051 3833 axillis
1101 3795 1186 3835 ausus
1200 3797 1371 3849 expungere,
1391 3787 1455 3850 qula
1474 3800 1530 3837 non
1550 3787 1637 3838 officit
1657 3790 1801 3839 sententiae
1821 3785 1895 3837 sancti

236 3859 341 3910 babent
360 3855 482 3907 eoncidr't.
499 3854 559 3903 Non
576 3857 685 3904 exstare
705 3853 787 3904 etiam
807 3853 836 3904 in
852 3852 1006 3904 Veronensi
1024 3858 1051 3904 et
1101 3856 1238 3919 martyris.
1253 3853 1352 3906 Simila
1371 3855 1438 3921 quid
1458 3856 1576 3908 babetur
1593 3859 1621 3907 in
1639 3858 1711 3910 libro
1730 3859 1856 3910 Luctantii
1870 3855 1896 3904 de

236 3933 266 3984 in
280 3932 486 3986 Beneventano,
498 3927 622 3988 itemque
634 3925 664 3974 in
677 3923 869 3988 Seguieriano,
885 3924 954 3975 milri
969 3938 1050 3975 eom·
1100 3925 1228 3977 liartibus
1252 3927 1459 3989 Persecutorum,
1475 3942 1534 3992 esp.
1556 3929 1597 3991 to,
1618 3930 1668 3980 ubi
1687 3946 1702 3979 e
1723 3929 1830 3994 quidem
1849 3927 1896 3976 mi-

237 4005 345 4067 pertnm
360 4002 409 4050 est.
1101 3995 1251 4046 sistrorum
1273 3996 1394 4048 scientes
1414 3999 1574 4060 Dominum,
1598 4013 1664 4050 cum
1682 4001 1834 4052 assisterent
1848 3997 1895 4046 im-

268 4073 316 4134 (79)
347 4071 443 4120 Minus.
469 4067 609 4118 Pumelins
640 4070 735 4130 postea
759 4078 855 4116 vocem
881 4063 931 4116 sibi
960 4066 1053 4130 posuit
1101 4066 1227 4127 molenti,
1245 4067 1439 4132 imposuerunt
1453 4069 1590 4120 frontibus
1601 4071 1757 4122 immortale
1768 4069 1895 4133 signum.»

236 4157 270 4195 er
285 4143 445 4194 oon'ectura
469 4135 596 4199 Cauchii,
614 4135 704 4186 lassus
725 4149 786 4186 eam
806 4147 862 4185 non
888 4135 1001 4199 reperiri
1023 4135 1051 4184 in
1102 4135 1158 4199 Qui
1176 4137 1256 4188 locus
1275 4137 1382 4189 nullam
1404 4140 1488 4192 babet
1506 4139 1708 4194 difficultatem.
1731 4142 1832 4206 Quippe
1850 4138 1896 4187 mi-

237 4213 299 4264 eiiis
314 4210 529 4275 exemplaribus.
549 4207 607 4271 Ego
625 4218 693 4256 sane
710 4205 839 4268 nuspiam
863 4205 939 4256 iliam
957 4207 1051 4258 iuveni
1101 4207 1181 4258 nistri
1195 4209 1478 4261 scientesDominum
1493 4225 1548 4262 non
1564 4217 1680 4276 possunt
1691 4225 1751 4264 esse
1764 4211 1808 4261 alii
1824 4219 1894 4274 mam

237 4287 266 4336 in
281 4287 316 4336 iis
330 4284 434 4348 quibus
446 4294 514 4332 usus
528 4292 600 4330 sum.
1103 4276 1264 4339 Christiani,
1281 4283 1434 4344 prasertim
1458 4296 1523 4334 cum
1542 4285 1635 4336 statim
1658 4285 1812 4336 bacuntius
1829 4281 1894 4330 dicat

270 4355 318 4417 (80)
339 4355 437 4404 Panem
458 4363 538 4401 mero.
555 4349 594 4398 ila
615 4360 712 4399 omnes
732 4347 796 4398 libri
819 4352 929 4401 veteres
949 4353 976 4401 et
993 4349 1051 4400 edi·
1102 4348 1164 4401 ilios
1190 4349 1356 4413 imposuisse
1383 4351 1522 4404 frontibus
1540 4355 1598 4405 suis
1623 4355 1734 4420 signum
1755 4354 1845 4406 crucis.
1866 4349 1894 4398 lit

238 4427 340 4478 tiones.
363 4424 528 4476 Pitboeanus
546 4425 638 4472 tamen
659 4419 744 4471 habet
766 4437 780 4466 s
798 4419 902 4471 Panem
923 4419 1053 4472 mordidit
1102 4422 1193 4470 tamen
1220 4419 1274 4470 init
1298 4433 1387 4484 nuper
1411 4424 1459 4489 qui
1485 4423 1654 4475 existimaret
1681 4425 1755 4475 huna
1781 4417 1895 4486 loquendi

236 4499 361 4548 mistum.
377 4513 392 4544 u
1103 4490 1217 4541 modum
1235 4503 1295 4542 esse
1311 4491 1484 4556 ambiguum,
1504 4494 1620 4546 dubium
1637 4496 1784 4545 animasse
1802 4504 1833 4542 su
1851 4487 1893 4538 rai·

270 4569 320 4632 (81)
342 4570 447 4618 arcere.
476 4564 601 4628 Quatuor
621 4561 681 4614 libri
704 4565 810 4614 veteres
835 4560 985 4626 praeierunt
1008 4561 1181 4665 cst-Dntstri
1199 4561 1239 4611 illi
1254 4561 1357 4613 luerint
1371 4563 1490 4614 ministri
1508 4565 1673 4618 Diocletiani
1690 4569 1737 4616 ant
1756 4555 1892 4615 Christiani.

238 4653 306 4690 uere.
331 4639 363 4688 In
385 4650 443 4688 uno
466 4639 559 4687 tamen
581 4633 714 4698 scriptum
737 4635 779 4684 est
804 4644 894 4682 arcere
919 4635 947 4682 et
969 4645 1053 4695 supra
1104 4630 1276 4684 Christianos
1302 4647 1384 4697 porro
1409 4635 1495 4685 luisse
1518 4635 1670 4686 ostendunt
1695 4637 1775 4686 etiam
1795 4645 1823 4682 aa
1841 4639 1893 4692 quae

239 4713 343 4763 lineam
357 4709 398 4760 uel
412 4721 512 4760 cavere.
1103 4706 1259 4766 sequuntur
1277 4704 1305 4752 in
1328 4703 1382 4755 hoc
1405 4704 1467 4756 loco
1486 4703 1632 4766 Lactantii,
1657 4709 1714 4755 tum
1738 4705 1815 4753 etiam
1835 4698 1894 4748 alius

268 4781 317 4846 (88)
340 4778 639 4839 liudisanima.1nira,
662 4777 691 4826 ln
715 4775 786 4826 libro
805 4775 837 4826 de
853 4775 925 4826 eom
945 4775 1053 4824 Patien·
1104 4774 1182 4825 locus
1211 4774 1270 4835 ejus
1300 4787 1334 4824 ex
1361 4774 1431 4825 libro
1461 4787 1490 4827 iv
1518 4775 1677 4826 Divinarum
1702 4771 1893 4825 institutionum,

238 4855 282 4906 tiss
306 4870 315 4904 :
336 4869 350 4898 e
371 4853 483 4903 Ploratu
507 4855 535 4901 et
556 4849 660 4912 gemitu
680 4846 758 4898 rudis
778 4847 870 4896 anima
893 4849 1018 4896 testatur.
1040 4864 1053 4890 »
1103 4857 1162 4908 cap.
1174 4844 1274 4904 inubi
1294 4843 1329 4894 de
1343 4845 1397 4896 hac
1412 4847 1470 4910 ipsa
1491 4859 1520 4898 ra
1535 4860 1619 4911 agens
1638 4845 1733 4896 scribit
1748 4859 1753 4891 :
1767 4838 1892 4914 «Quidam

239 4923 430 4976 Tertullianus
453 4923 481 4972 ia
500 4919 691 4986 apologetico:
712 4917 909 4981 «Fugientem
932 4916 1053 4967 animam
1103 4916 1292 4966 ministrorum
1336 4922 1495 4968 nostrorum
1533 4915 1753 4969 sacrificantibus
1792 4910 1894 4962 dominu

238 5009 339 5045 novam
368 4997 517 5057 exspecta,
550 4991 651 5053 excipe
700 4988 797 5039 rudem
831 4987 1004 5053 sangninem.
1040 5003 1054 5034 s
1104 4987 1303 5038 assisterent.»

241 5066 440 5128 Hieronymus,
459 5065 486 5114 in
503 5061 627 5125 Epistola
646 5059 680 5109 sd
694 5058 902 5123 Ctesiphontem
922 5057 1054 5109 adversus
1135 5057 1184 5120 (87)
1206 5059 1289 5108 intra.
1315 5057 1375 5108 Non
1399 5057 1578 5110 admonerem
1603 5072 1648 5110 me
1668 5061 1784 5108 mutasse
1804 5063 1847 5116 pro
1866 5058 1892 5096 ea

240 5135 404 5198 Pelagianos
429 5151 434 5182 ε
464 5153 477 5178 «
506 5132 614 5183 Asseris
638 5143 720 5194 posse
740 5129 882 5180 hominem
910 5142 972 5180 esse
993 5129 1054 5180 sine
1104 5125 1179 5190 quod
1199 5127 1339 5178 Pamelius
1363 5128 1614 5192 posuitinier,nisi
1636 5128 1732 5178 itame
1753 5127 1835 5176 lacere
1851 5129 1892 5168 co-

241 5208 365 5270 pecoato,
389 5205 411 5254 si
434 5205 509 5265 salit,
523 5207 551 5254 et
572 5205 635 5266 post
658 5201 850 5266 gravissimum
870 5211 999 5249 somnum
1019 5197 1054 5249 ad
1101 5197 1201 5261 egisset
1215 5199 1365 5250 auctoritas
1378 5203 1502 5250 veterum
1512 5199 1719 5263 exemplarium.
1735 5197 1833 5259 Quippe
1842 5201 1891 5270 ont-

241 5274 419 5339 decipiendas
434 5275 518 5326 rudes
536 5273 644 5324 animas
665 5271 764 5321 trustra
779 5270 888 5320 coneris
904 5269 1055 5334 adjungere
1103 5269 1159 5326 nia,
1177 5268 1201 5318 si
1214 5269 1271 5320 duo
1284 5273 1392 5320 tautum
1414 5271 1548 5334 excipies,
1563 5269 1666 5321 habent
1680 5271 1759 5319 intra
1774 5267 1809 5315 lta
1822 5265 1891 5312 ettam

241 5359 299 5396 aon
312 5344 417 5409 absque
433 5347 484 5397 Dei
499 5343 596 5409 gratia.
614 5359 626 5389 s
1103 5335 1187 5389 babet
1199 5339 1285 5390 aditio
1300 5339 1424 5392 llorellii.
1874 5397 1878 5406 .

272 5417 321 5480 (83)
334 5415 484 5466 Fatebatur.
498 5416 560 5466 Duo
575 5411 637 5464 libri
653 5417 759 5464 veteres
774 5410 930 5462 testabatur.
1137 5409 1184 5470 (88)
1209 5409 1299 5460 Pectus
1324 5409 1471 5461 admittens.
1495 5409 1634 5463 Pamelius
1657 5411 1767 5462 secutus
1787 5403 1890 5453 aucun·

273 5487 322 5551 (att
343 5485 453 5537 Calicem
475 5486 612 5536 diaconus.
628 5482 699 5534 Vide
717 5482 898 5546 Deseregiam
918 5482 952 5532 ad
971 5494 1055 5532 cano·
1105 5481 1190 5530 tutem
1214 5477 1317 5530 codicis
1341 5477 1573 5532 camberonensis
1593 5481 1686 5546 posuit
1701 5498 1713 5525 s
1730 5481 1820 5542 pectus
1832 5481 1891 5552 ,seu-

239 5573 305 5611 aem
321 5571 340 5609 11
354 5556 453 5622 synodi
474 5553 781 5620 naeptessernina
803 5552 890 5604 terme
911 5553 1055 5604 historiam
1104 5551 1218 5616 guinem
1239 5550 1422 5603 admittens.»
1443 5553 1513 5604 liam
1532 5553 1675 5604 lectionem
1691 5547 1795 5602 retinuit
1809 5538 1889 5622 Diaul-

238 5629 273 5681 de
291 5628 411 5694 quadam
422 5625 572 5690 juvencula
586 5625 678 5676 Araba
694 5626 807 5675 natione
826 5627 918 5674 narrat
939 5623 1056 5688 Prosper
1100 5623 1169 5683 tius,
1185 5621 1267 5685 angli
1280 5627 1483 5687 expunxeruat.
1500 5623 1597 5676 Recte.
1611 5625 1672 5684 Non
1692 5623 1777 5674 exstat
1793 5625 1856 5666 earm
1867 5620 1889 5655 1¹1

237 5702 267 5752 in
282 5701 353 5752 libro
368 5697 499 5764 inscripto
515 5696 660 5749 Dimidium
674 5696 809 5760 temporis,
823 5709 846 5745 c.
860 5693 883 5745 a.
1105 5691 1182 5742 libris
1194 5693 1296 5744 uostris
1310 5707 1402 5759 neque
1419 5695 1447 5746 in
1462 5695 1575 5746 duobus
1590 5693 1741 5746 Petavianis
1760 5687 1791 5741 ab
1806 5681 1889 5736 bibit·

269 5773 319 5837 (88)
342 5768 538 5824 Obturontibus.
560 5767 600 5818 ita
623 5766 782 5836 quindecim
805 5765 867 5818 libri
893 5767 1000 5816 veteres
1028 5768 1055 5814 et
1106 5763 1277 5815 ttnocitatis.
