4076 6190
142 273 169 326 tl
792 269 870 327 vitu
888 273 920 371 S..
936 274 1103 334 Cluuium.
1761 271 1796 330 ti

141 390 302 464 denegantis,
321 391 486 448 contestatio
508 397 550 447 est
569 391 722 448 Christiani
744 393 819 466 quod
836 393 931 452 iuerat
941 398 1028 484 Atad
1048 415 1094 454 eu.
1116 398 1190 470 253),
1211 398 1373 470 perspicere
1394 397 1447 454 sibi
1467 396 1542 453 visua
1562 401 1605 453 est
1624 395 1654 452 iu
1676 395 1796 468 epistole

140 485 302 558 abnegantis,
316 507 329 534 ο
343 485 444 542 eodem
458 485 587 542 videlicet
599 503 682 542 seusu
698 503 754 560 quo
768 488 861 544 clerus
875 490 931 545 lto-
983 492 1067 547 Plinii
1087 493 1123 548 ad
1144 492 1306 564 Traianum,
1330 509 1364 547 ex
1388 507 1444 564 qua
1465 492 1575 563 profert
1597 491 1659 546 baec
1680 488 1768 544 rerba
1788 505 1796 544 ε

139 596 226 634 manus
240 579 279 634 ait
292 595 356 634 eum
378 595 497 650 negasse
516 579 565 651 qui
583 580 696 636 fallaces
711 597 740 634 in
756 581 932 638 excusatione
983 605 998 636 ο
1012 585 1174 658 Propositus
1187 588 1228 641 eat
1241 585 1427 649 libellussine
1441 589 1556 641 auctoru
1571 584 1728 640 multorum
1744 599 1794 638 uo·

138 673 281 744 prestigias
300 671 410 744 quant,
430 676 459 728 et
479 674 528 744 qui
548 674 607 729 vult
625 674 713 730 rideri
734 675 832 732 edictis
850 675 932 732 satis·
982 679 1060 735 mina
1080 680 1238 748 continens,
1253 679 1302 751 qui
1322 684 1462 750 negarent
1482 694 1513 734 ee
1534 695 1596 734 esse
1617 675 1795 736 Christianos

138 766 301 834 lecisse,hoe
314 767 374 838 ipso
383 767 443 838 jam
452 766 591 840 paruisse.
982 778 1032 828 aut
1047 773 1144 840 luisse,
1170 779 1223 828 etc.
1246 793 1260 824 n
1284 771 1337 828 Sed
1356 787 1413 826 nou
1434 771 1636 828 animadvertit
1659 771 1795 827 Berenice

165 859 239 924 Quod
252 863 347 915 autem
360 863 468 931 spectat
479 859 516 916 ad
530 861 643 917 libellos
656 877 672 916 a
683 861 827 933 judicibus
840 863 931 933 datos,
981 865 1058 922 huuc
1070 865 1199 922 libellum
1213 882 1269 920 non
1285 863 1480 923 schristiauis
1493 863 1621 920 oblatum
1635 863 1731 932 luisse,
1745 863 1794 920 sed

136 953 201 1007 idem
213 951 241 1006 iu
257 951 312 1007 illis
324 953 460 1024 scriptum
472 953 558 1010 fuisse
571 970 630 1010 non
644 954 756 1012 videtur
770 971 802 1012 ac
816 955 845 1011 in
862 957 933 1012 actis
981 959 1017 1014 ab
1031 959 1127 1032 aliquo
1140 975 1244 1015 nomen
1260 975 1342 1030 suum
1357 959 1478 1027 celante,
1495 963 1524 1012 et
1538 957 1641 1012 multos
1662 957 1793 1012 nomina·

136 1044 250 1115 publicis.
264 1045 380 1102 Gravius
392 1045 468 1102 euim
482 1045 582 1102 inisset
596 1047 822 1104 libellaticorum
837 1066 932 1121 pecca·
983 1052 1033 1109 tim
1047 1059 1080 1108 ut
1088 1053 1261 1108 Christianos
1274 1052 1443 1122 designante
1454 1051 1608 1123 quitamen
1618 1049 1797 1120 negaverunt

135 1144 184 1192 tour
198 1139 232 1206 si,
248 1142 354 1210 praeter
366 1137 560 1194 testimoninm
574 1141 642 1196 actis
655 1140 775 1212 puhlicis
785 1141 932 1214 consigna·
982 1162 1011 1202 se
1026 1162 1086 1202 csse
1101 1152 1150 1202 aut
1162 1146 1247 1202 luisse
1261 1145 1445 1206 Christianos.
1467 1144 1536 1201 ilinc
1553 1143 1692 1214 Trajanue
1705 1141 1796 1196 Plinio

134 1235 193 1298 min,
204 1231 341 1301 ejusmodi
350 1232 460 1289 libellos
470 1238 629 1290 serrassent
639 1237 668 1290 et
678 1235 772 1290 oblata
785 1236 932 1292 occasione
982 1239 1158 1312 respondeus
1168 1240 1208 1295 ait
1221 1256 1229 1294 :
1241 1261 1256 1291 ο
1267 1241 1333 1296 Sine
1345 1243 1461 1294 anctore
1473 1254 1540 1293 vero
1554 1235 1694 1309 propositi
1707 1233 1797 1292 libelli

134 1324 319 1394 ostendissent,
334 1326 409 1397 quod
422 1325 541 1398 quidem
553 1326 608 1382 illis
622 1343 700 1383 nece
713 1328 865 1400 Cypriane,
880 1345 932 1386 nec
982 1335 1062 1390 nullo
1075 1333 1193 1390 erimine
1205 1333 1301 1390 locum
1315 1332 1422 1388 habere
1435 1331 1547 1400 debent,
1558 1345 1627 1386 nam
1638 1335 1666 1386 et
1678 1327 1796 1402 pessimi

133 1418 224 1472 aclero
239 1419 368 1474 Romano
386 1419 531 1490 obiectum
545 1419 609 1476 luit.
631 1421 784 1480 uenenum
798 1439 931 1478 momen·
981 1427 1114 1498 exempli,
1128 1443 1180 1484 nec
1192 1427 1282 1484 nostri
1295 1426 1388 1482 saeculi
1403 1429 1484 1481 est.»

62 1551 66 1560 .
133 1511 303 1568 thhactenus
323 1513 459 1596 adhibitis
474 1530 564 1570 uuum
578 1515 707 1586 adjiciam
724 1533 731 1572 ι
748 1531 859 1572 morem
875 1533 932 1573 non
981 1531 1035 1587 vu,
1050 1560 1085 1572 -
1099 1533 1252 1602 cyprianus
1272 1530 1370 1586 secede
1390 1531 1421 1584 in
1438 1531 1623 1599 perseeutione
1635 1526 1796 1597 justissimis

132 1604 204 1658 luisse
224 1603 287 1678 93
307 1611 336 1660 ut
357 1606 407 1678 qui
421 1603 508 1661 iidem
522 1607 678 1679 negabant,
697 1607 728 1664 id
746 1610 850 1681 scripto
864 1626 931 1666 con·
1312 1611 1344 1666 de
1363 1611 1462 1665 cauea,

130 1697 269 1768 signarent,
286 1697 337 1752 sed
357 1703 470 1755 tantum
486 1699 517 1754 in
532 1705 594 1756 acta
612 1700 822 1757 referebantur.
841 1702 931 1759 Aliter
1018 1707 1147 1763 Edictum
1159 1707 1245 1777 Decii,
1256 1713 1286 1763 ut
1299 1707 1328 1762 in
1341 1707 1462 1762 Africam
1477 1707 1619 1777 perlatum
1632 1706 1684 1772 eet,
1699 1702 1795 1758 statim

130 1791 240 1846 sentiunt
253 1793 390 1848 &ronias
403 1793 446 1862 ted
461 1809 507 1849 an.
523 1794 586 1866 tul)
599 1799 628 1850 et
639 1795 835 1852 tillemontius
848 1799 926 1868 (tom.
941 1780 1078 1873 Bpopuli
1095 1801 1266 1857 clamoribus
1282 1799 1440 1872 exagitatus
1458 1798 1615 1871 Cyprianus
1632 1803 1661 1852 et
1677 1796 1714 1852 ad
1734 1797 1794 1851 leo-

131 1887 155 1950 v,
172 1902 196 1956 p.
208 1885 281 1954 let),
296 1902 331 1942 ec
345 1887 440 1942 locum
460 1886 610 1959 proterunt
630 1905 666 1944 ex
684 1889 757 1946 dctis
770 1893 930 1946 muctarem
980 1911 1047 1950 uem
1061 1894 1124 1968 94
1138 1895 1306 1966 postulatus,
1320 1893 1453 1966 prudenti
1466 1896 1584 1963 receptu
1603 1892 1728 1947 furorem
1740 1888 1795 1943 im-

130 1982 270 2048 fflffilfflm
288 1981 413 2052 mites,
434 1980 561 2036 Chi⁰1¹iae
575 1987 603 2037 θ)
617 1984 722 2049 limes,
740 1999 804 2056 qum
818 1985 931 2056 «jussae
979 1988 1093 2060 piorum
1120 1987 1283 2056 declinavit,
1308 2003 1373 2044 curu
1399 2001 1534 2043 coronam
1558 2001 1639 2040 suem
1661 1983 1691 2038 in
1716 1978 1794 2036 aliud

129 2071 216 2126 Cluati
239 2075 427 2144 negationem
452 2074 590 2147 scriptam
610 2075 738 2146 proiiteri
756 2077 928 2134 edicuntur.
980 2085 1092 2153 tempus
1107 2081 1214 2136 dillerri
1233 2080 1340 2148 mallet,
1356 2096 1442 2152 quam
1462 2077 1615 2151 presentie
1634 2092 1686 2133 sua
1705 2090 1796 2132 novas

130 2165 172 2220 Sed
188 2165 289 2238 scripta
312 2167 360 2222 illa
378 2168 507 2240 negatio,
531 2185 624 2242 graece
645 2169 763 2234 ἔγγραφος
782 2171 833 2242 (sic
851 2172 929 2228 euim
978 2175 1054 2231 taces
1073 2174 1204 2232 incendio
1228 2174 1433 2246 persecutionis
1452 2171 1606 2228 admoveri.
1623 2171 1684 2227 Nun
1705 2166 1797 2224 semel

128 2259 239 2314 Cracnm
253 2265 422 2318 contextum
442 2262 574 2318 hahuisse
588 2262 737 2336 existimo),
759 2264 831 2320 nibil
852 2264 929 2320 alind
980 2268 1115 2340 quaesitus
1127 2273 1179 2338 est,
1196 2268 1246 2324 sed
1267 2285 1343 2341 sepe
1355 2268 1425 2323 alias
1439 2267 1469 2322 iu
1482 2265 1629 2322 absentem
1651 2263 1797 2336 popularis

129 2359 162 2406 est
178 2369 259 2424 quam
279 2355 399 2426 negatio
420 2356 490 2412 actis
510 2357 686 2429 consignata.
707 2358 750 2414 Sic
772 2358 849 2430 apud
873 2361 928 2416 Eu·
978 2361 1059 2418 soror
1083 2361 1197 2417 exarsit.
1224 2362 1354 2418 Testatur
1379 2359 1495 2417 Pontius
1521 2375 1587 2414 eum
1613 2378 1629 2408 u
1655 2355 1797 2429 suffragiis

127 2445 177 2500 seb.
192 2446 247 2518 (lib.
262 2463 288 2504 ιι
301 2449 386 2517 fleat,
403 2465 466 2521 cap.
483 2452 509 2516 tit
527 2449 661 2506 mulieres
674 2451 806 2522 quaedam
821 2455 927 2509 coacte
979 2471 1054 2526 sape
1076 2455 1204 2527 repetitis
1222 2454 1260 2510 ad
1280 2455 1394 2510 leonem
1410 2453 1625 2525 apostolatum,
1645 2467 1678 2506 ae
1695 2470 1711 2512 e
1726 2465 1794 2522 pro·

126 2539 226 2595 iuemnt
242 2541 344 2596 aduce
363 2544 439 2613 λογον
452 2549 573 2615 ἔγγραφος
588 2563 602 2594 «
616 2544 698 2600 dictis
713 2545 748 2600 ad
764 2551 826 2602 ecta
843 2546 926 2601 testi·
978 2549 1138 2621 scriptionis
1152 2549 1272 2620 gloriam
1290 2550 1475 2604 consecutum
1495 2563 1564 2602 esse.
1584 2569 1599 2596 ο
1617 2544 1694 2602 ldem
1715 2544 1751 2599 de
1767 2559 1797 2600 se

127 2634 215 2688 moniis
224 2633 307 2690 fetari
324 2656 339 2686 »
352 2651 382 2690 se
396 2635 570 2692 Christianae
587 2636 683 2707 luisse,
703 2644 731 2694 et
749 2639 927 2711 flagitiorum
977 2642 1040 2715 ipse
1053 2647 1150 2698 narret
1163 2661 1177 2692 ο
1189 2643 1271 2698 toties
1282 2641 1443 2713 flagitatum
1456 2645 1486 2696 et
1500 2639 1652 2712 quesitum
1667 2660 1681 2689 ο
1699 2636 1794 2709 (epist.

126 2743 180 2796 quae
190 2743 206 2782 a
217 2727 385 2784 Christianis
401 2733 571 2800 gererentur
584 2731 710 2786 conscias
728 2747 800 2788 esse.
819 2733 926 2788 bessa·
978 2739 1014 2808 d).
1031 2757 1044 2786 ο
1057 2735 1151 2792 'lotias
1165 2735 1201 2792 ad
1216 2736 1328 2790 leonem
1344 2735 1465 2806 petitum
1482 2733 1512 2788 iu
1532 2733 1617 2800 circo,
1633 2732 1662 2787 in
1678 2731 1796 2802 amphi-

126 2819 183 2876 lieni
207 2821 282 2894 apud
310 2822 447 2879 Photium
472 2824 552 2895 (Cod.
577 2825 622 2896 52)
647 2824 781 2882 dicuntur
806 2826 930 2883 convicti
978 2829 1102 2897 theatro,
1119 2851 1133 2880 ο
1149 2835 1234 2901 atque
1253 2829 1342 2884 etiam
1360 2827 1551 2899 proscriptum
1566 2841 1595 2880 se
1614 2825 1702 2880 tuisse
1718 2845 1733 2874 ο
1747 2840 1797 2896 ep·

126 2913 199 2970 luisse
222 2921 356 2988 ἐγγράφως,
379 2916 408 2972 id
432 2922 486 2984 cst,
511 2939 525 2966 ο
552 2917 632 2974 dictis
655 2919 691 2975 ad
713 2923 775 2974 acta
797 2920 927 2976 testimo·
977 2921 1076 2994 plicito
1089 2927 1117 2978 et
1132 2921 1268 2993 adjuncto
1282 2923 1462 2993 episcopatus
1484 2921 1527 2976 sui
1542 2919 1661 2974 nomine
1675 2939 1689 2969 ο
1703 2917 1797 2990 (epist.

126 3006 178 3076 nis,
191 3029 204 3058 u
217 3011 295 3082 quod
317 3011 352 3066 ad
372 3027 484 3066 errores
502 3027 568 3066 suos
586 3010 746 3068 rediissent.
763 3013 831 3070 ilinc
851 3015 926 3071 Basi-
977 3015 1032 3088 55).
1052 3017 1154 3073 «Cum
1175 3014 1288 3087 publice
1309 3014 1457 3086 legeretur
1483 3029 1490 3069 ι
1513 3012 1543 3069 Si
1564 3011 1628 3084 quis
1650 3014 1731 3067 tenet
1754 3010 1797 3066 rel

126 3100 170 3156 lius
188 3102 215 3172 tl.
234 3120 242 3159 1
261 3105 295 3160 dc
322 3107 468 3174 baptismo,
489 3121 550 3176 cap.
572 3105 600 3178 3)
621 3111 702 3162 vocat
725 3106 927 3178 promissiones
978 3109 1100 3181 possidet
1114 3109 1148 3166 de
1162 3109 1244 3164 bonis
1257 3108 1362 3164 Caecilii
1375 3105 1508 3180 Cypriani
1521 3105 1648 3178 episcopi
1661 3103 1797 3160 Christia-

125 3194 214 3265 qnibus
236 3197 266 3252 in
296 3197 441 3269 baptismo
465 3198 681 3270 obstringimur,
705 3207 787 3273 besue
807 3209 926 3275 ῐγγρογον
979 3217 1082 3258 norum
1097 3203 1190 3274 (epist.
1203 3201 1258 3272 dt).
1271 3203 1426 3266 »Quonam
1439 3217 1469 3256 se
1484 3199 1625 3271 receperit
1638 3199 1795 3267 nescimus3

125 3295 245 3358 ὡρολογίων,
256 3309 271 3344 ο
282 3291 372 3346 veluti
386 3292 540 3363 quamdam
554 3290 591 3348 ad
604 3295 665 3348 acta
678 3294 927 3365 protensionem.»
978 3295 1027 3350 sed
1040 3295 1198 3368 presbyteri
1218 3297 1247 3350 ct
1261 3295 1375 3350 diaconi
1388 3293 1518 3360 Romani,
1532 3291 1638 3364 iniquis
1656 3291 1796 3347 sermoni-

126 3381 192 3438 Uude
210 3384 295 3442 etiam
320 3385 439 3456 Optatus
458 3385 519 3458 (lib.
542 3403 572 3455 11,
592 3401 623 3443 u.
644 3389 689 3458 stt
709 3403 747 3442 :c
769 3387 927 3446 Fidescre-
977 3389 1030 3445 bus
1048 3388 1170 3461 decepti,
1192 3404 1294 3460 parum
1309 3403 1392 3459 aeque
1408 3387 1444 3443 de
1464 3386 1540 3443 illius
1559 3400 1669 3442 secessu
1683 3383 1796 3455 judica·

126 3475 236 3532 dentium
248 3485 276 3534 et
290 3478 430 3552 professio
450 3494 514 3551 qum
534 3481 609 3551 apud
623 3485 688 3536 aeta
706 3481 853 3538 coniicitur
870 3486 928 3541 hu·
978 3488 1046 3538 runt
1059 3486 1213 3553 antequem
1227 3481 1262 3537 ab
1278 3481 1340 3552 ipso
1354 3481 1388 3536 de
1403 3485 1462 3536 tota
1480 3496 1511 3536 re
1531 3477 1665 3534 certiores
1684 3477 1796 3532 tierent.

125 3570 250 3638 demtum·
265 3595 279 3622 u
978 3576 1030 3631 Vix
1045 3575 1166 3631 dubium
1181 3579 1223 3631 est
1237 3575 1306 3647 quin
1322 3589 1387 3630 eum
1401 3572 1531 3630 nonnulli
1542 3572 1590 3628 alii
1603 3570 1796 3643 reprebende-

153 3663 380 3722 libelleticorum
402 3667 521 3736 crimen,
546 3673 573 3723 et
597 3667 619 3723 si
640 3667 747 3724 lamam
770 3685 928 3726 cenoman
978 3668 1054 3738 riut;
1069 3668 1255 3740 nequeenim
1275 3667 1352 3723 illius
1371 3669 1478 3722 lectum
1494 3669 1572 3722 tauto
1586 3664 1681 3720 studio
1696 3663 1796 3720 defeu-

124 3755 147 3810 iu
162 3759 250 3814 unca
264 3759 450 3831 potissimum
465 3761 576 3830 habuit,
590 3777 649 3816 nou
666 3765 764 3818 tamen
777 3763 840 3818 aliis
861 3779 927 3834 pre·
978 3761 1064 3818 disset
1085 3761 1201 3817 Pontius
1220 3761 1244 3816 si
1265 3761 1420 3832 probatum
1439 3759 1572 3816 omnibus
1592 3763 1621 3814 et
1641 3759 1796 3830 purgatum

124 3849 210 3906 vinces
229 3854 361 3924 ignotum
383 3853 438 3908 luit
458 3869 548 3909 :nam
572 3857 672 3910 Romae
694 3857 722 3911 S.
747 3855 929 3912 Corneliusa
977 3853 1087 3910 suisset.
1111 3855 1192 3910 Forte
1211 3853 1393 3925 vituperandi
1414 3853 1475 3908 hese
1497 3867 1565 3908 ausa
1587 3852 1654 3906 olim
1680 3853 1796 3921 arrepta

125 3943 226 4000 redariis
247 3947 437 4002 schismaticis
450 3947 479 4002 in
495 3947 548 4002 hoc
569 3947 678 4004 crimen
699 3952 829 4018 vocatue3
853 3950 928 4020 ejus·
978 3951 1038 4016 est,
1059 3947 1102 4003 rel
1124 3947 1209 4004 etiam
1231 3946 1316 4003 hodie
1341 3946 1511 4018 arripiatur,
1536 3947 1559 4000 si
1583 3944 1648 4016 quis
1671 3942 1796 3999 censorie

125 4035 179 4092 dem
194 4039 221 4094 in
239 4039 378 4113 llispania
396 4041 517 4096 convicti
532 4041 665 4098 Basilides
680 4048 708 4098 et
722 4043 855 4098 liertialie
869 4043 927 4115 epi·
978 4043 1074 4112 partes
1089 4038 1142 4095 sibi
1153 4046 1286 4112 arroget;
1299 4039 1375 4112 quod
1390 4039 1450 4112 ipso
1462 4039 1579 4095 ahsente
1594 4037 1718 4094 maxima
1730 4052 1796 4109 pars

125 4133 199 4201 scopi.
220 4133 293 4198 Quin
318 4133 406 4190 etiam
428 4135 458 4189 iu
478 4137 600 4207 AEgypte
622 4137 675 4192 sub
698 4138 781 4194 Petro
804 4137 928 4194 Alexan·
978 4133 1107 4190 fidelium
1126 4133 1249 4205 turpiter·
1269 4133 1414 4203 ceciderit,
1429 4132 1605 4188 constantior
1618 4132 1648 4186 in
1664 4130 1730 4199 tide,
1747 4135 1797 4186 aut

124 4223 194 4279 drino
213 4228 336 4284 occurrit
353 4228 582 4284 libellaticorum
600 4245 691 4301 geum
710 4229 864 4301 quoddam,
877 4229 929 4285 sed
979 4229 1079 4284 saltem
1093 4227 1128 4282 ad
1148 4227 1323 4282 horrendum
1344 4226 1433 4282 scelus
1454 4225 1563 4282 tardior
1581 4225 1677 4280 futura
1696 4223 1796 4294 siepi·

125 4315 188 4372 haud
200 4320 305 4376 scioau
317 4321 355 4376 ab
368 4321 506 4378 Africanis
520 4321 676 4378 diversum.
696 4324 796 4378 Petrus
814 4323 929 4380 literan-
979 4321 1057 4392 scopi
1079 4321 1122 4376 sui
1148 4321 1326 4376 liberrimam
1351 4319 1560 4376 contessionem
1587 4319 1720 4386 audisset,
1746 4320 1797 4372 aut

123 4411 209 4466 drinus
232 4413 305 4484 (cau.
328 4415 356 4484 5)
381 4415 555 4486 paenitentiae
584 4431 633 4472 sex
656 4416 800 4473 meusium
822 4417 929 4473 addicit
979 4416 1143 4487 praeclaram
1156 4429 1208 4486 pre
1222 4413 1332 4470 Christo
1349 4417 1473 4470 mortem
1489 4415 1656 4486 spectasset.

124 4517 163 4556 eos
181 4507 227 4577 qui
247 4507 563 4575 simularunt,eicutet
580 4509 966 4587 Darid,dsoraetnttiume1)
1012 4508 1082 4576 Sed,
1111 4514 1142 4564 ut
1172 4523 1189 4562 a
1214 4507 1356 4580 Cypriane
1388 4507 1644 4580 reprehensionem
1677 4519 1794 4561 omnem

124 4605 224 4668 meede,
245 4609 299 4666 seer
323 4613 356 4664 ὣς
376 4610 615 4674 1anth
640 4611 693 4674 deor
714 4615 747 4668 ὡς
769 4611 819 4660 tvt‘
839 4611 928 4661 ιοοτῶν
979 4602 1178 4674 propulsemus
1203 4601 1233 4656 iu
1261 4601 1403 4673 ejusmodi
1428 4601 1557 4670 consilio,
1583 4617 1640 4672 quo
1665 4599 1721 4654 duo
1745 4597 1794 4652 ulii

123 4697 349 4763 βολὰπιςιοοοούγ,
368 4716 382 4744 ο
398 4697 442 4750 rel
458 4696 603 4752 uteltaria
623 4702 865 4768 pertranseuntes,
886 4697 928 4752 rel
978 4694 1205 4767 prestantissimi
1231 4695 1298 4764 viri,
1329 4694 1483 4765 Gregorius
1510 4695 1738 4762 Thaumaturgus
1765 4693 1794 4744 et

124 4789 150 4838 ut
167 4785 392 4860 clrtrugraphum
414 4788 525 4855 dentes,
547 4789 590 4844 vel
617 4795 648 4845 ut
668 4790 798 4846 ethnicos
823 4806 874 4861 pro
899 4805 928 4846 se
978 4789 1125 4860 liiouysius
1137 4787 1345 4843 Alexandrinus
1363 4787 1463 4842 eodem
1483 4792 1611 4859 tempore
1628 4783 1794 4852 utebantur,

124 4875 307 4938 immittentes.
330 4901 345 4932 ο
370 4881 485 4938 Fatetur
509 4884 608 4938 Petrus
632 4882 773 4954 ejusmodi
797 4883 928 4938 homiues
978 4879 1190 4938 observandum
1205 4883 1248 4936 est
1262 4884 1290 4935 l⁰
1307 4895 1373 4936 eum
1391 4879 1537 4935 communi
1553 4877 1697 4950 Evangelii
1717 4891 1793 4948 prea-

123 4985 171 5026 nou
183 4977 284 5044 aperte
297 4974 479 5047 impietatem
492 4991 551 5047 pree
566 4993 596 5032 se
610 4976 719 5046 tulisse,
731 4985 772 5034 set
787 4984 819 5048 μὴ
833 4985 929 5048 pave<
977 4981 1059 5047 cepto
1073 4974 1209 5046 paruisse,
1223 4973 1298 5046 quod
1312 4977 1373 5028 tum
1388 4972 1514 5028 maxime
1528 4972 1680 5030 observare
1695 4970 1795 5026 debuit

123 5071 325 5138 ἐκγραψαμένους
342 5077 372 5126 τά
390 5077 449 5142 πρὸς
466 5077 564 5143 ἄροσιν
580 5087 587 5125 :
601 5069 650 5126 ubi
672 5070 827 5143 legendum
848 5071 927 5127 vide·
977 5085 1044 5124 cum
1059 5068 1090 5124 in
1104 5067 1191 5139 ipsius
1207 5067 1383 5139 potissimum
1401 5083 1507 5124 nomeu
1522 5065 1680 5138 persecutio
1695 5081 1792 5120 erum·

124 5161 163 5212 tur
181 5167 394 5232 ίιογγοοψαμέγοος.
420 5163 540 5220 Zonaras
566 5163 606 5218 sic
629 5163 835 5235 iuterpretatur
858 5163 928 5220 illud
977 5165 1067 5236 peret,
1081 5178 1113 5218 ac
1132 5161 1289 5234 periculum
1303 5165 1377 5218 esset
1396 5177 1432 5218 ue
1454 5161 1581 5217 iurarem
1596 5159 1749 5232 gentilium
1763 5159 1793 5214 iu

123 5249 347 5325 chirographum,
361 5261 485 5313 cestim
505 5261 585 5324 dieb,
607 5277 622 5308 ο
642 5259 717 5328 pacti
736 5261 804 5313 sunt
824 5274 855 5314 se
876 5258 929 5314 im·
977 5255 1090 5329 plebem
1099 5271 1179 5311 suam
1189 5271 1315 5327 praeseus
1324 5254 1501 5312 accenderet.
1512 5258 1543 5310 2⁰
1553 5253 1695 5326 Singulari
1706 5251 1791 5310 modo

125 5347 276 5403 ruolaturos.
293 5369 307 5398 n
327 5347 379 5406 Sed
401 5348 462 5404 heac
482 5349 683 5423 promissione
699 5358 805 5422 apertae
826 5352 927 5422 impie·
976 5349 1166 5408 admonitusa
1177 5347 1522 5406 lieuiuitutdiaccderet:
1536 5369 1551 5398 ο
1562 5348 1659 5404 bieata
1672 5347 1749 5402 euim
1762 5348 1794 5402 in

126 5439 180 5491 tetis
203 5441 296 5511 specie
322 5442 481 5498 caruisset?
511 5443 632 5501 Credere
659 5443 755 5500 malim
788 5444 927 5516 ejdemodi
978 5441 1792 5514 omnibusbcomens,›linquitPeutiuai‹etiidesdirinis

123 5527 253 5602 homines,
276 5533 377 5590 itidem
393 5539 425 5590 ut
443 5535 617 5592 libellaticos
638 5537 667 5592 iu
683 5536 787 5604 Ainea,
801 5538 927 5609 aliquam
977 5536 1218 5594 admonitionibus
1233 5536 1395 5608 mancipata
1411 5523 1531 5592 eredidit
1543 5553 1583 5604 se,
1599 5536 1655 5592 nisi
1672 5535 1792 5591 Domino

124 5623 286 5691 ajrrdieibus
304 5628 444 5702 accepisse
458 5629 663 5698 conditionem,
678 5647 742 5703 quae
762 5637 789 5686 et
809 5636 869 5686 tuta
878 5631 925 5702 ju·
977 5631 1114 5686 latebram
1128 5631 1314 5702 trrrrcjubcuti
1326 5630 1477 5702 paruisset,
1489 5630 1576 5686 etiam
1591 5630 1651 5700 ipsa
1661 5628 1791 5700 passione

125 5714 170 5770 dici
184 5725 212 5773 et
227 5719 385 5778 Christiano
399 5739 458 5778 non
475 5728 572 5794 aperte
583 5723 670 5795 impia
684 5723 839 5780 videretur.
852 5725 926 5780 Nihil
978 5739 1104 5796 peccare.
1115 5745 1128 5772 ο
1142 5725 1248 5779 Tuetur
1265 5739 1295 5778 se
1309 5723 1466 5795 Cyprianus
1480 5721 1623 5793 Evangelii
1639 5728 1790 5792 precepto,

125 5806 205 5868 dicam
218 5811 253 5870 de
263 5813 319 5872 alio
331 5815 557 5872 libellaticorum
571 5831 687 5890 genere,
699 5817 775 5891 quod
790 5817 926 5874 baronius
976 5819 1006 5874 iu
1017 5817 1137 5888 epistola
1150 5833 1238 5888 quarn
1252 5816 1288 5872 ad
1299 5817 1413 5874 Cleruru
1425 5817 1584 5872 Roruenum
1599 5813 1710 5886 scripsit
1724 5830 1792 5885 pur·
