4012 6192
230 273 281 341 sss
603 281 647 340 no
667 281 780 342 orem
799 285 827 342 s.
849 249 1006 340 creerinr
1024 277 1171 338 smnus
1189 276 1330 338 sereno.
1353 279 1374 340 r.
1396 309 1427 322 -
1443 279 1553 340 ouen.
1846 281 1889 340 sn

231 409 343 480 sulitur,
358 406 412 465 nisi
426 406 493 481 quia
507 424 543 465 ne
559 408 622 482 ipsa
637 411 672 466 sit
692 410 831 466 timetur?
844 411 942 467 Cultus
959 411 1044 466 etiarn
1056 411 1128 490 Ant
1147 407 1302 464 odiantur:
1317 411 1382 464 aute
1401 409 1498 466 oeulos
1514 408 1679 464 observetur
1695 407 1826 464 delormis
1846 409 1890 464 iste

232 503 360 560 mulieris
375 502 485 575 pudicae
499 503 618 575 pudicus
633 506 681 574 sit3
697 504 868 560 adulterium
885 504 976 560 tidelis
992 521 1045 560 nec
1096 503 1182 573 atque
1198 502 1322 574 dejectus
1336 504 1444 574 peccati
1463 503 1567 576 pudor.
1584 500 1751 560 Poeuitsntia
1765 501 1824 572 ipsa
1835 519 1891 558 crim

232 598 261 652 in
289 597 428 652 coloribus
454 599 574 654 nemrit.
605 599 735 655 Vestibus
762 617 863 656 aarum
895 600 1044 667 intexere,
1095 594 1216 650 luctibus
1231 596 1287 651 suis
1301 597 1515 652 commissorum
1538 597 1690 652 criminum
1710 594 1802 669 827
1819 597 1893 652 inbo-

232 691 312 762 quasi
327 691 421 763 pretio
436 699 477 748 est
491 697 583 748 restes
602 709 795 766 eorrumpere.
813 694 887 760 Quid
906 693 981 751 inter
999 695 1044 749 fita
1095 692 1177 744 nesta
1194 691 1361 746 contestatio
1378 697 1429 746 est.
1446 689 1522 746 Nihil
1537 689 1735 746 consideretur
1746 689 1850 746 curiose
1868 691 1894 746 in

231 785 386 840 staminum
401 785 530 858 delicata,
546 787 640 858 rigida
658 787 768 844 iaciunt
786 788 924 844 metalla?
939 789 995 844 nisi
1013 793 1046 844 ut
1095 780 1194 838 alienis
1219 783 1360 840 vultibus?
1384 785 1481 841 Sermo
1504 789 1532 862 et
1556 783 1649 840 brevis
1672 783 1719 851 sit,
1742 787 1770 838 et
1795 783 1893 838 sobrius

232 878 353 936 [luentes
371 880 507 936 humeros
523 883 668 952 prement,
687 885 716 936 et
735 881 878 938 luxuriam
894 882 1045 938 infeliciter
1095 876 1177 945 risus,
1191 877 1305 949 signum
1320 881 1362 934 est
1374 879 1452 934 enim
1465 878 1552 934 animi
1565 877 1653 933 facilis
1665 882 1695 934 et
1708 877 1824 944 remissi,
1836 893 1894 934 uem

232 972 1044 1047 animijectantisostendent‘lQnidcumcervieespere-
1096 974 1240 1026 corrlactns
1270 971 1383 1027 recedat
1409 971 1493 1026 etiam
1519 973 1664 1027 honestus.
1693 971 1768 1028 Nihil
1797 972 1894 1042 corpori

234 1066 324 1136 grinis
337 1067 478 1138 lapidibus
491 1075 631 1142 urgentur
644 1069 903 1138 etabseonduntur,
918 1087 1044 1142 quornm
1095 1064 1188 1135 liceat,
1204 1064 1254 1122 ubi
1276 1065 1421 1121 vitandum
1438 1071 1480 1120 est
1496 1066 1622 1137 corporis
1635 1065 1749 1120 vitium.
1764 1065 1897 1136 cogitetur

233 1160 326 1230 pretia
341 1161 430 1217 eliam
445 1162 506 1216 siue
522 1162 629 1218 artibus
643 1162 846 1219 Kalendarium
860 1164 981 1235 cujusvis
995 1181 1045 1222 erc·
1097 1175 1184 1230 quam
1209 1159 1363 1216 honestum
1384 1161 1420 1214 sit
1436 1159 1534 1216 vicisse
1554 1160 1693 1229 dedecus,
1715 1174 1801 1231 qoam
1822 1157 1895 1212 inho·

234 1254 338 1310 cedunt
352 1255 407 1326 (17)
415 1256 500 1311 lNon
516 1261 634 1312 ornatur
646 1256 759 1324 mulier,
775 1258 824 1313 sed
838 1257 905 1312 sitia
919 1257 1046 1314 mulieris
1096 1258 1208 1308 nestum
1225 1254 1330 1310 victum
1348 1270 1408 1310 esse
1421 1253 1570 1310 dedecore.

234 1349 435 1404 ostenduntur.
448 1348 521 1413 pisid
535 1365 601 1404 carm
615 1349 696 1420 digiti
710 1350 758 1404 tali
772 1367 840 1406 auro
855 1353 976 1420 onerati,
994 1369 1046 1408 nee
1132 1349 1197 1402 lllV.
1218 1348 1375 1404 Dicendum
1391 1347 1477 1402 etiam
1496 1348 1574 1420 quod
1591 1347 1767 1404 adulterium
1783 1349 1897 1418 voluptas

233 1441 341 1496 inirem
354 1448 484 1512 possent,
498 1459 550 1498 nec
563 1443 669 1515 egredi,
684 1447 781 1500 ulrum
794 1462 861 1500 usus
872 1446 1045 1518 exposcitur,
1096 1458 1156 1496 uon
1175 1444 1228 1510 est,
1247 1441 1296 1496 sed
1317 1445 1419 1498 insutus
1432 1442 1616 1512 contumelia,
1636 1457 1691 1498 nec
1710 1441 1846 1498 delectere
1858 1457 1899 1513 po

234 1551 271 1589 au
287 1535 526 1605 patrimoniorum
545 1536 639 1592 inanis
657 1553 766 1610 pompa
785 1540 983 1595 monstraturi
997 1541 1044 1596 ui-
1097 1539 1161 1602 lest,
1177 1535 1251 1606 quod
1266 1541 1294 1590 et
1306 1537 1434 1592 animam
1449 1536 1599 1592 interficiat
1613 1539 1643 1592 et
1655 1535 1811 1606 pudorem.
1824 1536 1898 1590 Coer-

232 1643 297 1684 rum
312 1628 473 1701 negotium,
489 1631 622 1686 mulieres
635 1632 668 1686 ed
686 1631 781 1688 omnia
797 1632 935 1704 delicatae,
950 1635 984 1690 nd
1004 1633 1044 1688 ri·
1097 1632 1160 1684 ceet
1190 1629 1303 1684 animus
1324 1631 1452 1686 stimulos
1476 1629 1579 1698 cernis,
1607 1630 1748 1684 refraenet
1772 1629 1898 1699 impetum

234 1721 340 1777 tiorum
353 1723 476 1778 sarcinas
491 1724 622 1780 fortiores
634 1731 699 1780 snut
713 1727 790 1782 viris.
1098 1723 1233 1796 corporis.
1249 1723 1362 1796 decepit
1382 1725 1458 1780 enim
1482 1724 1557 1780 hanc
1574 1728 1759 1795 potestatem,
1774 1725 1803 1776 ut
1817 1722 1854 1776 illi
1871 1723 1899 1775 ad

267 1817 335 1872 lllll.
362 1817 471 1872 Sedet
496 1824 624 1890 repetam
649 1836 713 1892 quae
739 1836 902 1892 coeperam,
926 1820 1046 1876 colenda
1060 1787 1901 1890 Bimperiumejnsmcmbreseruireet3etquasilegitimus

233 1927 347 1982 semper
367 1911 503 1982 pudicitia
524 1912 590 1968 viris
615 1916 644 1968 et
665 1913 789 1984 leminis,
815 1914 893 1969 omni
919 1915 1047 1970 custodia
1098 1927 1131 1964 aa
1145 1911 1287 1983 perlectus
1300 1909 1397 1984 828
1413 1911 1522 1984 sumgar,
1539 1909 1902 1979 ultracencesssscorperis

233 2004 376 2082 servenda
396 2008 439 2060 est
456 2006 531 2060 intra
554 2005 660 2061 limites
683 2023 757 2060 suos.
778 2006 839 2066 Cilo
860 2013 963 2062 natura
984 2025 1045 2063 cor·
1096 2007 1190 2059 metes
1204 1989 1381 2060 'extollentes
1405 2022 1435 2060 se
1465 2005 1557 2060 cernis
1585 2006 1732 2076 impetus,
1758 2002 1901 2058 caelestium

232 2099 312 2168 poris
323 2097 498 2170 periclitatur
508 2099 538 2154 in
550 2116 678 2172 corpore,
690 2100 759 2155 dum
773 2100 847 2172 rapit
857 2101 937 2156 illam
951 2118 1048 2158 secum
1097 2101 1308 2170 praeceptorum
1330 2099 1447 2154 habenis
1468 2099 1614 2166 reflectat;
1629 2114 1668 2152 ne
1689 2097 1764 2152 ultra
1780 2097 1902 2152 terminos

233 2208 309 2258 caro,
321 2209 387 2264 que
399 2209 515 2265 semper
524 2193 553 2248 in
566 2194 646 2266 lapsu
660 2196 711 2249 esi.
723 2195 779 2252 Sub
791 2200 931 2268 pretextu
942 2197 1047 2268 quippe
1097 2208 1162 2248 suos
1175 2209 1275 2248 currus
1289 2193 1342 2248 iste
1354 2193 1482 2265 corporis
1494 2196 1600 2264 raptus,
1615 2192 1644 2246 in
1658 2191 1821 2263 periculum
1831 2205 1902 2244 suum

232 2291 341 2342 notares
365 2303 429 2359 quae
452 2287 586 2344 homines
607 2304 721 2361 semper
747 2294 830 2360 urget
853 2289 888 2344 ad
913 2289 1046 2357 allectus,
1098 2301 1195 2342 secum
1218 2291 1247 2340 et
1267 2287 1362 2357 ipsum
1384 2287 1474 2359 rapiat
1500 2285 1641 2358 aurigam.
1668 2285 1728 2342 Sed
1748 2285 1821 2340 inter
1840 2284 1902 2350 hec,

234 2379 336 2451 quibus
360 2381 452 2436 ruine
473 2381 590 2454 collapsi
612 2383 725 2454 generis
744 2383 949 2453 resarciuntnr;
970 2384 1048 2440 blan·
1098 2379 1190 2435 immo
1206 2386 1236 2436 et
1249 2385 1316 2436 aute
1331 2380 1404 2449 haec,
1419 2383 1518 2436 contra
1533 2380 1632 2434 turbas
1644 2383 1676 2434 et
1689 2377 1760 2434 ritis
1772 2377 1862 2434 omnia
1873 2376 1902 2430 de

235 2473 362 2530 dimonte
378 2475 532 2546 voluptatis
548 2475 658 2544 tollens,
673 2493 730 2532 uon
747 2477 825 2533 ducit
842 2478 877 2532 ad
898 2478 1046 2534 contineri·
1099 2472 1203 2529 divinis
1222 2475 1321 2530 castris
1341 2473 1478 2529 auxilinm
1494 2474 1650 2545 petendum
1663 2474 1711 2528 est
1726 2490 1733 2527 :
1748 2473 1822 2528 solus
1834 2471 1901 2526 enim

235 2567 306 2622 tiem
321 2568 459 2639 legitimae
472 2569 682 2640 conjunctionis
697 2569 833 2640 sobolem,
848 2570 897 2626 sed
912 2572 1002 2644 jactat
1019 2573 1048 2627 in
1098 2573 1200 2640 potens
1216 2571 1259 2624 est
1270 2570 1342 2624 heus
1357 2568 1406 2640 qni
1420 2568 1553 2624 homines
1566 2567 1704 2638 dignatus
1718 2570 1762 2622 est
1772 2565 1869 2632 fecere,
1880 2571 1905 2618 et

234 2660 354 2716 crimen.
374 2663 447 2733 Ergo
464 2650 564 2719 contra
582 2664 633 2720 hes
649 2664 742 2720 carnis
760 2663 886 2733 insidias,
901 2665 1003 2737 quibus
1018 2683 1048 2720 se
1098 2661 1183 2734 plena
1203 2661 1368 2717 hominibus
1387 2662 1489 2716 auxilia
1504 2664 1651 2732 prestare.
1670 2663 1732 2732 Ego
1752 2675 1840 2732 penca
1857 2658 1904 2712 dic·

234 2755 363 2812 diabolus
387 2762 415 2810 et
439 2756 548 2812 socium
569 2757 675 2830 ingerit
695 2762 723 2813 et
744 2759 844 2815 ducem
860 2759 937 2827 lacit,
952 2759 1047 2814 ablue·
1100 2755 1166 2823 invi,
1187 2756 1323 2826 quoniam
1348 2770 1405 2810 non
1426 2759 1467 2809 est
1490 2754 1669 2826 propositum
1691 2754 1824 2808 volumen
1844 2750 1903 2805 scri·

235 2848 355 2904 tandum
377 2852 420 2905 est
443 2849 522 2906 omni
543 2867 647 2922 genere
670 2852 790 2908 virtutis.
815 2857 983 2910 assumetur
1005 2869 1047 2909 se·
1099 2849 1179 2918 bere,
1194 2848 1245 2904 sed
1258 2848 1460 2905 allocutionem
1474 2849 1677 2904 transmittere.
1693 2849 1750 2903 llos
1759 2847 1903 2916 Scripturas

234 2943 360 2998 eundum
381 2944 546 3014 Apostolum
569 2944 671 3002 Christi
695 2962 793 3019 opera,
815 2951 844 3002 et
868 2963 884 3001 a
909 2948 1049 3002 consortio
1100 2942 1229 3014 aspicite,
1244 2941 1464 3014 exemplarohis
1477 2941 1512 2996 de
1527 2940 1596 3014 ipsis
1610 2941 1765 3012 preceptis
1780 2935 1904 3010 hujusrei

234 3037 326 3092 cernis
344 3040 483 3110 qrruuturn
503 3042 599 3110 polest
616 3039 729 3094 animus
744 3040 916 3113 colligatur:
936 3058 1048 3113 separe·
1101 3037 1212 3108 majora
1230 3035 1401 3108 conquirite.
1416 3036 1526 3090 Fratres
1540 3034 1713 3104 charissimi,
1726 3034 1801 3090 bene
1815 3031 1902 3088 relate¹

233 3136 280 3186 tur
299 3148 455 3189 consensus
474 3149 489 3188 a
509 3148 638 3206 corpore,
657 3133 724 3188 sitia
743 3150 857 3207 semper
877 3135 1087 3232 castigenturc

913 3269 998 3332 Edit.
1021 3269 1125 3334 Oxou.
1149 3271 1247 3331 noim.

266 3369 315 3434 llll
349 3368 545 3421 Kelendertam
585 3369 700 3434 cujusvis
736 3369 870 3420 excedant.
918 3367 1053 3420 Similiter
1103 3369 1181 3431 epist.
1206 3365 1247 3427 88)
1270 3367 1297 3415 et
1320 3363 1428 3414 tabulas
1451 3361 1618 3414 domesticas
1643 3360 1793 3425 significet,
1815 3357 1905 3423 quihus

235 3443 434 3502 Tertullianus,
457 3440 489 3492 de
511 3439 606 3492 Habita
634 3439 767 3500 muliebri,
789 3453 846 3490 uno
874 3441 931 3490 lino
959 3439 1052 3492 docies
1102 3439 1271 3488 annotentur
1295 3447 1358 3500 quoe
1383 3436 1416 3492 in
1445 3434 1570 3498 singulos
1597 3445 1711 3482 menses
1737 3431 1904 3494 accipiuntur,

235 3514 392 3566 sestertium
417 3512 575 3573 insumitur,
595 3511 683 3561 saltus
704 3515 730 3561 et
752 3511 859 3562 insulse
881 3515 974 3562 tenera
995 3524 1053 3562 cer·
1102 3511 1129 3560 et
1143 3520 1190 3558 eas
1207 3508 1235 3557 in
1256 3506 1358 3572 quihus
1376 3506 1536 3570 proscriptae
1553 3507 1630 3556 erant
1646 3516 1744 3554 usuros
1766 3501 1797 3552 ed
1821 3501 1906 3551 Kelen-

234 3587 281 3636 vix
306 3586 366 3648 lert,
380 3584 498 3648 graciles
513 3583 624 3633 aurium
640 3586 719 3632 cutes
738 3580 932 3633 Kalendarium
948 3595 1052 3646 expen-
1103 3579 1152 3629 des
1181 3578 1343 3641 exigendae,
1368 3578 1439 3628 sieut
1472 3580 1545 3627 recte
1573 3575 1719 3626 annotavit
1747 3573 1902 3626 Rhenanus:

235 3655 314 3717 dunt,
329 3659 357 3707 et
371 3657 400 3706 in
415 3655 527 3705 sinistra
548 3667 597 3717 per
618 3654 743 3716 singulos
757 3653 862 3716 digitos
881 3653 916 3704 de
935 3652 1053 3718 singulis
1103 3651 1238 3715 Ulpianus
1253 3651 1327 3700 enim
1344 3653 1371 3698 et
1388 3648 1535 3699 Africanus
1552 3645 1758 3710 jurisconsulti,
1777 3644 1905 3710 posteriori

234 3728 321 3777 seccis
340 3725 432 3787 ludit;
452 3729 480 3775 et
499 3726 622 3790 seipsum
637 3724 797 3788 explicans:
813 3725 864 3775 He
878 3727 943 3774 sunt
956 3724 1027 3774 vires
1103 3722 1156 3774 heo
1179 3719 1381 3784 significatione
1403 3723 1529 3770 utuntur.
1548 3717 1641 3780 Quare
1659 3731 1720 3770 non
1743 3721 1785 3768 est
1806 3725 1905 3765 nocens

235 3799 335 3862 inquit,
354 3797 513 3848 ambitionis
536 3799 675 3846 tantarum
696 3809 846 3846 usurarum
868 3795 1052 3845 substantiam
1103 3794 1251 3857 confugere
1266 3791 1301 3842 nd
1322 3793 1509 3856 conjecturam
1527 3789 1645 3850 Erasmi,
1658 3793 1692 3840 ut
1713 3786 1905 3855 legaturcplia-

235 3883 293 3920 uno
316 3873 341 3918 et
364 3867 494 3920 muliebri
518 3867 685 3932 corpusculo
705 3865 838 3931 bajulare.
854 3865 1053 3916 Kelenderiurn
1102 3864 1294 3915 eremmanos
1308 3863 1445 3922 secedunt,

235 3941 310 3990 enim
328 3955 378 3992 seu
396 3938 555 3992 Kalendarii
572 3939 643 3990 liber
657 3942 697 4002 (ut
708 3941 915 4003 nuncupatura
935 3935 1052 4000 Seneca,

233 4123 361 4138 μ

691 4381 693 4386 ι
773 4288 849 4453 S.
897 4283 1383 4453 CYPRIANI

628 4571 996 4666 uxueerarro
1029 4569 1107 4661 an
1142 4501 1546 4660 rcunrrnnrnn

1002 4775 1149 4789 ψ

529 4939 724 5010 JOANNIS
747 4931 1069 5005 CHRYSOSTOMI
1089 4927 1362 4998 TROMBELLII
1380 4927 1615 4994 PRAEFATIO

277 5143 296 5197 l.
311 5143 437 5198 Tametsi
453 5144 583 5197 accurate
604 5152 777 5209 summaque
793 5132 942 5206 diligentia
957 5129 1067 5186 codices
1085 5129 1199 5184 nostros
1213 5125 1457 5199 perlustraverim,
1470 5131 1556 5198 atque
1571 5143 1618 5182 eos
1633 5125 1791 5198 presertim
1806 5120 1850 5196 qni
1863 5135 1900 5174 rc·
1969 5159 1970 5202 p

240 5234 334 5286 terum
351 5234 501 5286 auctorum
514 5229 646 5302 epistates
661 5234 689 5283 et
704 5227 839 5299 opuscula
852 5223 1010 5292 continent,
1026 5236 1101 5292 seeps
1115 5217 1233 5275 enimin
1248 5217 1281 5272 iis
1294 5217 1383 5274 latent
1396 5218 1527 5290 pretiosae
1540 5216 1672 5290 quaedam
1684 5222 1811 5272 veterum
1823 5211 1900 5279 scrip·

241 5327 335 5376 torurn
362 5321 501 5392 reliquiae,
524 5337 593 5392 ques
617 5318 752 5389 colligere
775 5316 964 5386 evulgareque
986 5311 1129 5368 litterariae
1152 5308 1315 5380 reipublice
1339 5309 1456 5381 plurimi
1480 5309 1609 5380 interest,
1631 5308 1677 5364 uhi
1693 5314 1791 5363 tamen
1812 5305 1843 5359 sd
1862 5315 1903 5354 cos
1969 5329 1970 5362 3

239 5411 366 5482 perveni,
379 5413 428 5482 qni
443 5409 576 5482 Cypriani
589 5409 691 5480 scripte
706 5407 865 5472 continent,
880 5404 1061 5476 diligentiam
1077 5402 1152 5470 auri,
1167 5415 1284 5472 sperans
1299 5399 1405 5454 scilicet
1416 5396 1493 5470 quod
1507 5401 1636 5465 Erssmo,
1649 5397 1782 5462 bisuntio,
1793 5389 1901 5450 llerellio
1969 5401 1970 5444 l

241 5499 393 5568 accideret,
410 5501 438 5556 id
452 5499 522 5553 mibi
538 5515 651 5570 quoqne
668 5501 847 5550 ercrrlurum.
863 5492 998 5565 Cypriani
1012 5492 1125 5548 codices
1138 5507 1203 5546 cum
1219 5489 1259 5543 illi
1274 5488 1400 5544 studiose
1415 5489 1607 5562 exquisitaque
1623 5487 1824 5560 persolverunt,
1839 5493 1902 5552 qlia-

243 5589 308 5644 danr
324 5605 467 5661 reperere,
480 5605 544 5660 qum
558 5587 717 5660 superiores
729 5585 922 5656 typographos
933 5583 1090 5650 latuerant;
1103 5597 1168 5651 qnae
1182 5581 1277 5632 tamen
1291 5577 1327 5632 ob
1341 5577 1536 5648 praestantiam
1550 5593 1629 5658 suam
1642 5575 1808 5633 videbantur
1819 5583 1901 5662 capos¹
1969 5617 1970 5650 ,

239 5697 315 5746 cere,
332 5683 362 5734 ut
377 5679 574 5752 proferrentur
588 5677 617 5732 iu
636 5676 738 5731 lucem.
753 5676 814 5729 lica
835 5691 878 5730 me
894 5691 953 5728 non
968 5687 1083 5742 prorsus
1101 5668 1204 5724 refellit
1219 5666 1326 5739 opinio.
1344 5665 1491 5722 Eduohus
1505 5682 1574 5737 quos
1594 5665 1767 5736 possidemus
1783 5659 1900 5732 Cypriam

240 5770 393 5836 codicibus,
411 5771 483 5827 alter
501 5769 588 5822 allero
604 5766 746 5837 copiosior
761 5771 813 5832 est,
831 5767 915 5835 etque
932 5761 1015 5828 adeo,
1034 5766 1063 5813 nt
1082 5759 1225 5813 universas
1241 5758 1300 5812 lere
1321 5756 1456 5828 Cypriani
1477 5756 1609 5827 epistolas
1628 5751 1722 5828 829
1738 5757 1766 5805 et
1782 5745 1899 5820 opuscula

241 5860 467 5932 complectatur:
485 5873 549 5928 qum
568 5857 637 5910 dum
658 5853 840 5910 solertissime
859 5851 995 5922 perquiro
1015 5863 1207 5920 comparoque
1224 5862 1289 5901 eum
1309 5846 1403 5912 editis,
1422 5861 1451 5901 se
1474 5845 1545 5900 mibi
1563 5844 1674 5900 libellus
1700 5839 1807 5905 obtulit,
1825 5847 1897 5907 quern
