4076 6190
176 274 210 332 35
822 255 855 320 b.
874 253 1058 319 ruuuuurn
1075 253 1204 318 usuam
1818 261 1853 322 gn

175 402 277 474 inquo
289 399 408 458 nomine
428 397 547 454 virtutes
561 407 662 451 omues
674 392 770 449 solent
789 389 852 446 lieri
874 395 902 446 et
922 405 1130 460 nonnunquam
1148 389 1237 444 etiam
1259 388 1362 462 aliqua
1381 387 1416 445 ab
1439 387 1604 448 homiuibus
1616 390 1770 450 extraneis.
1785 415 1799 446 s
1813 394 1853 449 Ex

177 490 280 564 quibus
291 487 434 545 concludit
448 484 642 543 Tillemontius
670 482 746 538 hunc
771 480 950 552 scriptorem,
964 479 1017 534 etsi
1035 478 1139 534 letetm
1161 481 1218 532 tres
1233 493 1369 549 personas
1389 479 1534 536 nominari
1555 481 1644 537 solere
1667 481 1696 537 in
1718 481 1853 556 Ecclesia,

176 597 234 636 non
247 583 341 634 tamen
355 577 468 632 irritum
488 572 662 646 baptismum
685 573 799 643 putare,
814 567 878 623 siin
893 568 952 623 solo
972 568 1036 623 iesu
1060 566 1176 622 nomine
1198 567 1370 622 conseratur.
1390 567 1444 624 Sed
1465 575 1562 625 noster
1582 570 1629 626 ille
1652 573 1772 643 scriptor
1794 587 1853 628 nou

178 669 207 725 id
223 669 274 724 sibi
288 666 385 737 objicit
398 680 430 720 ex
443 663 547 718 Christi
560 660 654 716 verbis
669 662 721 714 :ln
733 661 841 714 nomiae
853 659 945 712 Putris
955 662 981 712 et
991 657 1054 712 mut
1072 662 1098 710 et
1109 657 1231 727 Spiritus
1244 659 1353 723 concep
1369 657 1418 712 sed
1429 657 1510 726 illud,
1525 660 1620 715 Doccte
1632 666 1722 729 gentes
1735 679 1744 716 c
1758 677 1853 733 neque

177 757 249 814 illud
262 754 390 812 defendit
402 753 542 826 baptisma
556 751 602 806 cui
614 749 687 806 desit
698 748 787 804 trium
803 749 989 802 Personarum
1007 746 1172 817 appellatio,
1183 745 1230 800 sed
1246 745 1292 800 cui
1308 745 1382 802 desit
1395 767 1410 796 u
1423 747 1532 804 sincera
1547 749 1626 817 tides,
1640 769 1655 802 s
1670 755 1698 806 et
1710 751 1789 822 quod
1802 753 1852 820 ait,

178 868 193 900 u
209 848 238 901 ln
249 844 371 902 Ecclesia
384 841 593 899 observandum
607 844 637 896 et
650 837 794 895 observari
807 836 933 904 solitum,
948 836 1098 892 »refertur
1111 836 1146 891 ad
1159 833 1305 909 35-36
1319 835 1381 892 haec
1390 838 1493 894 rerba:
1507 841 1557 903 lte,
1571 840 1768 910 docetegentes.
1784 842 1854 897 ilinc

177 935 326 1009 Apostolos
338 931 494 998 contendit,
511 946 576 988 cum
600 927 735 1000 baptizati
754 931 821 981 sunt
840 924 1003 980 ludaeorum
1028 941 1119 994 more,
1133 925 1168 980 de
1188 925 1293 982 Christi
1307 925 1520 982 immortalitate
1540 928 1670 997 sensisse,
1691 945 1744 985 nec
1766 930 1853 1001 ipsius

176 1026 302 1080 mortem
322 1026 351 1078 et
370 1019 610 1075 resurrectionem
632 1013 781 1072 credidisse
797 1029 804 1069 :
819 1014 894 1071 unde
916 1015 954 1070 sic
976 1014 1121 1072 concludit
1131 1019 1171 1086 (p.
1189 1016 1251 1085 ³60)
1267 1031 1273 1070 :
1290 1035 1305 1066 u
1327 1017 1425 1089 ltaque
1446 1017 1524 1089 quod
1546 1017 1584 1073 ad
1607 1018 1681 1089 ipsos
1700 1016 1853 1090 discipulos

177 1111 312 1186 pertinet,
323 1125 415 1182 neque
430 1107 585 1180 perlectam
599 1104 685 1160 Edem
702 1102 845 1171 habuisse,
857 1103 903 1159 bis
915 1102 1008 1160 modis
1023 1103 1125 1176 quibus
1136 1104 1286 1160 retulimus
1300 1104 1497 1174 inveniuntur,
1509 1106 1622 1178 etquod
1635 1106 1726 1162 multo
1740 1108 1854 1179 gravius

178 1205 230 1269 est,
245 1201 317 1256 sicut
329 1201 358 1256 in
371 1198 524 1270 Evangelio
534 1202 594 1252 sau
605 1197 747 1251 ioannem
764 1192 900 1265 scriptum
918 1199 971 1257 est,
986 1193 1070 1249 etiam
1085 1193 1154 1248 alios
1168 1192 1359 1264 baptizabant.
1378 1216 1393 1246 »
1407 1195 1467 1250 Non
1480 1209 1550 1267 ergo
1561 1197 1656 1267 agitur
1668 1196 1723 1253 hoc
1744 1197 1806 1252 loco
1819 1196 1853 1252 de

179 1289 368 1362 appellatione
381 1287 468 1344 trium
481 1288 681 1351 Personarum,
699 1282 745 1339 sed
758 1298 805 1338 res
817 1287 849 1338 ut
863 1288 939 1338 certa
951 1297 984 1338 ac
998 1281 1116 1337 minime
1129 1285 1310 1337 controversa
1328 1283 1454 1356 ponitur,
1468 1299 1521 1340 uec
1535 1284 1678 1356 Baptisma
1690 1285 1720 1340 in
1737 1285 1854 1340 nomine

176 1383 243 1438 iesu
256 1379 332 1452 apud
345 1379 420 1434 hunc
436 1377 605 1448 scriptorem
618 1373 694 1429 aliud
709 1377 801 1442 sonat,
818 1370 959 1428 stridere
973 1374 1065 1426 estex
1083 1370 1174 1426 serbis
1186 1373 1271 1428 modo
1286 1372 1387 1441 citatis,
1400 1387 1433 1428 ac
1450 1373 1696 1447 baptismusque,
1711 1374 1854 1447 baptisma

177 1472 207 1527 in
220 1468 339 1526 nomine
354 1467 443 1523 Patris
456 1471 485 1522 et
497 1465 559 1520 Filii
573 1469 600 1518 et
613 1463 734 1534 Spiritus
747 1461 848 1517 sancti.

212 1562 275 1616 tem
285 1571 353 1613 vero
368 1573 426 1612 non
439 1555 527 1627 longa
540 1553 732 1627 disputatione
745 1566 818 1623 opus
831 1555 874 1608 est
895 1556 926 1605 ut
946 1557 1190 1622 propugnaturus
1208 1551 1354 1624 Stephano
1376 1569 1449 1626 papa
1462 1553 1625 1611 institutum
1645 1571 1679 1610 ex
1694 1555 1855 1612 traditionis

179 1645 343 1721 apostolicas
355 1642 483 1700 lontibus
496 1641 664 1715 profluxisse
678 1641 920 1697 demonstremus.
931 1639 1049 1712 vigebat
1056 1639 1155 1712 utique
1168 1641 1229 1697 haec
1243 1643 1431 1708 consuetudo,
1447 1645 1573 1716 exceptis
1585 1644 1638 1699 illis
1652 1644 1855 1716 ecclesiisquas

177 1736 354 1810 synodorum
368 1734 484 1790 decreta
506 1731 536 1788 in
560 1732 648 1787 aliam
670 1730 839 1788 senteutiam
861 1730 1048 1785 detorserant.
1073 1729 1187 1786 Nullum
1209 1731 1239 1786 in
1259 1731 1412 1788 Occidente
1433 1733 1584 1806 vestigium
1604 1734 1697 1789 iterati
1722 1733 1855 1805 Baptismi

176 1830 368 1900 preterquam
380 1823 410 1879 in
424 1822 528 1878 Airics.
542 1823 573 1877 lu
593 1821 711 1876 Oriente
726 1823 846 1876 testatur
865 1818 1001 1874 Eusebius
1013 1817 1095 1890 (liist.
1106 1820 1124 1874 l.
1140 1835 1186 1890 nr,
1200 1837 1222 1876 c.
1235 1821 1263 1894 t)
1277 1823 1424 1894 antiquam
1438 1823 1675 1879 consuetudinem
1693 1823 1853 1888 invaluisse,

178 1919 210 1972 ut
233 1915 263 1970 iu
285 1911 458 1984 recipiendis
481 1910 626 1966 hereticis
652 1911 713 1966 sola
733 1924 872 1966 manuum
896 1908 1042 1980 impositio
1062 1923 1128 1964 cum
1155 1910 1369 1981 precationibus
1391 1913 1585 1969 adhiberetur.
1610 1913 1718 1969 liorem
1743 1913 1856 1985 lEgypti

176 2003 365 2079 perspicimus
385 2017 419 2056 ex
439 1999 610 2055 testimoniis
634 1999 758 2071 Dionysii
776 1997 962 2057 Alexandrini
982 1998 1058 2070 apud
1078 1997 1229 2054 Eusebium
1254 1999 1284 2054 in
1305 2000 1406 2057 ecdem
1430 2001 1503 2058 libro
1526 2003 1713 2058 exstantibus.
1738 2003 1856 2058 llinatrrs

178 2096 271 2152 luerat
284 2091 446 2163 Stephanus
458 2105 488 2146 se
506 2105 573 2145 curn
593 2089 779 2161 Cappadocia,
794 2087 901 2156 Cilicia,
919 2088 1026 2144 Galatia
1040 2091 1070 2143 et
1088 2089 1217 2145 tinitimis
1238 2089 1405 2162 reffl'onibus
1427 2107 1486 2147 nou
1508 2093 1805 2159 communicaturum;
1827 2093 1856 2146 at

176 2183 263 2242 nuhaa
283 2195 400 2254 prorsus
427 2179 462 2236 de
487 2180 608 2250 AEgypto
634 2179 777 2249 querelm;
801 2177 960 2249 quinetiam
987 2177 1136 2249 Dionysius
1157 2178 1375 2247 Alexandrinus,
1404 2193 1510 2250 magno
1537 2180 1667 2236 Ecclesia
1692 2180 1854 2250 commodo,

177 2269 351 2343 interposuit
361 2283 392 2323 se
406 2266 435 2323 in
457 2265 682 2340 pacificationem
694 2265 813 2321 dissidii.
837 2265 919 2330 Quod
935 2271 1030 2322 autem
1045 2267 1173 2338 xystum,
1189 2267 1349 2322 Romanum
1373 2268 1549 2338 pontificem,
1563 2270 1771 2325 consulendum
1794 2285 1855 2325 esse

177 2363 258 2419 duxit
269 2361 304 2416 de
319 2358 437 2415 homine
448 2356 622 2428 jamdudum
636 2355 667 2410 in
680 2355 832 2412 Ecclesiam
844 2371 969 2425 reverso,
983 2355 1033 2410 sed
1047 2355 1096 2427 qui
1111 2372 1141 2411 se
1153 2355 1243 2427 impio
1257 2361 1286 2411 et
1299 2355 1383 2428 plene
1396 2355 1585 2429 blasphemie
1598 2356 1744 2429 baptismo
1757 2356 1854 2412 initia·

178 2453 240 2506 tum
262 2448 347 2502 fuisse
371 2445 560 2511 meminerat3
583 2443 612 2498 id
634 2460 691 2498 non
711 2443 803 2500 solum
827 2443 953 2517 Dionysii
974 2444 1192 2500 consensionem
1216 2461 1281 2500 curn
1306 2445 1428 2501 Ecclesia
1455 2445 1594 2516 Romana,
1614 2451 1642 2501 et
1669 2446 1795 2502 alienam
1820 2445 1855 2502 ab

176 2537 309 2596 iterando
324 2535 467 2606 Baptismo
480 2533 610 2588 animum
625 2532 758 2601 declaret,
767 2534 817 2590 scd
831 2533 919 2590 etiam
931 2539 1102 2606 argumento
1111 2536 1154 2589 est
1163 2531 1200 2588 ad
1214 2532 1303 2603 ipsius
1314 2531 1510 2587 decessoribus
1519 2530 1635 2587 lleracla
1649 2537 1700 2587 aut
1710 2532 1854 2588 Demetrio

177 2626 226 2698 qui
241 2626 318 2681 huuc
332 2623 480 2679 homiuem
495 2623 671 2692 receperant,
686 2621 784 2678 solitos
798 2637 856 2678 nou
875 2622 960 2678 tuisse
980 2622 1133 2678 redeuntes
1146 2622 1293 2678 haereticos
1311 2621 1456 2692 baptizari.
1474 2623 1532 2678 lluc
1553 2621 1663 2678 accedit
1679 2621 1770 2678 Basilii
1779 2621 1856 2677 testi-

175 2715 316 2780 manium,
332 2712 381 2784 qui
392 2711 567 2782 baptismum
579 2710 818 2766 Eunianistarum
833 2711 964 2784 Dionysio
978 2711 1171 2767 Alexandrino
1185 2711 1334 2782 probatum
1348 2710 1434 2766 luisse
1447 2715 1592 2767 asseverat
1604 2728 1666 2766 can.
1686 2716 1709 2766 t.
1724 2711 1802 2776 Quod
1819 2728 1854 2766 ex

176 2802 322 2860 Clemente
345 2797 538 2854 Alexandrino
563 2795 695 2868 objicitur
717 2795 840 2868 (strom,
854 2816 872 2870 1,
893 2819 924 2874 p.
941 2803 1013 2874 illi),
1028 2818 1130 2874 aquam
1152 2799 1352 2857 hereticorum
1375 2817 1437 2856 esse
1460 2815 1563 2874 aquam
1585 2801 1718 2870 alienam,
1742 2801 1772 2856 id
1797 2818 1855 2857 non

176 2887 285 2962 expiari
298 2887 400 2962 probat
413 2885 462 2942 sed
475 2883 667 2941 contaminari
680 2885 730 2957 qui
748 2887 922 2960 Baptismum
943 2889 973 2945 in
994 2890 1095 2946 heresi
1117 2891 1180 2962 jam
1203 2889 1293 2946 adulti
1312 2891 1474 2964 accipiunt;
1496 2896 1524 2946 at
1545 2890 1718 2962 baptismum
1741 2890 1855 2946 irritum

175 2983 272 3036 sancto
283 2976 423 3036 Clementi
435 2975 587 3032 etnullum
601 2974 693 3031 visum
717 2993 849 3035 essenon
874 2978 985 3050 probat.
1002 2979 1146 3035 Difficilius
1166 2980 1202 3035 ad
1224 2980 1423 3051 explicandum
1448 2980 1649 3052 Hieronymus,
1665 2979 1714 3052 qui
1732 2979 1761 3034 in
1781 2979 1854 3035 libro

175 3065 404 3138 descriptoribus
418 3063 601 3119 ecclesiasticis
616 3065 736 3120 testetur
748 3065 913 3137 Dionysium
926 3068 1149 3125 Alexandrinum
1163 3069 1240 3125 idern
1254 3085 1287 3124 ac
1305 3069 1476 3142 Cyprianum
1492 3069 1529 3125 de
1545 3069 1687 3142 baptismo
1707 3068 1853 3125 haeretico·

174 3171 240 3212 rum
254 3153 383 3222 sensisse,
397 3167 430 3208 ac
442 3151 537 3224 plures
549 3167 581 3206 ea
595 3150 630 3206 de
645 3167 676 3206 re
689 3151 798 3208 litteras
813 3157 976 3230 scripsisse;
992 3158 1040 3214 sed
1055 3158 1152 3214 bacin
1166 3175 1197 3214 re
1210 3163 1320 3231 pugnat
1338 3159 1525 3232 Hieronymus
1539 3159 1659 3216 adversa
1675 3158 1770 3215 lrcnte
1787 3175 1854 3214 cum

174 3243 284 3302 Basilio.

210 3336 274 3406 lpsa
289 3332 376 3387 etism
390 3328 482 3386 Alrica
495 3329 575 3385 testis
587 3330 670 3387 citari
685 3336 777 3404 potest
786 3334 863 3391 illius
873 3336 1037 3393 traditionis
1051 3354 1140 3410 quam
1161 3338 1299 3394 acerrime
1316 3339 1507 3413 impugnavit.
1516 3341 1613 3412 lisque
1627 3337 1704 3394 enim
1716 3338 1778 3396 atri
1787 3341 1855 3394 ante

173 3421 325 3498 Agrippini
339 3421 451 3476 decreta
462 3417 637 3492 baptismum
651 3421 686 3476 ab
701 3422 837 3480 hereticis
852 3425 951 3481 datum
965 3427 1122 3496 iterabant3
1139 3427 1225 3498 idque
1244 3425 1319 3498 ipsus
1333 3442 1395 3482 esse
1415 3428 1557 3484 confessos
1577 3427 1748 3500 perspicitur
1761 3443 1794 3482 ex
1811 3425 1855 3482 his

176 3508 333 3568 Firmiiiani
349 3505 463 3562 verbis:
483 3525 497 3554 u
512 3503 594 3570 Quod
608 3506 724 3580 quidem
740 3510 873 3571 adversus
887 3515 1063 3590 Stephanum
1081 3533 1131 3573 vos
1149 3517 1255 3586 dicere,
1272 3516 1341 3586 utri,
1355 3518 1481 3589 potestis,
1498 3518 1612 3590 cognita
1632 3517 1761 3582 veritate,
1776 3532 1854 3572 erro-

174 3619 237 3659 rem
251 3617 300 3656 vos
314 3594 526 3656 consuetudinis
540 3594 695 3670 reliquisse.
713 3621 726 3649 e
743 3603 805 3674 lpse
818 3605 903 3661 eliam
917 3606 1082 3680 Cyprianus,
1093 3608 1163 3664 dum
1173 3605 1213 3662 ait
1224 3607 1255 3663 in
1267 3607 1355 3680 Epist.
1371 3608 1408 3663 od
1420 3607 1549 3664 luboion.
1563 3623 1622 3664 non
1634 3622 1736 3662 novam
1749 3613 1799 3662 aut
1808 3622 1854 3664 rs·

174 3691 324 3766 pentinum
339 3703 400 3742 rem
414 3701 475 3741 esse
488 3690 520 3741 ut
531 3684 711 3758 baptizentur
725 3689 773 3761 qui
788 3692 823 3748 ab
837 3693 977 3752 haereticis
995 3695 1024 3752 iu
1042 3696 1197 3754 Ecclesiam
1212 3697 1342 3766 veniunt,
1356 3696 1407 3753 sed
1427 3698 1531 3754 multos
1549 3713 1640 3753 annos
1658 3713 1720 3753 esse
1742 3713 1778 3754 ex
1796 3713 1854 3770 quo

175 3781 227 3838 sub
240 3777 399 3852 Agrippino
412 3775 441 3831 id
453 3773 577 3847 episcopi
588 3775 619 3830 iu
629 3777 750 3837 concilio
761 3784 931 3853 eminerent,
942 3801 1000 3841 uon
1009 3785 1128 3842 obscure
1138 3785 1174 3842 de
1187 3785 1314 3842 novitate
1325 3786 1467 3858 opinionis
1478 3803 1536 3843 sure
1546 3785 1709 3856 confltetur,
1718 3786 1854 3859 illiusque

174 3871 285 3927 lentem
300 3872 329 3924 et
340 3866 425 3938 caput
437 3864 627 3936 Agrippinum
640 3867 779 3937 agnoscit.
794 3869 969 3930 Existimavit
981 3875 1157 3946 Augustinus
1170 3874 1319 3932 inductum
1331 3876 1368 3930 ab
1379 3876 1538 3948 Agrippino
1553 3893 1675 3946 morem,
1689 3892 1755 3932 crrm
1768 3876 1855 3949 paulu

174 3965 237 4034 posi
257 3957 454 4022 exaruisset,a
474 3953 615 4026 Cypriane
639 3963 802 4016 revocatum
824 3962 921 4020 luisse.
939 3964 993 4020 Sed
1015 3964 1043 4020 id
1066 3965 1183 4020 omuino
1205 3971 1323 4038 pugnat,
1338 3971 1369 4021 ut
1391 3966 1551 4022 observavit
1564 3967 1772 4035 Tillemontius,
1788 3983 1854 4024 cum

174 4048 219 4104 his
233 4044 365 4119 Cypriani
382 4042 476 4100 verbis
489 4059 524 4098 ex
539 4045 626 4115 Epist.
642 4046 680 4101 od
696 4048 828 4106 lubuicn.
844 4067 851 4109 :
868 4074 882 4105 u
900 4055 1020 4119 Quando
1041 4055 1141 4111 exinde
1159 4055 1326 4127 inempe'ab
1343 4055 1511 4128 Agrippino)
1530 4057 1664 4128 usquein
1681 4056 1853 4114 hodiernum

175 4141 219 4194 lot
231 4135 320 4191 millia
335 4133 534 4189 hereticorum
546 4133 575 4188 in
590 4135 743 4207 provinciis
758 4143 861 4198 nostris
876 4143 913 4200 ad
927 4144 1081 4202 Ecclesiam
1094 4146 1223 4202 «conversi
1237 4161 1294 4200 non
1307 4145 1450 4218 aspernati
1463 4145 1531 4215 sint,
1546 4163 1639 4219 neque
1649 4148 1784 4218 cunctati,
1795 4149 1854 4206 imo

176 4227 205 4281 et
218 4220 425 4280 rationabiliter
437 4224 466 4276 et
480 4218 603 4276 libenter
616 4223 740 4294 amplexi
750 4225 818 4297 sint,
833 4237 865 4286 ui
877 4233 982 4290 lavacri
995 4233 1087 4290 vitalis
1098 4239 1128 4290 et
1137 4235 1269 4292 salutaris
1283 4234 1419 4306 Baptismi
1429 4235 1554 4306 gratiam
1565 4241 1821 4309 consequerentur.
1839 4259 1854 4290 »

176 4315 230 4374 Sed
245 4314 269 4369 si
291 4312 446 4384 Cyprianus
466 4310 702 4368 consuetudinem
721 4315 782 4386 jam
800 4321 953 4379 stabilitam
972 4323 1111 4392 defendit,
1128 4340 1231 4379 noram
1251 4327 1326 4380 certe
1350 4323 1524 4396 Agrippinas
1538 4324 1659 4394 induxit,
1673 4327 1707 4379 ut
1725 4328 1769 4382 tot
1787 4325 1855 4382 locis

177 4403 308 4460 observat
318 4399 496 4472 Augustinus
509 4397 539 4454 in
553 4397 634 4454 libris
646 4401 681 4457 de
697 4405 851 4476 baptismo,

212 4491 259 4548 His
272 4487 441 4546 testimoniis
453 4487 609 4560 plurimum
622 4490 701 4546 addit
713 4496 845 4565 ponderis
862 4505 1004 4558 sectarum
1019 4517 1185 4570 consensus,
1201 4517 1265 4575 quae
1281 4505 1431 4574 acceptum
1448 4501 1478 4558 in
1494 4501 1557 4558 eliis
1575 4502 1659 4558 sectis
1677 4503 1854 4576 baptismam

176 4581 281 4640 iterare
295 4595 353 4635 non
367 4575 520 4634 audebant.
535 4576 603 4642 Quis
616 4595 675 4635 nou
689 4582 766 4641 videt
781 4589 824 4642 tot
838 4590 1020 4647 ecclesiarum
1037 4596 1136 4663 totque
1152 4595 1295 4648 sectarum
1316 4608 1484 4648 consensum
1504 4609 1562 4648 non
1583 4592 1619 4648 ab
1642 4592 1697 4648 alio
1716 4595 1808 4665 capite
1827 4600 1855 4652 et

175 4673 254 4729 fonte
269 4687 356 4743 quam
375 4667 411 4723 ab
424 4665 558 4739 apostolis
570 4667 695 4739 fluxisse,
711 4671 741 4728 iu
760 4690 791 4730 re
811 4681 970 4749 praesertim
986 4697 1050 4754 que
1068 4681 1201 4738 maximis
1221 4682 1366 4737 obstructa
1385 4680 1608 4748 difficultatibus,
1631 4697 1683 4736 nec
1700 4680 1855 4753 scripturis

176 4767 274 4837 aperte
289 4759 421 4826 indicata,
435 4773 488 4813 nec
502 4757 562 4813 ullo
581 4759 713 4817 Ecclesie
726 4763 839 4822 decreto
855 4769 1033 4839 confirmata,
1046 4771 1083 4826 ite
1100 4774 1194 4828 tamen
1209 4771 1363 4828 Catholicis
1377 4776 1406 4827 et
1419 4770 1561 4826 hereticis
1575 4771 1722 4843 explorata
1737 4777 1809 4840 eret,
1823 4777 1856 4829 ut

178 4851 320 4908 contraria
331 4847 428 4922 opinio
439 4848 534 4919 gravis
548 4865 629 4906 error
640 4849 795 4910 videretur.
809 4858 960 4931 Nunquam
975 4877 1044 4916 saue
1059 4861 1273 4935 postapostolos
1286 4865 1344 4915 tum
1358 4861 1441 4915 firma
1454 4861 1601 4932 persuasio
1613 4861 1734 4932 insculpi
1750 4861 1855 4918 animis

177 4940 304 5015 potuisse
318 4939 397 4996 nullo
410 4937 617 4996 interveniente
632 4941 772 5000 universe
785 4945 916 5004 Ecclesiae
929 4949 1062 5018 decreto;
1079 4951 1127 5006 sed
1139 4951 1234 5025 potius
1246 4949 1363 5006 heresis
1379 4950 1477 5006 odium
1491 4953 1521 5005 et
1532 4949 1689 5021 justissima
1700 4951 1803 5020 cautio,
1818 4967 1854 5007 ne

178 5035 228 5088 aut
246 5027 409 5084 homiuibus
427 5043 484 5082 nou
502 5027 649 5100 baptizatis
668 5033 844 5092 Eucharistia
864 5037 991 5108 daretur,
1005 5043 1055 5096 aut
1073 5040 1197 5097 inientes
1216 5039 1246 5096 iu
1267 5037 1369 5096 heresi
1390 5038 1525 5112 baptisati
1544 5039 1606 5094 siue
1626 5053 1693 5096 vero
1711 5039 1854 5113 baptismo

177 5119 368 5186 morerentur,
383 5117 579 5174 necessitatem
592 5119 716 5178 iterandi
731 5123 868 5198 Baptismi
880 5127 1011 5201 plurimis
1024 5131 1194 5188 attulissent.

177 5243 221 5302 Vl.
240 5273 276 5286 ·-
294 5257 394 5306 uulnus
408 5255 568 5301 POTIEEIHUH
581 5259 740 5306 eanonicus
755 5265 820 5309 SESE
837 5271 861 5311 E.
875 5270 1026 5315 melanus
1045 5274 1218 5316 baranniam.
1234 5287 1269 5298 -
1285 5271 1337 5312 NEC
1352 5271 1530 5314 SACEAUEM'A
1548 5274 1566 5315 A
1583 5269 1663 5314 ΙᾸΠΒ
1680 5271 1707 5314 tlt
1729 5269 1856 5313 secuere

717 5355 923 5414 auxttttsmrx,
940 5363 1182 5406 accumulent!
1196 5363 1309 5405 ustxcm.

212 5443 345 5515 Quemvis
365 5465 446 5506 suam
462 5447 584 5508 Ecclesia
605 5451 641 5508 de
656 5449 855 5516 hereticorum
870 5461 1013 5536 baptismo
1027 5463 1189 5522 doctrinam
1205 5480 1242 5521 ex
1260 5464 1325 5536 ipso
1338 5463 1531 5536 apostolorum
1545 5479 1595 5520 ore
1607 5462 1757 5536 acceperit,
1768 5461 1856 5519 laten

178 5531 249 5596 dum
264 5541 361 5594 umen
375 5542 418 5594 est
429 5555 486 5596 uon
499 5536 585 5596 tuisse
598 5541 672 5598 benc
684 5545 867 5605 traditionem
887 5567 922 5607 ex
939 5549 987 5610 illo
1005 5569 1110 5626 genere
1132 5553 1208 5627 quod
1226 5551 1354 5608 omnium
1372 5550 1488 5608 auribus
1507 5549 1675 5623 quotidiana
1694 5550 1856 5624 predicatio

176 5623 341 5684 manicaret.
364 5625 452 5685 Nemo
472 5642 610 5702 umquam
630 5633 761 5722 &etesiae
783 5643 955 5698 sententiam
976 5641 1014 5700 ds
1033 5643 1138 5702 Christi
1155 5646 1185 5700 et
1202 5641 1322 5715 Spiritus
1343 5640 1437 5698 Sancti
1460 5639 1622 5710 divinitate,
1642 5641 1678 5696 de
1698 5640 1856 5696 mutatione

179 5715 322 5774 donorum
334 5716 365 5772 in
379 5733 482 5790 corpus
495 5723 524 5776 et
535 5719 706 5794 sauguinem
718 5725 821 5782 Christi
835 5735 863 5785 et
875 5729 938 5808 aljis
951 5733 1092 5804 ejusmodi
1103 5733 1199 5803 rebus,
1210 5733 1272 5790 sine
1285 5747 1396 5788 summa
1413 5730 1592 5804 negligentia
1605 5729 1738 5802 ignorare
1751 5725 1854 5802 potuit,

175 5807 225 5866 aul
237 5805 299 5865 uus
312 5807 543 5878 summoseelere
560 5810 742 5889 impugnare,
757 5815 825 5889 quia
842 5817 888 5874 his
904 5819 1087 5896 dogmatibus
1109 5823 1336 5881 Christianorum
1354 5837 1438 5880 curm
1455 5823 1485 5878 in
1503 5820 1635 5878 omuibus
1653 5817 1780 5878 ecclesiis
1799 5818 1855 5878 eir·
