4090 6188
133 271 203 326 itae
722 269 765 326 DE
783 269 971 326 visionibus
988 269 1223 328 l‘llOPilETlClS.
1743 281 1812 336 itti

132 394 301 468 prophetiae,
319 395 381 450 etia
393 396 478 452 clarae
496 397 649 468 facilesque
668 397 827 467 intellectu,
844 398 875 453 iri
888 399 950 470 qui·
965 399 1286 492 Atlieologicopolitici
1312 407 1426 472 auctor,
1451 404 1554 460 horum
1582 405 1732 478 utriusque
1760 407 1819 464 dis-

131 490 186 545 bus
206 489 285 546 nulla
304 506 364 544 esse
384 493 480 561 posset
497 491 531 546 de
551 507 619 548 vero
636 493 783 564 prophetae
802 508 884 548 serisii
900 493 952 546 dii-
1006 492 1117 548 tinctio.
1139 497 1200 558 Quo
1223 495 1285 550 loco
1309 496 1471 554 cautionem
1493 499 1725 572 interposuerant
1747 503 1821 556 sacri

130 583 252 652 bitatio;
289 583 353 639 alite
384 601 483 640 rursus
515 602 568 656 pro
605 585 710 666 usitato
738 586 956 658 prophetiarum
1007 585 1170 658 scriptores,
1189 603 1222 642 ea
1244 588 1413 659 ipsacautio
1432 593 1631 664 signumeiat,
1654 593 1822 666 excipienda

139 678 286 746 idiomate,
312 677 450 750 symbolis
472 679 731 752 aenigmatibiisqiie
756 681 900 749 involutae,
926 683 956 736 ut
1006 681 1139 736 essesola
1154 681 1306 753 dequibus
1325 682 1419 738 fuerat
1439 688 1564 754 cautum,
1582 687 1690 759 reliqua
1706 688 1742 744 dc
1763 689 1820 744 alio

135 787 213 842 aegre
228 771 356 846 intelligi
379 776 475 842 posset
496 789 627 844 quaenam
649 775 797 846 prophetae
814 779 887 830 essct
906 776 956 830 aut
1006 791 1067 830 esse
1081 775 1183 846 spiritu
1197 776 1395 848 intelligenda.
1409 781 1452 834 lta
1468 780 1535 850 quia
1546 781 1574 834 in
1590 782 1702 852 scriptis
1719 783 1822 853 epista-

131 865 264 920 numinis
286 867 429 922 sententia
445 883 452 922 t
468 882 503 922 ex
523 867 652 938 priorum
669 868 788 924 veritate
810 868 955 939 deposta·
1006 869 1050 936 lis,
1075 869 1096 922 si
1123 885 1180 940 qua
1204 887 1255 924 sno
1282 869 1386 942 spiritu
1413 873 1577 942 protulisset
1605 875 1764 946 Apostolus,
1791 876 1821 932 iil

130 959 258 1014 rioribus
284 962 343 1014 erat
374 959 544 1015 solidissime
570 961 770 1032 judicandum.
799 961 827 1016 Si
853 978 954 1016 omnes
1005 961 1099 1034 ipsum
1128 963 1249 1019 duxerat
1274 980 1335 1020 esse
1360 965 1558 1034 mouendum,
1586 969 1671 1039 plane
1693 969 1822 1042 sequitur

130 1053 261 1108 obscurae
287 1057 393 1122 essent,
416 1059 447 1108 ut
476 1054 506 1110 in
536 1055 656 1110 oraculis
682 1055 822 1127 Apollinis
849 1055 953 1124 lexim,
1004 1055 1181 1128 reliquorum
1207 1063 1354 1114 auctorem
1378 1059 1506 1114 divinum
1528 1060 1665 1132 Spiritum
1689 1079 1750 1117 csse
1771 1064 1823 1118 lia·

128 1148 567 1219 nostrorumquehodiernorum
581 1150 824 1205 enthusiastarum
835 1149 952 1220 deliriis,
1003 1149 1141 1204 bendum.
1155 1151 1262 1206 Contra
1282 1150 1350 1223 quia
1370 1152 1511 1224 ignatius,
1527 1170 1590 1226 quie
1604 1153 1701 1209 divino
1715 1154 1820 1226 Spiritu

131 1242 953 1314 nullajamcrantintrinsececredibilitatisargumenta,
1004 1249 1120 1298 auctora
1145 1244 1253 1312 odidit,
1283 1261 1382 1301 eorum
1417 1245 1532 1301 disertis
1558 1247 1652 1303 verbis
1681 1248 1821 1318 Spiritum

130 1339 161 1388 ut
186 1335 241 1390 nisi
270 1335 342 1390 forte
370 1351 436 1390 eum
461 1337 554 1392 locum
580 1336 740 1392 extrinseca
767 1337 953 1408 supplessenl,
1004 1340 1152 1393 auctorem
1186 1339 1373 1409 praeferebat,
1402 1340 1429 1393 id
1462 1357 1578 1412 quoque
1607 1341 1759 1412 sequitur,
1788 1342 1822 1396 iis

131 1428 318 1500 quantumvis
333 1444 409 1484 verte
422 1434 517 1484 assent
531 1447 538 1484 :
550 1433 579 1484 at
595 1431 706 1484 nullum
722 1435 797 1486 certe
809 1429 955 1486 habehant
1005 1431 1139 1502 exceptis,
1164 1433 1274 1503 reliqua
1293 1433 1404 1504 privato
1426 1449 1488 1488 esse
1513 1434 1615 1505 ignatii
1638 1435 1750 1506 spiritui
1769 1437 1821 1490 tri·

128 1523 268 1592 veritatis,
292 1539 349 1594 quo
372 1540 389 1577 a
408 1523 489 1578 falsis
512 1523 785 1591 internoscerentur,
806 1525 952 1579 characte·
1003 1525 1128 1581 huenda.

130 1633 204 1684 rem,
220 1633 273 1670 uec
294 1616 364 1670 alios
383 1616 513 1688 proinde,
534 1621 566 1672 nt
586 1633 653 1672 vera
673 1617 865 1685 crederentur,
881 1617 951 1672 obli·
1037 1619 1111 1690 §tfn
1127 1621 1227 1675 -Sed
1244 1623 1273 1674 et
1291 1621 1320 1675 id
1341 1619 1506 1677 existimant
1523 1621 1666 1689 nonnulli,
1679 1639 1761 1678 veros
1777 1625 1819 1679 af-

129 1709 695 1782 gabant.Sinaiiquoepei·spicuae;jam
717 1710 952 1780 fecilejudicium
1002 1712 1140 1784 datosque
1165 1714 1212 1768 liei
1239 1713 1349 1786 Spiritu
1376 1715 1530 1787 prophotas
1562 1715 1593 1770 in
1624 1716 1820 1772 revelatorum

130 1807 204 1873 erat,
219 1805 254 1860 dc
267 1805 387 1876 reliquis
399 1805 467 1876 quid
488 1811 561 1860 esset
581 1805 775 1860 statuendum.
791 1805 818 1860 Si
832 1797 988 1869 eventusB
1001 1807 1232 1862 manifestatione
1255 1825 1307 1863 siio
1330 1825 1389 1864 esse
1408 1808 1521 1880 spiritui
1540 1809 1703 1880 permissos,
1720 1816 1751 1865 ut
1768 1828 1820 1882 pro

128 1899 172 1952 vel
189 1898 273 1952 nnius
293 1898 452 1970 perspicuae
472 1899 633 1971 prophetie
653 1917 710 1954 non
731 1899 947 1970 respoiidisset;
999 1917 1050 1956 suo
1069 1907 1152 1972 captu
1172 1919 1205 1956 ca
1225 1902 1287 1956 aliis
1308 1903 1524 1970 annuntiarent,
1545 1903 1594 1974 qui
1612 1903 1683 1959 alius
1702 1907 1765 1959 erat
1789 1905 1819 1960 in

128 1993 214 2064 plane
230 1991 404 2063 sequebatur
422 2009 475 2048 nec
496 1993 615 2064 reliquis
630 2009 689 2048 esse
704 1993 862 2064 fidendum,
878 1993 949 2064 quin
999 1993 1056 2048 alio
1071 1994 1208 2050 excultior
1219 1999 1304 2066 atque
1326 1997 1500 2050 exornatior.
1516 1996 1544 2050 Si
1567 1995 1664 2068 itaque
1683 1997 1714 2052 in
1734 1998 1819 2054 rebus

128 2086 225 2158 potius
247 2086 312 2140 illas
336 2087 378 2142 vel
397 2087 523 2142 naturali
551 2087 760 2156 enthusiasmo,
788 2087 831 2141 vel
857 2087 948 2154 alteri,
999 2088 1092 2144 obiter
1112 2089 1255 2158 notandis,
1269 2105 1323 2144 nec
1335 2088 1371 2144 ad
1391 2088 1569 2161 precipuum
1584 2091 1743 2161 prophetiae
1757 2108 1819 2146 sco·

128 2181 227 2252 potius
240 2179 382 2236 diabolico
397 2181 510 2252 spiritui
532 2197 617 2252 quam
636 2180 731 2236 divino
746 2197 806 2236 csse
820 2180 947 2235 tribuen-
999 2199 1081 2253 pum,
1108 2182 1262 2254 quicquain
1289 2183 1470 2252 facientibus,
1499 2182 1557 2238 sive
1583 2200 1641 2238 snae
1671 2186 1819 2240 memoria

127 2273 191 2328 das.
206 2275 249 2328 lta
269 2272 429 2329 hlaximilloe
445 2275 611 2346 prophetias
631 2275 735 2330 refellit
754 2274 881 2330 Asterius
897 2275 947 2328 Ur·
998 2276 1090 2346 lapsu,
1107 2275 1163 2332 sive
1175 2277 1243 2330 dum
1260 2293 1290 2331 se
1302 2276 1607 2332 auditorumerroneis
1619 2277 1737 2349 quidem
1752 2279 1818 2349 illis,

126 2366 222 2422 benus
242 2368 305 2439 (Ap.
327 2368 441 2436 Euseb,
461 2371 535 2424 Hist.
560 2369 636 2432 eccl„
658 2385 685 2438 v,
703 2369 757 2448 ld).
777 2367 949 2424 Praedixerat
999 2370 1049 2423 sad
1062 2371 1184 2441 receptis
1198 2375 1296 2425 tamen
1318 2371 1492 2442 prejudiciis
1505 2372 1738 2441 accommodant,
1755 2389 1820 2444 quae

127 2461 178 2516 illa
207 2461 359 2518 imminere
388 2469 508 2534 πολέμους
540 2467 568 2518 ct
600 2469 786 2528 ἀκαταστασίας,
813 2478 879 2517 cum
906 2467 947 2516 ta·
998 2464 1818 2536 nmenerantargumentationibus,quamipsarevelato,

128 2572 198 2612 men
221 2561 286 2628 post
304 2571 412 2612 aunum
436 2557 551 2612 tertium
572 2557 715 2614 decimum
727 2556 788 2628 jam
808 2556 947 2628 elapsum,
998 2556 1088 2627 magis
1108 2557 1221 2625 idonea,
1245 2557 1313 2629 quia
1334 2557 1397 2612 heio
1419 2557 1567 2628 probanda
1587 2563 1682 2626 erent,
1704 2559 1758 2616 illis
1777 2561 1819 2616 uti

128 2665 183 2706 nec
209 2650 382 2722 particulare
407 2650 515 2706 bellum
544 2655 594 2706 aut
620 2651 780 2706 universale
808 2651 836 2706 in
866 2650 948 2706 terris
999 2651 1817 2724 poterantutcoucessis:siinhis,inqnam,hallucinati

127 2743 245 2813 inisset,
269 2743 437 2800 Christianis
464 2745 549 2800 etiam
581 2761 638 2816 pax
668 2745 751 2798 lirina
783 2743 948 2815 stabilisque
1000 2747 1104 2812 essent,
1122 2762 1157 2800 no
1171 2745 1194 2800 is
1207 2745 1325 2816 quidem
1339 2761 1419 2801 error
1434 2749 1507 2800 esset
1523 2745 1636 2816 spiritui
1650 2747 1817 2817 prophetico

127 2839 343 2910 permansisset.
362 2837 433 2894 Iride
453 2839 596 2894 concludit
613 2839 700 2894 fidem
716 2839 742 2893 ei
757 2855 871 2894 omnem
887 2854 948 2892 esse
1000 2837 1193 2907 imputandus.
1209 2838 1292 2902 Quod
1314 2839 1410 2909 itaquo
1430 2855 1482 2908 pro
1502 2838 1638 2894 Zacharia
1660 2839 1813 2894 ieremiam

128 2932 338 3005 derogandam.
353 2932 437 2997 Quod
446 2933 469 2988 si
479 2934 714 3006 evenissentquce
725 2933 859 3006 praedicta
872 2934 947 3002 sunt,
999 2932 1095 2986 laudat
1113 2931 1303 3004 evangelista;
1324 2932 1401 3004 quod
1423 2934 1475 2988 450
1497 2947 1588 2988 anuos
1606 2931 1762 3001 iudicibus,
1783 2934 1817 2990 io

128 3043 185 3099 pro
205 3027 304 3082 talium
320 3031 455 3082 eventum
466 3027 629 3098 frequentia
645 3027 792 3099 prophetae
806 3027 875 3082 tides
889 3042 949 3080 ma·
999 3025 1075 3082 Sauli
1096 3025 1201 3080 tribuat
1221 3027 1383 3097 Apostolus.
1400 3025 1475 3098 quod
1496 3025 1637 3082 incertum
1659 3027 1818 3084 stadiorum

130 3121 175 3192 gis
188 3123 249 3176 erat
262 3122 391 3178 minusve
407 3121 540 3176 stabilita.
561 3121 684 3178 Omnino
703 3121 876 3176 solidissima
890 3125 949 3176 erat
999 3136 1152 3175 nnmerum
1180 3125 1322 3176 memorat
1345 3120 1374 3176 S.
1402 3122 1499 3190 Lucas,
1526 3120 1669 3176 incertum
1692 3121 1816 3192 baptiza·

129 3215 297 3286 hujusmodi
317 3216 539 3288 argumentatio,
556 3232 608 3272 nec
622 3215 704 3270 video
721 3216 789 3288 quid
812 3215 841 3270 in
857 3233 891 3272 ea
903 3232 947 3270 re·
960 3170 987 3245 C
1001 3219 1093 3270 torum
1109 3215 1137 3270 S.
1153 3215 1253 3270 Paulus
1260 3231 1268 3283 3
1286 3215 1367 3285 plane
1383 3213 1510 3270 innuunt
1528 3216 1638 3270 relictas
1650 3232 1710 3270 esse
1726 3215 1816 3289 scrip·

129 3309 313 3382 prehendere
338 3311 456 3382 possint,
474 3309 581 3366 nedum
604 3310 710 3378 ridere,
726 3327 832 3366 scurrae
854 3309 948 3380 athci3
1000 3313 1096 3364 torum
1119 3309 1254 3364 humanis
1274 3307 1404 3380 captibus
1421 3308 1587 3380 hujusmodi
1608 3309 1818 3378 minuties,nec

130 3420 186 3459 iiec
200 3403 270 3476 quid
293 3403 385 3459 simile
410 3403 568 3460 obtendere
588 3403 700 3477 possint
720 3421 772 3476 pro
792 3405 860 3473 suis,
880 3420 950 3476 quas
1001 3402 1315 3476 csseproptereaqtiod
1335 3402 1365 3456 iii
1386 3401 1521 3474 Spiritum
1542 3402 1670 3458 divinum
1688 3403 1814 3460 referan-

134 3497 223 3552 hodie
242 3497 390 3554 venditant
403 3498 571 3570 prophetiis,
586 3497 649 3554 heri
665 3498 769 3554 nudius
792 3499 951 3570 tertiusque
1002 3503 1057 3552 tur.

131 3591 194 3647 nati
207 3591 331 3660 fanatici,
347 3591 405 3648 sive
429 3608 529 3648 eorum
551 3591 601 3664 qui
622 3592 769 3648 communi
788 3595 949 3664 protestari·
1036 3591 1109 3662 §aa
1126 3621 1160 3630 —
1175 3590 1224 3644 list
1238 3595 1267 3645 et
1279 3589 1357 3644 alind
1371 3591 1539 3661 exemplum
1555 3591 1583 3644 in
1602 3606 1659 3662 quo
1680 3606 1738 3646 non
1751 3590 1817 3646 illo·

132 3687 208 3741 tium
232 3686 367 3741 vocabulo
391 3691 553 3754 censentur,
568 3686 625 3741 sivo
646 3687 735 3742 etiam
757 3703 857 3742 corum
879 3703 951 3758 qnos
1001 3701 1064 3740 rum
1086 3685 1171 3740 inodo
1194 3684 1243 3756 qui
1263 3683 1428 3756 prophetias
1448 3685 1601 3751 audissent,
1617 3683 1665 3738 sed
1690 3687 1718 3738 et
1741 3684 1818 3756 ipso·

131 3780 266 3852 mysticos
283 3779 430 3852 appellant
446 3781 597 3852 theologos
618 3779 767 3852 pontificii.
783 3780 881 3836 Neiitri
904 3797 950 3835 ar·
1001 3795 1065 3834 rum
1081 3795 1195 3852 quoqne
1208 3778 1415 3850 prophetarum
1431 3778 1558 3850 irrepere
1571 3777 1680 3848 possint
1694 3793 1816 3846 errores,

132 3873 281 3946 gementis
293 3873 457 3930 extrinsecis
471 3877 601 3942 utuntur,
617 3875 674 3929 sive
688 3873 845 3943 miraculis,
856 3889 950 3929 coram
1000 3873 1030 3928 in
1053 3873 1269 3945 prophetiarum
1299 3870 1407 3926 scilicet
1433 3871 1620 3926 obscurarum
1648 3871 1816 3942 interpreta-

132 3969 205 4024 etin
225 3969 386 4040 propatulo,
405 3969 492 4040 inque
515 3968 672 4024 infidelium
693 3969 765 4024 facie
786 3969 878 4038 editis,
893 3969 950 4024 sive
1002 3966 1090 4022 tione.
1110 3967 1198 4020 Erant
1212 3964 1289 4020 enim
1313 3965 1461 4020 nonnullas
1480 3963 1639 4036 prophetiae
1655 3969 1732 4018 certo
1746 3981 1815 4034 quo·

131 4063 268 4130 aliorum,
295 4080 311 4117 a
337 4061 419 4118 uobis
443 4063 529 4117 etiam
556 4064 719 4134 agnitorem
745 4063 951 4136 prophetarum
1001 4062 1067 4116 dani
1089 4059 1209 4131 Spiritus
1229 4058 1345 4113 consilio
1368 4057 1408 4113 ita
1428 4057 1554 4114 obscurae
1574 4063 1607 4112 ut
1624 4073 1683 4112 non
1699 4060 1818 4129 possent

132 4155 313 4212 testimoniis.
329 4155 429 4212 h'eittri
448 4156 618 4212 testimoniis
634 4155 804 4222 intrinsecis,
818 4159 876 4213 sive
889 4173 949 4212 cor·
1002 4155 1062 4210 siric
1075 4152 1132 4208 alia
1145 4152 1315 4209 revelatione
1335 4151 1475 4224 intelligi;
1491 4153 1523 4206 ut
1541 4151 1643 4224 primae
1658 4168 1715 4208 nou
1729 4151 1817 4207 alium

131 4251 214 4306 dium
231 4249 392 4306 infidelium
406 4250 554 4322 patefactis
568 4250 696 4318 occultis,
714 4251 770 4306 sive
787 4251 952 4306 futurorum
1000 4249 1029 4304 iii
1044 4249 1129 4302 tinem
1145 4247 1216 4302 datae
1231 4247 1406 4314 viderentur,
1423 4263 1509 4318 quani
1525 4253 1555 4302 ut
1573 4249 1736 4304 sanctorum
1749 4261 1816 4318 pro-

132 4342 361 4416 contingentium
380 4345 574 4416 praedictione,
585 4344 648 4416 jain
662 4343 711 4398 diu
730 4349 795 4400 ante
817 4349 949 4401 eventum
1001 4343 1153 4414 phalarum
1176 4341 1370 4396 curiositatem
1391 4339 1628 4412 diligentiamque
1648 4356 1700 4412 pro
1717 4355 1816 4396 secuti·

132 4439 295 4508 nianifesla,
311 4439 512 4511 publicamque
525 4440 554 4494 in
569 4439 664 4494 lucem
679 4439 766 4495 edita.
1002 4437 1046 4492 dis
1060 4435 1248 4507 impetrandis
1262 4435 1433 4490 excitarent.
1457 4433 1488 4490 Id
1511 4433 1640 4489 videmus
1659 4434 1689 4489 iii
1702 4434 1817 4490 Daniele

169 4533 186 4604 §
202 4534 246 4588 Si.
260 4562 294 4574 -
307 4531 441 4589 hlonendi
455 4535 520 4588 sunt
537 4533 653 4588 interim
676 4533 797 4588 lectores
818 4550 875 4588 iton
890 4545 990 4620 esseD
1002 4531 1154 4602 praeciptie,
1165 4530 1193 4584 iri
1207 4545 1264 4600 quo
1275 4529 1410 4600 frequens
1422 4531 1465 4582 cst
1478 4527 1666 4584 secundarum
1675 4526 1817 4583 visionum

132 4632 233 4682 lamen
255 4627 330 4698 quod
353 4627 557 4699 prophetarum
585 4627 682 4682 omnia
701 4627 871 4700 prophetico
894 4628 953 4682 sirit
1002 4642 1053 4696 pro
1075 4624 1235 4696 primarum
1260 4622 1495 4694 lutei-pretatione
1520 4621 1635 4676 mentio.
1664 4621 1692 4676 Si
1716 4620 1816 4692 itaque

133 4721 248 4794 spiritui
264 4721 426 4776 tribuenda.
440 4722 480 4776 Ne
502 4721 556 4776 hoo
580 4721 696 4793 quidem
714 4722 805 4778 ludaei
826 4721 862 4777 de
883 4722 950 4790 suis,

133 4831 188 4872 nec
211 4815 246 4870 de
261 4815 369 4888 Pythiis
389 4817 488 4882 Graeci,
504 4833 556 4871 nec
576 4816 611 4871 de
635 4817 782 4888 prophetis
804 4816 861 4872 suis
884 4834 952 4890 goii-

133 4910 198 4966 tiles
219 4909 277 4976 alii,
300 4909 446 4966 Phoenices
469 4913 555 4984 atquc
576 4911 710 4984 AEgyptii‚
735 4927 786 4966 nec
808 4911 856 4982 qui
884 4928 951 4982 pro·

132 5005 235 5078 phetas
261 5006 457 5076 agnoverunt,
485 5005 555 5060 ullos
581 5005 709 5060 docuisse
737 5005 870 5061 arbitror.
897 5007 950 5062 Eli-

135 5115 226 5154 saeiiin
260 5097 343 5154 latuit
373 5099 557 5154 Sunamitidis
590 5099 790 5154 infortunium.
822 5101 951 5154 lliimaiio

134 5189 224 5246 otiam
245 5191 345 5264 spiritu
359 5191 451 5248 edidit
469 5193 605 5248 nonnulla
625 5193 818 5248 sanctissimus
831 5197 951 5264 Aposto-

134 5285 191 5340 lus.
219 5289 279 5342 h'tm
308 5291 349 5341 est
378 5286 468 5359 igitur
494 5287 640 5359 prophetie
670 5286 741 5343 fides
770 5286 799 5340 iii
832 5285 951 5341 dubium

134 5380 274 5448 vocanda,
295 5380 317 5435 si
342 5397 400 5452 qiia
423 5381 463 5436 illi
490 5382 656 5438 humanitus
679 5383 755 5438 dicta
781 5380 951 5450 exciderint,

133 5475 191 5530 hoc
205 5477 258 5542 est,
281 5475 309 5529 iii
328 5474 361 5529 iis
380 5489 443 5546 quac
465 5491 517 5530 nec
540 5475 599 5546 ipse
623 5475 730 5548 Spiritu
750 5477 811 5544 Dei,
831 5474 881 5530 sed
901 5489 952 5528 siio

134 5567 241 5640 potius,
265 5567 375 5624 tribuit.
403 5569 439 5623 Ut
467 5569 490 5622 si
518 5570 667 5640 Apostolus
692 5569 721 5624 in
747 5569 783 5623 iis
816 5585 879 5640 quac
905 5585 951 5636 so,

133 5678 193 5718 non
207 5662 363 5718 Dominum
385 5663 497 5718 hortari
517 5664 639 5732 monuit,
654 5667 801 5734 errasset3
823 5679 883 5719 ιιοιι
903 5663 951 5718 dc·

133 5755 243 5814 buitid
256 5755 286 5812 iu
299 5757 429 5814 fraudem
446 5757 550 5814 cedere
565 5757 684 5814 aliarum
700 5757 763 5830 ejus
774 5757 954 5830 prophetica·

134 5867 213 5912 rum.
229 5851 330 5926 Neque
345 5867 413 5910 vero
427 5851 468 5910 ite
481 5851 589 5910 incerte
603 5856 656 5924 est,
671 5857 701 5912 nl
715 5852 803 5911 voluit
816 5853 953 5926 profanus

1003 4721 1069 4774 ante
1093 4717 1232 4773 secundas
1254 4716 1376 4772 visioitos
1398 4717 1457 4788 ipse
1483 4714 1589 4786 primns
1611 4731 1695 4769 ansus
1713 4714 1816 4770 fuisset

1003 4812 1194 4884 interpretari,
1209 4812 1336 4866 humano
1359 4810 1486 4878 omnino,
1506 4825 1564 4864 nori
1584 4807 1690 4878 divino,
1706 4807 1818 4880 spiritui

1003 4906 1153 4962 tribuenda
1168 4905 1267 4960 fuisset
1288 4903 1449 4960 istiusmodi
1472 4901 1682 4974 interpretatio,
1698 4905 1731 4957 ut
1750 4919 1817 4973 pro-

1003 5000 1069 5056 inde
1086 4999 1148 5072 cjiis
1159 5016 1248 5070 ector,
1265 4999 1363 5070 siquis
1383 4997 1492 5060 fuisset,
1512 4995 1688 5068 iniquissime
1701 5001 1774 5052 esset
1788 4995 1818 5051 in

1004 5094 1143 5168 Spiritum
1155 5101 1285 5148 sanctuni
1299 5091 1477 5147 referendus.

1039 5191 1055 5262 ξ
1077 5191 1121 5244 li.
1137 5218 1171 5230 —
1191 5188 1265 5242 ldeiii
1290 5185 1450 5241 statuebant
1475 5187 1584 5240 veteres
1607 5183 1761 5240 Christiani
1783 5184 1818 5240 de

1004 5282 1113 5354 scriptis
1132 5297 1246 5354 quoque
1272 5278 1440 5352 prophetiis,
1464 5277 1552 5333 sicubi
1576 5277 1696 5332 fuissent
1717 5277 1818 5333 obscu-

1003 5393 1053 5445 ras,
1069 5375 1122 5430 nisi
1135 5375 1237 5432 eodem
1250 5392 1308 5447 qno
1323 5373 1437 5430 dictatae
1450 5372 1572 5428 fuissent
1584 5372 1683 5444 spiritu
1696 5371 1733 5428 de
1746 5387 1819 5426 novo

1003 5471 1148 5528 revolante
1169 5469 1413 5541 neutiquam-esse
1435 5469 1514 5522 coilo
1529 5465 1742 5538 intelligendas.
1757 5465 1819 5520 Non

1003 5570 1047 5622 est
1070 5566 1166 5636 itique
1189 5563 1266 5635 quod
1290 5562 1429 5618 miremur
1451 5567 1577 5616 velerum
1600 5560 1635 5614 de
1657 5559 1818 5632 propinquo

1004 5661 1103 5716 mundi
1117 5659 1173 5714 flue
1196 5657 1440 5713 hallucinationes.
1459 5656 1514 5710 h'ec
1533 5655 1610 5710 cuim
1630 5655 1710 5709 illuni
1724 5652 1816 5706 diser-

1005 5755 1039 5810 tis
1059 5752 1153 5809 verbis
1177 5752 1350 5808 revelaverat
1375 5749 1503 5822 Spiritus.
1525 5746 1701 5820 colligebant
1724 5743 1818 5818 potius

1004 5865 1038 5906 eii
1051 5851 1112 5906 tam
1126 5845 1273 5920 frequenti
1284 5849 1479 5904 extremorum
1492 5849 1657 5916 temporum
1671 5837 1819 5898 mentione
