<?xml version="1.0" encoding="UTF-8"?>
<!DOCTYPE html PUBLIC "-//W3C//DTD XHTML 1.0 Transitional//EN"
    "http://www.w3.org/TR/xhtml1/DTD/xhtml1-transitional.dtd">
<html xmlns="http://www.w3.org/1999/xhtml" xml:lang="en" lang="en">
 <head>
  <title>
</title>
<meta http-equiv="Content-Type" content="text/html;charset=utf-8" />
  <meta name='ocr-system' content='tesseract 3.04.00' />
  <meta name='ocr-capabilities' content='ocr_page ocr_carea ocr_par ocr_line ocrx_word'/>
</head>
<body>
  <div class='ocr_page' id='page_1' title='image "./patrologiaecurs85unkngoog/patrologiaecurs85unkngoog_0483.png"; bbox 0 0 4012 6192; ppageno 0'>
   <div class='ocr_carea' id='block_1_1' title="bbox 186 63 1960 322">
    <p class='ocr_par' dir='ltr' id='par_1_1' title="bbox 186 63 1960 322">
     <span class='ocr_line' id='line_1_1' title="bbox 1956 63 1959 120; baseline 0 0"><span class='ocrx_word' id='word_1_1' title='bbox 1956 63 1959 120; x_wconf 77' lang='lat' dir='ltr'>i</span> 
     </span>
     <span class='ocr_line' id='line_1_2' title="bbox 1959 152 1960 206; baseline 0 0"><span class='ocrx_word' id='word_1_2' title='bbox 1959 152 1960 206; x_wconf 83' lang='lat' dir='ltr'>l</span> 
     </span>
     <span class='ocr_line' id='line_1_3' title="bbox 186 210 1902 322; baseline -0.003 -3"><span class='ocrx_word' id='word_1_3' title='bbox 186 210 189 217; x_wconf 44' lang='lat'><strong><em>¹</em></strong></span> <span class='ocrx_word' id='word_1_4' title='bbox 248 249 301 320; x_wconf 82' lang='lat' dir='ltr'>ass</span> <span class='ocrx_word' id='word_1_5' title='bbox 532 255 576 320; x_wconf 81' lang='lat' dir='ltr'>lo</span> <span class='ocrx_word' id='word_1_6' title='bbox 595 256 706 322; x_wconf 82' lang='lat' dir='ltr'>mam</span> <span class='ocrx_word' id='word_1_7' title='bbox 725 257 754 320; x_wconf 87' lang='lat' dir='ltr'>s.</span> <span class='ocrx_word' id='word_1_8' title='bbox 773 217 931 320; x_wconf 74' lang='lat' dir='ltr'>cernunt</span> <span class='ocrx_word' id='word_1_9' title='bbox 948 255 1100 320; x_wconf 82' lang='lat' dir='ltr'>canutus</span> <span class='ocrx_word' id='word_1_10' title='bbox 1113 254 1260 320; x_wconf 78' lang='lat' dir='ltr'>terrun.</span> <span class='ocrx_word' id='word_1_11' title='bbox 1279 257 1314 320; x_wconf 93' lang='lat' dir='ltr'>u.</span> <span class='ocrx_word' id='word_1_12' title='bbox 1330 253 1621 320; x_wconf 79' lang='lat' dir='ltr'>-soroosumu,</span> <span class='ocrx_word' id='word_1_13' title='bbox 1856 261 1902 322; x_wconf 84' lang='lat' dir='ltr'>ru</span> 
     </span>
    </p>
   </div>
   <div class='ocr_carea' id='block_1_2' title="bbox 249 383 1970 5538">
    <p class='ocr_par' dir='ltr' id='par_1_2' title="bbox 249 383 1970 5538">
     <span class='ocr_line' id='line_1_4' title="bbox 250 383 1961 474; baseline 0.001 -30"><span class='ocrx_word' id='word_1_14' title='bbox 250 387 337 449; x_wconf 90' lang='lat' dir='ltr'>corde</span> <span class='ocrx_word' id='word_1_15' title='bbox 370 383 536 448; x_wconf 70' lang='lat' dir='ltr'><strong>cohabitare</strong></span> <span class='ocrx_word' id='word_1_16' title='bbox 565 405 620 448; x_wconf 88' lang='lat' dir='ltr'>noa</span> <span class='ocrx_word' id='word_1_17' title='bbox 654 397 790 464; x_wconf 79' lang='lat' dir='ltr'><strong>possunt,</strong></span> <span class='ocrx_word' id='word_1_18' title='bbox 819 387 1063 464; x_wconf 79' lang='lat' dir='ltr'>qrrsmsdmodnm</span> <span class='ocrx_word' id='word_1_19' title='bbox 1076 387 1298 474; x_wconf 65' lang='lat' dir='ltr'>Asummocosli</span> <span class='ocrx_word' id='word_1_20' title='bbox 1313 388 1422 446; x_wconf 85' lang='lat' dir='ltr'>conditi</span> <span class='ocrx_word' id='word_1_21' title='bbox 1438 394 1520 445; x_wconf 87' lang='lat' dir='ltr'>eraut</span> <span class='ocrx_word' id='word_1_22' title='bbox 1534 387 1669 446; x_wconf 86' lang='lat' dir='ltr'>culmine.</span> <span class='ocrx_word' id='word_1_23' title='bbox 1684 383 1756 454; x_wconf 80' lang='lat' dir='ltr'>uoto</span> <span class='ocrx_word' id='word_1_24' title='bbox 1774 405 1836 463; x_wconf 87' lang='lat' dir='ltr'>ergo</span> <span class='ocrx_word' id='word_1_25' title='bbox 1853 393 1904 448; x_wconf 87' lang='lat' dir='ltr'>rott</span> <span class='ocrx_word' id='word_1_26' title='bbox 1960 396 1961 450; x_wconf 87' lang='lat' dir='ltr'>t</span> 
     </span>
     <span class='ocr_line' id='line_1_5' title="bbox 249 480 1907 559; baseline 0.002 -20"><span class='ocrx_word' id='word_1_27' title='bbox 249 480 335 539; x_wconf 87' lang='lat' dir='ltr'>iidem</span> <span class='ocrx_word' id='word_1_28' title='bbox 361 482 433 540; x_wconf 87' lang='lat' dir='ltr'>ocull</span> <span class='ocrx_word' id='word_1_29' title='bbox 452 484 555 540; x_wconf 78' lang='lat' dir='ltr'>coslum</span> <span class='ocrx_word' id='word_1_30' title='bbox 577 485 684 559; x_wconf 87' lang='lat' dir='ltr'>pariter</span> <span class='ocrx_word' id='word_1_31' title='bbox 705 491 734 540; x_wconf 90' lang='lat' dir='ltr'>et</span> <span class='ocrx_word' id='word_1_32' title='bbox 753 489 860 540; x_wconf 89' lang='lat' dir='ltr'>terram</span> <span class='ocrx_word' id='word_1_33' title='bbox 882 497 1064 556; x_wconf 76' lang='lat' dir='ltr'>nequaquam</span> <span class='ocrx_word' id='word_1_34' title='bbox 1124 481 1204 554; x_wconf 87' lang='lat' dir='ltr'>quasi</span> <span class='ocrx_word' id='word_1_35' title='bbox 1218 483 1365 555; x_wconf 86' lang='lat' dir='ltr'>potensin</span> <span class='ocrx_word' id='word_1_36' title='bbox 1385 482 1636 555; x_wconf 81' lang='lat' dir='ltr'>terrasuperbire,</span> <span class='ocrx_word' id='word_1_37' title='bbox 1650 481 1697 555; x_wconf 93' lang='lat' dir='ltr'>qui</span> <span class='ocrx_word' id='word_1_38' title='bbox 1716 499 1773 556; x_wconf 78' lang='lat' dir='ltr'>pre</span> <span class='ocrx_word' id='word_1_39' title='bbox 1792 485 1907 542; x_wconf 87' lang='lat' dir='ltr'>omnihus</span> 
     </span>
     <span class='ocr_line' id='line_1_6' title="bbox 252 575 1962 656; baseline 0.002 -24"><span class='ocrx_word' id='word_1_40' title='bbox 252 577 443 650; x_wconf 88' lang='lat' dir='ltr'>conspiciunt.</span> <span class='ocrx_word' id='word_1_41' title='bbox 459 578 511 636; x_wconf 87' lang='lat' dir='ltr'>Sed</span> <span class='ocrx_word' id='word_1_42' title='bbox 528 579 732 652; x_wconf 83' lang='lat' dir='ltr'>requirendum</span> <span class='ocrx_word' id='word_1_43' title='bbox 748 581 791 634; x_wconf 90' lang='lat' dir='ltr'>eat</span> <span class='ocrx_word' id='word_1_44' title='bbox 804 578 826 634; x_wconf 88' lang='lat' dir='ltr'>ai</span> <span class='ocrx_word' id='word_1_45' title='bbox 840 593 905 634; x_wconf 86' lang='lat' dir='ltr'>rere</span> <span class='ocrx_word' id='word_1_46' title='bbox 919 577 948 632; x_wconf 87' lang='lat' dir='ltr'>io</span> <span class='ocrx_word' id='word_1_47' title='bbox 962 575 1072 632; x_wconf 79' lang='lat' dir='ltr'>nutando</span> <span class='ocrx_word' id='word_1_48' title='bbox 1124 575 1289 634; x_wconf 89' lang='lat' dir='ltr'>homiuibus</span> <span class='ocrx_word' id='word_1_49' title='bbox 1303 578 1439 634; x_wconf 87' lang='lat' dir='ltr'>debueret</span> <span class='ocrx_word' id='word_1_50' title='bbox 1454 577 1579 634; x_wconf 83' lang='lat' dir='ltr'>humitis-</span> <span class='ocrx_word' id='word_1_51' title='bbox 1590 579 1749 649; x_wconf 85' lang='lat' dir='ltr'>appnrerel</span> <span class='ocrx_word' id='word_1_52' title='bbox 1762 577 1823 648; x_wconf 80' lang='lat' dir='ltr'>Sed,</span> <span class='ocrx_word' id='word_1_53' title='bbox 1838 595 1870 634; x_wconf 90' lang='lat' dir='ltr'>nc</span> <span class='ocrx_word' id='word_1_54' title='bbox 1880 581 1908 636; x_wconf 88' lang='lat' dir='ltr'>de</span> <span class='ocrx_word' id='word_1_55' title='bbox 1961 640 1962 656; x_wconf 21' lang='lat'>¹</span> 
     </span>
     <span class='ocr_line' id='line_1_7' title="bbox 250 668 1910 746; baseline 0.003 -22"><span class='ocrx_word' id='word_1_56' title='bbox 250 668 358 744; x_wconf 93' lang='lat' dir='ltr'>aliquid</span> <span class='ocrx_word' id='word_1_57' title='bbox 371 670 407 726; x_wconf 92' lang='lat' dir='ltr'>sit</span> <span class='ocrx_word' id='word_1_58' title='bbox 420 673 497 746; x_wconf 91' lang='lat' dir='ltr'>quod</span> <span class='ocrx_word' id='word_1_59' title='bbox 512 673 603 730; x_wconf 89' lang='lat' dir='ltr'>amari</span> <span class='ocrx_word' id='word_1_60' title='bbox 620 672 734 741; x_wconf 87' lang='lat' dir='ltr'>debeat,</span> <span class='ocrx_word' id='word_1_61' title='bbox 747 677 776 734; x_wconf 87' lang='lat' dir='ltr'>et</span> <span class='ocrx_word' id='word_1_62' title='bbox 792 673 858 745; x_wconf 88' lang='lat' dir='ltr'>quis</span> <span class='ocrx_word' id='word_1_63' title='bbox 870 672 907 726; x_wconf 89' lang='lat' dir='ltr'>ait</span> <span class='ocrx_word' id='word_1_64' title='bbox 922 669 969 726; x_wconf 92' lang='lat' dir='ltr'>ille</span> <span class='ocrx_word' id='word_1_65' title='bbox 986 685 1068 726; x_wconf 81' lang='lat' dir='ltr'>marn·</span> <span class='ocrx_word' id='word_1_66' title='bbox 1124 675 1290 743; x_wconf 82' lang='lat' dir='ltr'>paupertate</span> <span class='ocrx_word' id='word_1_67' title='bbox 1305 672 1508 729; x_wconf 82' lang='lat' dir='ltr'>erratristitiam</span> <span class='ocrx_word' id='word_1_68' title='bbox 1517 672 1654 740; x_wconf 86' lang='lat' dir='ltr'>babeant,</span> <span class='ocrx_word' id='word_1_69' title='bbox 1664 671 1731 744; x_wconf 89' lang='lat' dir='ltr'>qnid</span> <span class='ocrx_word' id='word_1_70' title='bbox 1743 688 1761 727; x_wconf 80' lang='lat' dir='ltr'>a</span> <span class='ocrx_word' id='word_1_71' title='bbox 1772 671 1824 728; x_wconf 88' lang='lat' dir='ltr'>hoo</span> <span class='ocrx_word' id='word_1_72' title='bbox 1832 689 1910 746; x_wconf 85' lang='lat' dir='ltr'>recep</span> 
     </span>
     <span class='ocr_line' id='line_1_8' title="bbox 250 761 1909 840; baseline 0.004 -22"><span class='ocrx_word' id='word_1_73' title='bbox 250 761 312 830; x_wconf 87' lang='lat' dir='ltr'>dua,</span> <span class='ocrx_word' id='word_1_74' title='bbox 326 779 413 838; x_wconf 89' lang='lat' dir='ltr'>quem</span> <span class='ocrx_word' id='word_1_75' title='bbox 427 765 508 840; x_wconf 78' lang='lat' dir='ltr'>diligi</span> <span class='ocrx_word' id='word_1_76' title='bbox 522 767 618 822; x_wconf 84' lang='lat' dir='ltr'>divina</span> <span class='ocrx_word' id='word_1_77' title='bbox 638 766 756 839; x_wconf 89' lang='lat' dir='ltr'>eloquia</span> <span class='ocrx_word' id='word_1_78' title='bbox 773 768 881 822; x_wconf 84' lang='lat' dir='ltr'>retent.</span> <span class='ocrx_word' id='word_1_79' title='bbox 900 767 985 822; x_wconf 80' lang='lat' dir='ltr'>&#39;locro</span> <span class='ocrx_word' id='word_1_80' title='bbox 1000 779 1071 836; x_wconf 87' lang='lat' dir='ltr'>ergo</span> <span class='ocrx_word' id='word_1_81' title='bbox 1123 764 1180 822; x_wconf 91' lang='lat' dir='ltr'>tari</span> <span class='ocrx_word' id='word_1_82' title='bbox 1204 765 1263 820; x_wconf 89' lang='lat' dir='ltr'>sint</span> <span class='ocrx_word' id='word_1_83' title='bbox 1283 781 1424 839; x_wconf 85' lang='lat' dir='ltr'>perrperes</span> <span class='ocrx_word' id='word_1_84' title='bbox 1446 765 1618 837; x_wconf 80' lang='lat' dir='ltr'>attendaot3</span> <span class='ocrx_word' id='word_1_85' title='bbox 1643 765 1704 838; x_wconf 87' lang='lat' dir='ltr'>ipse</span> <span class='ocrx_word' id='word_1_86' title='bbox 1719 765 1791 822; x_wconf 90' lang='lat' dir='ltr'>euim</span> <span class='ocrx_word' id='word_1_87' title='bbox 1814 767 1909 840; x_wconf 85' lang='lat' dir='ltr'>inquit:</span> 
     </span>
     <span class='ocr_line' id='line_1_9' title="bbox 251 856 1912 932; baseline 0.006 -23"><span class='ocrx_word' id='word_1_88' title='bbox 251 871 318 912; x_wconf 92' lang='lat' dir='ltr'>cum</span> <span class='ocrx_word' id='word_1_89' title='bbox 334 861 514 916; x_wconf 88' lang='lat' dir='ltr'>nascentibus</span> <span class='ocrx_word' id='word_1_90' title='bbox 527 878 561 918; x_wconf 84' lang='lat' dir='ltr'>ex</span> <span class='ocrx_word' id='word_1_91' title='bbox 576 877 618 929; x_wconf 87' lang='lat' dir='ltr'>ee,</span> <span class='ocrx_word' id='word_1_92' title='bbox 630 864 659 916; x_wconf 90' lang='lat' dir='ltr'>et</span> <span class='ocrx_word' id='word_1_93' title='bbox 671 861 807 926; x_wconf 85' lang='lat' dir='ltr'>metallis,</span> <span class='ocrx_word' id='word_1_94' title='bbox 821 863 849 916; x_wconf 90' lang='lat' dir='ltr'>et</span> <span class='ocrx_word' id='word_1_95' title='bbox 865 856 1072 924; x_wconf 85' lang='lat' dir='ltr'>animantibus,</span> <span class='ocrx_word' id='word_1_96' title='bbox 1123 861 1201 918; x_wconf 77' lang='lat' dir='ltr'>seon</span> <span class='ocrx_word' id='word_1_97' title='bbox 1215 874 1349 932; x_wconf 68' lang='lat' dir='ltr'>paauperes</span> <span class='ocrx_word' id='word_1_98' title='bbox 1365 862 1477 932; x_wconf 80' lang='lat' dir='ltr'>spiritu,</span> <span class='ocrx_word' id='word_1_99' title='bbox 1493 863 1622 931; x_wconf 84' lang='lat' dir='ltr'>quonium</span> <span class='ocrx_word' id='word_1_100' title='bbox 1638 862 1755 932; x_wconf 79' lang='lat' dir='ltr'>ipsoram</span> <span class='ocrx_word' id='word_1_101' title='bbox 1769 866 1803 918; x_wconf 83' lang='lat' dir='ltr'>cal</span> <span class='ocrx_word' id='word_1_102' title='bbox 1821 877 1912 929; x_wconf 74' lang='lat' dir='ltr'>senuna</span> 
     </span>
     <span class='ocr_line' id='line_1_10' title="bbox 253 951 1910 1027; baseline 0 -17"><span class='ocrx_word' id='word_1_103' title='bbox 253 960 283 1010; x_wconf 90' lang='lat' dir='ltr'>et</span> <span class='ocrx_word' id='word_1_104' title='bbox 301 955 514 1027; x_wconf 76' lang='lat' dir='ltr'>pulchritudine</span> <span class='ocrx_word' id='word_1_105' title='bbox 535 955 668 1026; x_wconf 85' lang='lat' dir='ltr'>vestium,</span> <span class='ocrx_word' id='word_1_106' title='bbox 689 959 719 1010; x_wconf 85' lang='lat' dir='ltr'>et</span> <span class='ocrx_word' id='word_1_107' title='bbox 739 952 977 1010; x_wconf 85' lang='lat' dir='ltr'>oblectationibus</span> <span class='ocrx_word' id='word_1_108' title='bbox 998 951 1073 1008; x_wconf 87' lang='lat' dir='ltr'>otho·</span> <span class='ocrx_word' id='word_1_109' title='bbox 1123 953 1374 1027; x_wconf 64' lang='lat' dir='ltr'>ciclorumhllottb..</span> <span class='ocrx_word' id='word_1_110' title='bbox 1390 971 1415 1019; x_wconf 85' lang='lat' dir='ltr'>r,</span> <span class='ocrx_word' id='word_1_111' title='bbox 1432 955 1468 1024; x_wconf 81' lang='lat'>3).</span> <span class='ocrx_word' id='word_1_112' title='bbox 1486 955 1713 1026; x_wconf 76' lang='lat' dir='ltr'>Rectoremque</span> <span class='ocrx_word' id='word_1_113' title='bbox 1729 954 1910 1026; x_wconf 82' lang='lat' dir='ltr'>dispensatione</span> 
     </span>
     <span class='ocr_line' id='line_1_11' title="bbox 255 1045 1913 1122; baseline -0.001 -18"><span class='ocrx_word' id='word_1_114' title='bbox 255 1065 332 1119; x_wconf 88' lang='lat' dir='ltr'>roro,</span> <span class='ocrx_word' id='word_1_115' title='bbox 346 1054 375 1106; x_wconf 90' lang='lat' dir='ltr'>et</span> <span class='ocrx_word' id='word_1_116' title='bbox 390 1048 424 1106; x_wconf 91' lang='lat' dir='ltr'>iis</span> <span class='ocrx_word' id='word_1_117' title='bbox 439 1066 504 1122; x_wconf 76' lang='lat' dir='ltr'>qnae</span> <span class='ocrx_word' id='word_1_118' title='bbox 518 1051 553 1107; x_wconf 88' lang='lat' dir='ltr'>ad</span> <span class='ocrx_word' id='word_1_119' title='bbox 568 1050 630 1106; x_wconf 74' lang='lat' dir='ltr'>lasso</span> <span class='ocrx_word' id='word_1_120' title='bbox 652 1049 806 1122; x_wconf 70' lang='lat' dir='ltr'>pertinent,</span> <span class='ocrx_word' id='word_1_121' title='bbox 822 1061 881 1102; x_wconf 87' lang='lat' dir='ltr'>oon</span> <span class='ocrx_word' id='word_1_122' title='bbox 897 1045 978 1118; x_wconf 78' lang='lat' dir='ltr'>diligi</span> <span class='ocrx_word' id='word_1_123' title='bbox 998 1059 1071 1118; x_wconf 78' lang='lat' dir='ltr'>prat·</span> <span class='ocrx_word' id='word_1_124' title='bbox 1123 1045 1286 1104; x_wconf 75' lang='lat' dir='ltr'>misericors</span> <span class='ocrx_word' id='word_1_125' title='bbox 1296 1049 1383 1120; x_wconf 83' lang='lat' dir='ltr'>judea</span> <span class='ocrx_word' id='word_1_126' title='bbox 1395 1049 1456 1104; x_wconf 85' lang='lat' dir='ltr'>coeli</span> <span class='ocrx_word' id='word_1_127' title='bbox 1467 1065 1590 1121; x_wconf 82' lang='lat' dir='ltr'>reguum</span> <span class='ocrx_word' id='word_1_128' title='bbox 1603 1047 1659 1104; x_wconf 92' lang='lat' dir='ltr'>iltis</span> <span class='ocrx_word' id='word_1_129' title='bbox 1669 1047 1820 1104; x_wconf 90' lang='lat' dir='ltr'>committit</span> <span class='ocrx_word' id='word_1_130' title='bbox 1828 1049 1913 1120; x_wconf 86' lang='lat' dir='ltr'>qulbus</span> 
     </span>
     <span class='ocr_line' id='line_1_12' title="bbox 254 1138 1915 1216; baseline -0.002 -17"><span class='ocrx_word' id='word_1_131' title='bbox 254 1143 360 1216; x_wconf 83' lang='lat' dir='ltr'>cipitur</span> <span class='ocrx_word' id='word_1_132' title='bbox 370 1161 379 1214; x_wconf 90' lang='lat'>;</span> <span class='ocrx_word' id='word_1_133' title='bbox 405 1143 456 1200; x_wconf 88' lang='lat' dir='ltr'>sed</span> <span class='ocrx_word' id='word_1_134' title='bbox 479 1143 636 1215; x_wconf 83' lang='lat' dir='ltr'>proximus,</span> <span class='ocrx_word' id='word_1_135' title='bbox 652 1147 768 1216; x_wconf 90' lang='lat' dir='ltr'>propter</span> <span class='ocrx_word' id='word_1_136' title='bbox 788 1157 875 1214; x_wconf 87' lang='lat' dir='ltr'>quem</span> <span class='ocrx_word' id='word_1_137' title='bbox 899 1140 961 1196; x_wconf 77' lang='lat' dir='ltr'>hese</span> <span class='ocrx_word' id='word_1_138' title='bbox 976 1138 1073 1196; x_wconf 89' lang='lat' dir='ltr'>omnia</span> <span class='ocrx_word' id='word_1_139' title='bbox 1123 1141 1205 1213; x_wconf 90' lang='lat' dir='ltr'>regni</span> <span class='ocrx_word' id='word_1_140' title='bbox 1221 1149 1362 1204; x_wconf 85' lang='lat' dir='ltr'>terrarum</span> <span class='ocrx_word' id='word_1_141' title='bbox 1377 1141 1624 1216; x_wconf 77' lang='lat' dir='ltr'>participationem</span> <span class='ocrx_word' id='word_1_142' title='bbox 1642 1141 1720 1198; x_wconf 90' lang='lat' dir='ltr'>lotar</span> <span class='ocrx_word' id='word_1_143' title='bbox 1732 1143 1857 1198; x_wconf 87' lang='lat' dir='ltr'>mortales</span> <span class='ocrx_word' id='word_1_144' title='bbox 1867 1141 1915 1196; x_wconf 78' lang='lat' dir='ltr'>abs</span> 
     </span>
     <span class='ocr_line' id='line_1_13' title="bbox 254 1233 1913 1309; baseline -0.002 -15"><span class='ocrx_word' id='word_1_145' title='bbox 254 1239 327 1295; x_wconf 78' lang='lat' dir='ltr'>iactas</span> <span class='ocrx_word' id='word_1_146' title='bbox 348 1243 425 1306; x_wconf 88' lang='lat' dir='ltr'>sunt,</span> <span class='ocrx_word' id='word_1_147' title='bbox 439 1238 528 1294; x_wconf 86' lang='lat' dir='ltr'>amari</span> <span class='ocrx_word' id='word_1_148' title='bbox 545 1237 675 1308; x_wconf 89' lang='lat' dir='ltr'>jubetur.</span> <span class='ocrx_word' id='word_1_149' title='bbox 693 1237 758 1294; x_wconf 78' lang='lat' dir='ltr'>llaec</span> <span class='ocrx_word' id='word_1_150' title='bbox 779 1236 859 1292; x_wconf 87' lang='lat' dir='ltr'>enim</span> <span class='ocrx_word' id='word_1_151' title='bbox 881 1233 978 1290; x_wconf 86' lang='lat' dir='ltr'>omnia</span> <span class='ocrx_word' id='word_1_152' title='bbox 997 1250 1071 1305; x_wconf 76' lang='lat' dir='ltr'>prm·</span> <span class='ocrx_word' id='word_1_153' title='bbox 1123 1235 1199 1304; x_wconf 87' lang='lat' dir='ltr'>tulit,</span> <span class='ocrx_word' id='word_1_154' title='bbox 1223 1243 1254 1292; x_wconf 90' lang='lat' dir='ltr'>ut</span> <span class='ocrx_word' id='word_1_155' title='bbox 1274 1237 1334 1308; x_wconf 92' lang='lat' dir='ltr'>ipso</span> <span class='ocrx_word' id='word_1_156' title='bbox 1358 1236 1436 1292; x_wconf 88' lang='lat' dir='ltr'>diras</span> <span class='ocrx_word' id='word_1_157' title='bbox 1456 1235 1487 1292; x_wconf 91' lang='lat' dir='ltr'>iu</span> <span class='ocrx_word' id='word_1_158' title='bbox 1509 1235 1573 1292; x_wconf 81' lang='lat' dir='ltr'>oceli</span> <span class='ocrx_word' id='word_1_159' title='bbox 1592 1235 1660 1292; x_wconf 83' lang='lat' dir='ltr'>sade</span> <span class='ocrx_word' id='word_1_160' title='bbox 1679 1239 1812 1308; x_wconf 81' lang='lat' dir='ltr'>appareat</span> <span class='ocrx_word' id='word_1_161' title='bbox 1831 1236 1873 1309; x_wconf 89' lang='lat' dir='ltr'>qui</span> <span class='ocrx_word' id='word_1_162' title='bbox 1890 1237 1913 1292; x_wconf 89' lang='lat' dir='ltr'>ia</span> 
     </span>
     <span class='ocr_line' id='line_1_14' title="bbox 255 1328 1915 1403; baseline -0.003 -15"><span class='ocrx_word' id='word_1_163' title='bbox 255 1331 343 1400; x_wconf 90' lang='lat' dir='ltr'>dicta,</span> <span class='ocrx_word' id='word_1_164' title='bbox 368 1332 445 1388; x_wconf 85' lang='lat' dir='ltr'>velut</span> <span class='ocrx_word' id='word_1_165' title='bbox 471 1347 526 1387; x_wconf 93' lang='lat' dir='ltr'>nou</span> <span class='ocrx_word' id='word_1_166' title='bbox 554 1346 701 1398; x_wconf 82' lang='lat' dir='ltr'>mansura,</span> <span class='ocrx_word' id='word_1_167' title='bbox 727 1329 763 1386; x_wconf 91' lang='lat' dir='ltr'>ad</span> <span class='ocrx_word' id='word_1_168' title='bbox 783 1330 927 1386; x_wconf 71' lang='lat' dir='ltr'>caelestem</span> <span class='ocrx_word' id='word_1_169' title='bbox 952 1328 1073 1394; x_wconf 88' lang='lat' dir='ltr'>petriam</span> <span class='ocrx_word' id='word_1_170' title='bbox 1123 1343 1198 1394; x_wconf 77' lang='lat' dir='ltr'>terra</span> <span class='ocrx_word' id='word_1_171' title='bbox 1213 1331 1327 1402; x_wconf 89' lang='lat' dir='ltr'>penitus</span> <span class='ocrx_word' id='word_1_172' title='bbox 1342 1329 1413 1386; x_wconf 89' lang='lat' dir='ltr'>nitril</span> <span class='ocrx_word' id='word_1_173' title='bbox 1435 1335 1579 1403; x_wconf 78' lang='lat' dir='ltr'>procurat.</span> <span class='ocrx_word' id='word_1_174' title='bbox 1599 1330 1763 1386; x_wconf 82' lang='lat' dir='ltr'>Cavendum</span> <span class='ocrx_word' id='word_1_175' title='bbox 1778 1346 1840 1401; x_wconf 89' lang='lat' dir='ltr'>ergo</span> <span class='ocrx_word' id='word_1_176' title='bbox 1863 1347 1915 1402; x_wconf 84' lang='lat' dir='ltr'>pau·</span> 
     </span>
     <span class='ocr_line' id='line_1_15' title="bbox 255 1422 1915 1500; baseline -0.001 -19"><span class='ocrx_word' id='word_1_177' title='bbox 255 1430 411 1500; x_wconf 88' lang='lat' dir='ltr'>pergentes</span> <span class='ocrx_word' id='word_1_178' title='bbox 431 1425 615 1482; x_wconf 82' lang='lat' dir='ltr'>concorrritari</span> <span class='ocrx_word' id='word_1_179' title='bbox 633 1431 790 1498; x_wconf 88' lang='lat' dir='ltr'>nequeunt.</span> <span class='ocrx_word' id='word_1_180' title='bbox 807 1422 932 1480; x_wconf 79' lang='lat' dir='ltr'>Proximi</span> <span class='ocrx_word' id='word_1_181' title='bbox 945 1438 1010 1478; x_wconf 85' lang='lat' dir='ltr'>vero</span> <span class='ocrx_word' id='word_1_182' title='bbox 1024 1439 1070 1478; x_wconf 82' lang='lat' dir='ltr'>ra·</span> <span class='ocrx_word' id='word_1_183' title='bbox 1123 1425 1239 1498; x_wconf 87' lang='lat' dir='ltr'>peribus</span> <span class='ocrx_word' id='word_1_184' title='bbox 1256 1433 1299 1480; x_wconf 89' lang='lat' dir='ltr'>est</span> <span class='ocrx_word' id='word_1_185' title='bbox 1314 1443 1360 1491; x_wconf 81' lang='lat' dir='ltr'>no,</span> <span class='ocrx_word' id='word_1_186' title='bbox 1375 1425 1444 1480; x_wconf 76' lang='lat' dir='ltr'>darm</span> <span class='ocrx_word' id='word_1_187' title='bbox 1461 1441 1513 1498; x_wconf 88' lang='lat' dir='ltr'>per</span> <span class='ocrx_word' id='word_1_188' title='bbox 1525 1429 1684 1496; x_wconf 81' lang='lat' dir='ltr'>egestatem</span> <span class='ocrx_word' id='word_1_189' title='bbox 1700 1427 1730 1480; x_wconf 91' lang='lat' dir='ltr'>et</span> <span class='ocrx_word' id='word_1_190' title='bbox 1743 1424 1915 1480; x_wconf 84' lang='lat' dir='ltr'>neocastnno</span> 
     </span>
     <span class='ocr_line' id='line_1_16' title="bbox 253 1502 1916 1592; baseline -0.002 -16"><span class='ocrx_word' id='word_1_191' title='bbox 253 1519 297 1576; x_wconf 92' lang='lat' dir='ltr'>lut</span> <span class='ocrx_word' id='word_1_192' title='bbox 319 1518 446 1576; x_wconf 89' lang='lat' dir='ltr'>mansuri</span> <span class='ocrx_word' id='word_1_193' title='bbox 465 1520 541 1592; x_wconf 88' lang='lat' dir='ltr'>ragis</span> <span class='ocrx_word' id='word_1_194' title='bbox 563 1519 739 1588; x_wconf 77' lang='lat' dir='ltr'>cohaeredes,</span> <span class='ocrx_word' id='word_1_195' title='bbox 761 1517 931 1590; x_wconf 87' lang='lat' dir='ltr'>semetipsos</span> <span class='ocrx_word' id='word_1_196' title='bbox 953 1516 1073 1573; x_wconf 89' lang='lat' dir='ltr'>licenter</span> <span class='ocrx_word' id='word_1_197' title='bbox 1122 1502 1270 1576; x_wconf 71' lang='lat' dir='ltr'>terronum</span> <span class='ocrx_word' id='word_1_198' title='bbox 1287 1517 1916 1591; x_wconf 75' lang='lat' dir='ltr'>nocuumprotercoot(³0),permeottseiao</span> 
     </span>
     <span class='ocr_line' id='line_1_17' title="bbox 255 1609 1914 1686; baseline -0.001 -18"><span class='ocrx_word' id='word_1_199' title='bbox 255 1611 379 1668; x_wconf 84' lang='lat' dir='ltr'>ioricam</span> <span class='ocrx_word' id='word_1_200' title='bbox 393 1611 449 1683; x_wconf 73' lang='lat' dir='ltr'>(Pil)</span> <span class='ocrx_word' id='word_1_201' title='bbox 464 1612 598 1684; x_wconf 86' lang='lat' dir='ltr'>diligunt.</span> <span class='ocrx_word' id='word_1_202' title='bbox 615 1611 696 1678; x_wconf 84' lang='lat' dir='ltr'>Quod</span> <span class='ocrx_word' id='word_1_203' title='bbox 710 1627 780 1683; x_wconf 91' lang='lat' dir='ltr'>ergo</span> <span class='ocrx_word' id='word_1_204' title='bbox 795 1609 950 1682; x_wconf 87' lang='lat' dir='ltr'>semperiu</span> <span class='ocrx_word' id='word_1_205' title='bbox 963 1609 1072 1668; x_wconf 85' lang='lat' dir='ltr'>anundo</span> <span class='ocrx_word' id='word_1_206' title='bbox 1123 1613 1331 1686; x_wconf 89' lang='lat' dir='ltr'>impudentiam</span> <span class='ocrx_word' id='word_1_207' title='bbox 1346 1614 1482 1670; x_wconf 86' lang='lat' dir='ltr'>coelorum</span> <span class='ocrx_word' id='word_1_208' title='bbox 1498 1629 1588 1684; x_wconf 86' lang='lat' dir='ltr'>regua</span> <span class='ocrx_word' id='word_1_209' title='bbox 1607 1611 1752 1666; x_wconf 86' lang='lat' dir='ltr'>emittant.</span> <span class='ocrx_word' id='word_1_210' title='bbox 1767 1613 1832 1670; x_wconf 86' lang='lat' dir='ltr'>Cum</span> <span class='ocrx_word' id='word_1_211' title='bbox 1853 1611 1914 1666; x_wconf 90' lang='lat' dir='ltr'>eniro</span> 
     </span>
     <span class='ocr_line' id='line_1_18' title="bbox 256 1702 1913 1782; baseline -0.001 -22"><span class='ocrx_word' id='word_1_212' title='bbox 256 1721 315 1760; x_wconf 89' lang='lat' dir='ltr'>non</span> <span class='ocrx_word' id='word_1_213' title='bbox 333 1712 439 1774; x_wconf 84' lang='lat' dir='ltr'>menet,</span> <span class='ocrx_word' id='word_1_214' title='bbox 455 1708 484 1762; x_wconf 89' lang='lat' dir='ltr'>et</span> <span class='ocrx_word' id='word_1_215' title='bbox 496 1721 561 1760; x_wconf 92' lang='lat' dir='ltr'>cum</span> <span class='ocrx_word' id='word_1_216' title='bbox 577 1705 685 1762; x_wconf 89' lang='lat' dir='ltr'>mnodo</span> <span class='ocrx_word' id='word_1_217' title='bbox 706 1704 815 1776; x_wconf 90' lang='lat' dir='ltr'>periter</span> <span class='ocrx_word' id='word_1_218' title='bbox 830 1702 952 1773; x_wconf 80' lang='lat' dir='ltr'>deliciet,</span> <span class='ocrx_word' id='word_1_219' title='bbox 968 1706 997 1758; x_wconf 89' lang='lat' dir='ltr'>et</span> <span class='ocrx_word' id='word_1_220' title='bbox 1010 1703 1073 1775; x_wconf 89' lang='lat' dir='ltr'>ipse</span> <span class='ocrx_word' id='word_1_221' title='bbox 1123 1707 1173 1763; x_wconf 84' lang='lat' dir='ltr'>hel</span> <span class='ocrx_word' id='word_1_222' title='bbox 1187 1707 1401 1782; x_wconf 87' lang='lat' dir='ltr'>dispensatione</span> <span class='ocrx_word' id='word_1_223' title='bbox 1424 1710 1624 1778; x_wconf 79' lang='lat' dir='ltr'>paupertatem</span> <span class='ocrx_word' id='word_1_224' title='bbox 1644 1707 1830 1762; x_wconf 84' lang='lat' dir='ltr'>necessariam</span> <span class='ocrx_word' id='word_1_225' title='bbox 1851 1721 1913 1760; x_wconf 81' lang='lat' dir='ltr'>acce·</span> 
     </span>
     <span class='ocr_line' id='line_1_19' title="bbox 256 1783 1916 1874; baseline 0 -20"><span class='ocrx_word' id='word_1_226' title='bbox 256 1799 382 1856; x_wconf 89' lang='lat' dir='ltr'>mundas</span> <span class='ocrx_word' id='word_1_227' title='bbox 401 1815 461 1856; x_wconf 85' lang='lat' dir='ltr'>uon</span> <span class='ocrx_word' id='word_1_228' title='bbox 480 1799 573 1856; x_wconf 80' lang='lat' dir='ltr'>amari</span> <span class='ocrx_word' id='word_1_229' title='bbox 592 1798 773 1872; x_wconf 65' lang='lat' dir='ltr'>praecipitum</span> <span class='ocrx_word' id='word_1_230' title='bbox 794 1797 942 1870; x_wconf 80' lang='lat' dir='ltr'>proximus</span> <span class='ocrx_word' id='word_1_231' title='bbox 963 1801 1072 1866; x_wconf 77' lang='lat' dir='ltr'>etatem,</span> <span class='ocrx_word' id='word_1_232' title='bbox 1085 1783 1111 1858; x_wconf 85' lang='lat' dir='ltr'>B</span> <span class='ocrx_word' id='word_1_233' title='bbox 1126 1805 1240 1874; x_wconf 85' lang='lat' dir='ltr'>perant,</span> <span class='ocrx_word' id='word_1_234' title='bbox 1255 1801 1284 1856; x_wconf 91' lang='lat' dir='ltr'>io</span> <span class='ocrx_word' id='word_1_235' title='bbox 1299 1801 1425 1874; x_wconf 89' lang='lat' dir='ltr'>ipsorum</span> <span class='ocrx_word' id='word_1_236' title='bbox 1438 1799 1557 1856; x_wconf 83' lang='lat' dir='ltr'>arbitrio</span> <span class='ocrx_word' id='word_1_237' title='bbox 1574 1798 1681 1872; x_wconf 85' lang='lat' dir='ltr'>pendet</span> <span class='ocrx_word' id='word_1_238' title='bbox 1692 1805 1787 1854; x_wconf 78' lang='lat' dir='ltr'>rutrum</span> <span class='ocrx_word' id='word_1_239' title='bbox 1801 1815 1916 1870; x_wconf 83' lang='lat' dir='ltr'>pauperet</span> 
     </span>
     <span class='ocr_line' id='line_1_20' title="bbox 257 1889 1916 1968; baseline -0.001 -20"><span class='ocrx_word' id='word_1_240' title='bbox 257 1892 365 1966; x_wconf 84' lang='lat' dir='ltr'>quiesi</span> <span class='ocrx_word' id='word_1_241' title='bbox 385 1909 452 1964; x_wconf 87' lang='lat' dir='ltr'>pars</span> <span class='ocrx_word' id='word_1_242' title='bbox 465 1891 549 1964; x_wconf 86' lang='lat' dir='ltr'>regni</span> <span class='ocrx_word' id='word_1_243' title='bbox 571 1891 703 1960; x_wconf 84' lang='lat' dir='ltr'>eoelestia,</span> <span class='ocrx_word' id='word_1_244' title='bbox 717 1891 747 1948; x_wconf 91' lang='lat' dir='ltr'>in</span> <span class='ocrx_word' id='word_1_245' title='bbox 769 1895 846 1946; x_wconf 88' lang='lat' dir='ltr'>terra</span> <span class='ocrx_word' id='word_1_246' title='bbox 868 1897 897 1946; x_wconf 89' lang='lat' dir='ltr'>et</span> <span class='ocrx_word' id='word_1_247' title='bbox 918 1891 995 1946; x_wconf 90' lang='lat' dir='ltr'>iuter</span> <span class='ocrx_word' id='word_1_248' title='bbox 1015 1889 1075 1946; x_wconf 87' lang='lat' dir='ltr'>ima</span> <span class='ocrx_word' id='word_1_249' title='bbox 1126 1893 1226 1968; x_wconf 88' lang='lat' dir='ltr'>spiritu</span> <span class='ocrx_word' id='word_1_250' title='bbox 1241 1893 1308 1950; x_wconf 89' lang='lat' dir='ltr'>siul.</span> <span class='ocrx_word' id='word_1_251' title='bbox 1327 1895 1390 1950; x_wconf 86' lang='lat' dir='ltr'>Noa</span> <span class='ocrx_word' id='word_1_252' title='bbox 1405 1893 1622 1966; x_wconf 91' lang='lat' dir='ltr'>quibuscunque</span> <span class='ocrx_word' id='word_1_253' title='bbox 1632 1909 1759 1966; x_wconf 84' lang='lat' dir='ltr'>namque</span> <span class='ocrx_word' id='word_1_254' title='bbox 1772 1892 1916 1964; x_wconf 73' lang='lat' dir='ltr'>puaperibus</span> 
     </span>
     <span class='ocr_line' id='line_1_21' title="bbox 257 1982 1917 2060; baseline -0.001 -18"><span class='ocrx_word' id='word_1_255' title='bbox 257 1986 410 2055; x_wconf 85' lang='lat' dir='ltr'>elementa,</span> <span class='ocrx_word' id='word_1_256' title='bbox 431 2001 448 2041; x_wconf 86' lang='lat' dir='ltr'>a</span> <span class='ocrx_word' id='word_1_257' title='bbox 466 1986 549 2058; x_wconf 89' lang='lat' dir='ltr'>regni</span> <span class='ocrx_word' id='word_1_258' title='bbox 570 1987 706 2042; x_wconf 85' lang='lat' dir='ltr'>coelorum</span> <span class='ocrx_word' id='word_1_259' title='bbox 722 1984 930 2058; x_wconf 79' lang='lat' dir='ltr'>appetitoribus</span> <span class='ocrx_word' id='word_1_260' title='bbox 951 1999 1009 2039; x_wconf 90' lang='lat' dir='ltr'>uon</span> <span class='ocrx_word' id='word_1_261' title='bbox 1028 1982 1074 2040; x_wconf 91' lang='lat' dir='ltr'>io·</span> <span class='ocrx_word' id='word_1_262' title='bbox 1125 1988 1189 2046; x_wconf 82' lang='lat' dir='ltr'>coeli</span> <span class='ocrx_word' id='word_1_263' title='bbox 1213 2005 1306 2060; x_wconf 86' lang='lat' dir='ltr'>reges</span> <span class='ocrx_word' id='word_1_264' title='bbox 1334 1989 1569 2060; x_wconf 74' lang='lat' dir='ltr'>promittuntur,</span> <span class='ocrx_word' id='word_1_265' title='bbox 1593 1986 1646 2044; x_wconf 88' lang='lat' dir='ltr'>scd</span> <span class='ocrx_word' id='word_1_266' title='bbox 1674 1987 1720 2041; x_wconf 89' lang='lat' dir='ltr'>his</span> <span class='ocrx_word' id='word_1_267' title='bbox 1744 1986 1917 2042; x_wconf 85' lang='lat' dir='ltr'>tautummodo</span> 
     </span>
     <span class='ocr_line' id='line_1_22' title="bbox 253 2076 1915 2161; baseline -0.003 -25"><span class='ocrx_word' id='word_1_268' title='bbox 253 2095 383 2161; x_wconf 30' lang='lat' dir='ltr'>&#39;congrue</span> <span class='ocrx_word' id='word_1_269' title='bbox 405 2083 528 2149; x_wconf 86' lang='lat' dir='ltr'>amatur,</span> <span class='ocrx_word' id='word_1_270' title='bbox 551 2081 621 2137; x_wconf 90' lang='lat' dir='ltr'>dam</span> <span class='ocrx_word' id='word_1_271' title='bbox 645 2079 674 2136; x_wconf 90' lang='lat' dir='ltr'>iu</span> <span class='ocrx_word' id='word_1_272' title='bbox 700 2095 838 2152; x_wconf 88' lang='lat' dir='ltr'>suprema</span> <span class='ocrx_word' id='word_1_273' title='bbox 860 2079 911 2135; x_wconf 91' lang='lat' dir='ltr'>illa</span> <span class='ocrx_word' id='word_1_274' title='bbox 931 2076 1023 2151; x_wconf 83' lang='lat' dir='ltr'>petria</span> <span class='ocrx_word' id='word_1_275' title='bbox 1045 2077 1076 2134; x_wconf 87' lang='lat' dir='ltr'>in</span> <span class='ocrx_word' id='word_1_276' title='bbox 1125 2099 1144 2138; x_wconf 88' lang='lat' dir='ltr'>n</span> <span class='ocrx_word' id='word_1_277' title='bbox 1158 2081 1264 2155; x_wconf 91' lang='lat' dir='ltr'>quihus</span> <span class='ocrx_word' id='word_1_278' title='bbox 1289 2081 1454 2138; x_wconf 75' lang='lat' dir='ltr'>divitiarum</span> <span class='ocrx_word' id='word_1_279' title='bbox 1471 2081 1598 2155; x_wconf 86' lang='lat' dir='ltr'>inopiam</span> <span class='ocrx_word' id='word_1_280' title='bbox 1615 2081 1780 2138; x_wconf 82' lang='lat' dir='ltr'>animorum</span> <span class='ocrx_word' id='word_1_281' title='bbox 1796 2080 1915 2134; x_wconf 82' lang='lat' dir='ltr'>humilitas</span> 
     </span>
     <span class='ocr_line' id='line_1_23' title="bbox 257 2172 1919 2247; baseline -0.005 -17"><span class='ocrx_word' id='word_1_282' title='bbox 257 2178 397 2230; x_wconf 79' lang='lat' dir='ltr'>oeternum</span> <span class='ocrx_word' id='word_1_283' title='bbox 412 2175 539 2232; x_wconf 79' lang='lat' dir='ltr'>coheres</span> <span class='ocrx_word' id='word_1_284' title='bbox 557 2175 718 2231; x_wconf 78' lang='lat' dir='ltr'>habebitur.</span> <span class='ocrx_word' id='word_1_285' title='bbox 734 2175 891 2245; x_wconf 85' lang='lat' dir='ltr'>Propterea</span> <span class='ocrx_word' id='word_1_286' title='bbox 904 2188 971 2228; x_wconf 89' lang='lat' dir='ltr'>rero</span> <span class='ocrx_word' id='word_1_287' title='bbox 988 2187 1073 2227; x_wconf 88' lang='lat' dir='ltr'>mun·</span> <span class='ocrx_word' id='word_1_288' title='bbox 1126 2175 1290 2232; x_wconf 82' lang='lat' dir='ltr'>connitatur.</span> <span class='ocrx_word' id='word_1_289' title='bbox 1320 2177 1431 2247; x_wconf 85' lang='lat' dir='ltr'>Pauper</span> <span class='ocrx_word' id='word_1_290' title='bbox 1459 2175 1539 2230; x_wconf 88' lang='lat' dir='ltr'>euim</span> <span class='ocrx_word' id='word_1_291' title='bbox 1565 2175 1684 2230; x_wconf 89' lang='lat' dir='ltr'>humilia</span> <span class='ocrx_word' id='word_1_292' title='bbox 1710 2189 1817 2246; x_wconf 76' lang='lat' dir='ltr'>pauper</span> <span class='ocrx_word' id='word_1_293' title='bbox 1840 2172 1919 2244; x_wconf 74' lang='lat' dir='ltr'>spirita</span> 
     </span>
     <span class='ocr_line' id='line_1_24' title="bbox 258 2265 1919 2343; baseline -0.003 -19"><span class='ocrx_word' id='word_1_294' title='bbox 258 2267 620 2342; x_wconf 81' lang='lat' dir='ltr'>dusprresensaoadiligi</span> <span class='ocrx_word' id='word_1_295' title='bbox 642 2268 867 2342; x_wconf 66' lang='lat' dir='ltr'>impertimus</span> <span class='ocrx_word' id='word_1_296' title='bbox 887 2265 970 2322; x_wconf 84' lang='lat' dir='ltr'>allel</span> <span class='ocrx_word' id='word_1_297' title='bbox 989 2265 1076 2321; x_wconf 90' lang='lat' dir='ltr'>dilec·</span> <span class='ocrx_word' id='word_1_298' title='bbox 1128 2270 1313 2343; x_wconf 86' lang='lat' dir='ltr'>appelletur,</span> <span class='ocrx_word' id='word_1_299' title='bbox 1347 2269 1421 2342; x_wconf 86' lang='lat' dir='ltr'>qni,</span> <span class='ocrx_word' id='word_1_300' title='bbox 1453 2285 1518 2324; x_wconf 91' lang='lat' dir='ltr'>cam</span> <span class='ocrx_word' id='word_1_301' title='bbox 1550 2285 1662 2340; x_wconf 90' lang='lat' dir='ltr'>egenus</span> <span class='ocrx_word' id='word_1_302' title='bbox 1700 2267 1768 2323; x_wconf 87' lang='lat' dir='ltr'>foris</span> <span class='ocrx_word' id='word_1_303' title='bbox 1797 2267 1919 2333; x_wconf 77' lang='lat' dir='ltr'>comitur,</span> 
     </span>
     <span class='ocr_line' id='line_1_25' title="bbox 258 2359 1919 2436; baseline -0.003 -20"><span class='ocrx_word' id='word_1_304' title='bbox 258 2362 337 2418; x_wconf 90' lang='lat' dir='ltr'>tione</span> <span class='ocrx_word' id='word_1_305' title='bbox 360 2361 481 2432; x_wconf 86' lang='lat' dir='ltr'>alienas,</span> <span class='ocrx_word' id='word_1_306' title='bbox 509 2363 605 2418; x_wconf 82' lang='lat' dir='ltr'>saeculi</span> <span class='ocrx_word' id='word_1_307' title='bbox 633 2361 752 2418; x_wconf 85' lang='lat' dir='ltr'>dilector</span> <span class='ocrx_word' id='word_1_308' title='bbox 777 2361 899 2434; x_wconf 88' lang='lat' dir='ltr'>quiaque</span> <span class='ocrx_word' id='word_1_309' title='bbox 924 2359 1076 2416; x_wconf 86' lang='lat' dir='ltr'>elliciotur.</span> <span class='ocrx_word' id='word_1_310' title='bbox 1128 2379 1277 2436; x_wconf 88' lang='lat' dir='ltr'>nunquam</span> <span class='ocrx_word' id='word_1_311' title='bbox 1292 2363 1321 2419; x_wconf 92' lang='lat' dir='ltr'>in</span> <span class='ocrx_word' id='word_1_312' title='bbox 1335 2362 1501 2436; x_wconf 87' lang='lat' dir='ltr'>snperbiam</span> <span class='ocrx_word' id='word_1_313' title='bbox 1516 2363 1663 2418; x_wconf 82' lang='lat' dir='ltr'>elevatur:</span> <span class='ocrx_word' id='word_1_314' title='bbox 1680 2359 1812 2435; x_wconf 88' lang='lat' dir='ltr'>quoniam</span> <span class='ocrx_word' id='word_1_315' title='bbox 1834 2359 1865 2413; x_wconf 86' lang='lat' dir='ltr'>ad</span> <span class='ocrx_word' id='word_1_316' title='bbox 1882 2375 1919 2430; x_wconf 82' lang='lat' dir='ltr'>ap</span> 
     </span>
     <span class='ocr_line' id='line_1_26' title="bbox 257 2451 1921 2530; baseline -0.004 -20"><span class='ocrx_word' id='word_1_317' title='bbox 257 2455 318 2512; x_wconf 90' lang='lat' dir='ltr'>Non</span> <span class='ocrx_word' id='word_1_318' title='bbox 345 2471 414 2526; x_wconf 88' lang='lat' dir='ltr'>ergo</span> <span class='ocrx_word' id='word_1_319' title='bbox 434 2455 519 2512; x_wconf 90' lang='lat' dir='ltr'>debet</span> <span class='ocrx_word' id='word_1_320' title='bbox 542 2455 687 2524; x_wconf 86' lang='lat' dir='ltr'>contendi,</span> <span class='ocrx_word' id='word_1_321' title='bbox 706 2455 782 2528; x_wconf 94' lang='lat' dir='ltr'>quod</span> <span class='ocrx_word' id='word_1_322' title='bbox 811 2471 867 2510; x_wconf 90' lang='lat' dir='ltr'>uon</span> <span class='ocrx_word' id='word_1_323' title='bbox 895 2453 961 2510; x_wconf 90' lang='lat' dir='ltr'>licet</span> <span class='ocrx_word' id='word_1_324' title='bbox 987 2451 1079 2508; x_wconf 91' lang='lat' dir='ltr'>amari</span> <span class='ocrx_word' id='word_1_325' title='bbox 1129 2458 1254 2530; x_wconf 78' lang='lat' dir='ltr'>pretende</span> <span class='ocrx_word' id='word_1_326' title='bbox 1268 2471 1356 2529; x_wconf 90' lang='lat' dir='ltr'>regna</span> <span class='ocrx_word' id='word_1_327' title='bbox 1368 2457 1504 2512; x_wconf 84' lang='lat' dir='ltr'>coelorum</span> <span class='ocrx_word' id='word_1_328' title='bbox 1515 2452 1921 2529; x_wconf 81' lang='lat' dir='ltr'>plusreletmenlichumilitas,</span> 
     </span>
     <span class='ocr_line' id='line_1_27' title="bbox 258 2545 1970 2623; baseline -0.006 -15"><span class='ocrx_word' id='word_1_329' title='bbox 258 2549 551 2621; x_wconf 85' lang='lat' dir='ltr'>lgitanhrisliauua,</span> <span class='ocrx_word' id='word_1_330' title='bbox 567 2549 616 2622; x_wconf 93' lang='lat' dir='ltr'>qui</span> <span class='ocrx_word' id='word_1_331' title='bbox 637 2549 763 2606; x_wconf 87' lang='lat' dir='ltr'>nominis</span> <span class='ocrx_word' id='word_1_332' title='bbox 785 2547 890 2607; x_wconf 78' lang='lat' dir='ltr'>Christi</span> <span class='ocrx_word' id='word_1_333' title='bbox 916 2545 1080 2602; x_wconf 89' lang='lat' dir='ltr'>similitudi·</span> <span class='ocrx_word' id='word_1_334' title='bbox 1130 2566 1216 2623; x_wconf 88' lang='lat' dir='ltr'>quam</span> <span class='ocrx_word' id='word_1_335' title='bbox 1230 2551 1415 2623; x_wconf 75' lang='lat' dir='ltr'>praesentium</span> <span class='ocrx_word' id='word_1_336' title='bbox 1430 2549 1591 2606; x_wconf 84' lang='lat' dir='ltr'>divitiarum</span> <span class='ocrx_word' id='word_1_337' title='bbox 1604 2548 1772 2621; x_wconf 88' lang='lat' dir='ltr'>temporalis</span> <span class='ocrx_word' id='word_1_338' title='bbox 1784 2552 1919 2620; x_wconf 80' lang='lat' dir='ltr'>paupertas.</span> <span class='ocrx_word' id='word_1_339' title='bbox 1969 2605 1970 2612; x_wconf 16' lang='lat'>¹</span> 
     </span>
     <span class='ocr_line' id='line_1_28' title="bbox 257 2639 1921 2718; baseline -0.004 -20"><span class='ocrx_word' id='word_1_340' title='bbox 257 2659 325 2700; x_wconf 88' lang='lat' dir='ltr'>nem</span> <span class='ocrx_word' id='word_1_341' title='bbox 338 2646 427 2712; x_wconf 80' lang='lat' dir='ltr'>tenet,</span> <span class='ocrx_word' id='word_1_342' title='bbox 441 2659 556 2700; x_wconf 91' lang='lat' dir='ltr'>morum</span> <span class='ocrx_word' id='word_1_343' title='bbox 569 2659 683 2718; x_wconf 89' lang='lat' dir='ltr'>quoquc</span> <span class='ocrx_word' id='word_1_344' title='bbox 703 2643 765 2716; x_wconf 86' lang='lat' dir='ltr'>ejus</span> <span class='ocrx_word' id='word_1_345' title='bbox 787 2641 1008 2698; x_wconf 89' lang='lat' dir='ltr'>similitudinem</span> <span class='ocrx_word' id='word_1_346' title='bbox 1026 2639 1078 2696; x_wconf 87' lang='lat' dir='ltr'>ha·</span> <span class='ocrx_word' id='word_1_347' title='bbox 1130 2644 1243 2702; x_wconf 82' lang='lat' dir='ltr'>Etenim</span> <span class='ocrx_word' id='word_1_348' title='bbox 1258 2644 1383 2701; x_wconf 83' lang='lat' dir='ltr'>humiles</span> <span class='ocrx_word' id='word_1_349' title='bbox 1395 2643 1444 2717; x_wconf 92' lang='lat' dir='ltr'>qni</span> <span class='ocrx_word' id='word_1_350' title='bbox 1457 2643 1532 2700; x_wconf 91' lang='lat' dir='ltr'>bene</span> <span class='ocrx_word' id='word_1_351' title='bbox 1547 2643 1661 2700; x_wconf 76' lang='lat' dir='ltr'>divitias</span> <span class='ocrx_word' id='word_1_352' title='bbox 1674 2659 1811 2715; x_wconf 88' lang='lat' dir='ltr'>possessas</span> <span class='ocrx_word' id='word_1_353' title='bbox 1829 2641 1921 2698; x_wconf 88' lang='lat' dir='ltr'>habeat.</span> 
     </span>
     <span class='ocr_line' id='line_1_29' title="bbox 259 2733 1921 2810; baseline -0.005 -18"><span class='ocrx_word' id='word_1_354' title='bbox 259 2737 329 2794; x_wconf 90' lang='lat' dir='ltr'>bere</span> <span class='ocrx_word' id='word_1_355' title='bbox 344 2735 440 2794; x_wconf 90' lang='lat' dir='ltr'>debet.</span> <span class='ocrx_word' id='word_1_356' title='bbox 456 2737 635 2795; x_wconf 84' lang='lat' dir='ltr'>Christianus</span> <span class='ocrx_word' id='word_1_357' title='bbox 655 2736 732 2794; x_wconf 89' lang='lat' dir='ltr'>enim</span> <span class='ocrx_word' id='word_1_358' title='bbox 753 2751 841 2794; x_wconf 87' lang='lat' dir='ltr'>nemo</span> <span class='ocrx_word' id='word_1_359' title='bbox 863 2740 939 2792; x_wconf 90' lang='lat' dir='ltr'>recte</span> <span class='ocrx_word' id='word_1_360' title='bbox 959 2733 1078 2802; x_wconf 85' lang='lat' dir='ltr'>dicitur,</span> <span class='ocrx_word' id='word_1_361' title='bbox 1130 2742 1250 2810; x_wconf 81' lang='lat' dir='ltr'>possunt</span> <span class='ocrx_word' id='word_1_362' title='bbox 1270 2753 1409 2810; x_wconf 82' lang='lat' dir='ltr'>pauperos</span> <span class='ocrx_word' id='word_1_363' title='bbox 1428 2736 1531 2809; x_wconf 87' lang='lat' dir='ltr'>spirito</span> <span class='ocrx_word' id='word_1_364' title='bbox 1551 2736 1719 2808; x_wconf 86' lang='lat' dir='ltr'>appellari:</span> <span class='ocrx_word' id='word_1_365' title='bbox 1739 2733 1865 2806; x_wconf 85' lang='lat' dir='ltr'>superbos</span> <span class='ocrx_word' id='word_1_366' title='bbox 1882 2749 1921 2786; x_wconf 84' lang='lat' dir='ltr'>sn·</span> 
     </span>
     <span class='ocr_line' id='line_1_30' title="bbox 260 2824 1922 2904; baseline -0.005 -18"><span class='ocrx_word' id='word_1_367' title='bbox 260 2829 317 2888; x_wconf 90' lang='lat' dir='ltr'>nisi</span> <span class='ocrx_word' id='word_1_368' title='bbox 340 2831 398 2904; x_wconf 71' lang='lat' dir='ltr'>qui,</span> <span class='ocrx_word' id='word_1_369' title='bbox 416 2831 527 2888; x_wconf 85' lang='lat' dir='ltr'>Christo</span> <span class='ocrx_word' id='word_1_370' title='bbox 553 2831 679 2887; x_wconf 88' lang='lat' dir='ltr'>moribus</span> <span class='ocrx_word' id='word_1_371' title='bbox 702 2834 877 2903; x_wconf 71' lang='lat' dir='ltr'>coequatur.</span> <span class='ocrx_word' id='word_1_372' title='bbox 903 2828 942 2884; x_wconf 87' lang='lat' dir='ltr'>De</span> <span class='ocrx_word' id='word_1_373' title='bbox 966 2827 1080 2884; x_wconf 86' lang='lat' dir='ltr'>Christo</span> <span class='ocrx_word' id='word_1_374' title='bbox 1131 2835 1188 2886; x_wconf 85' lang='lat' dir='ltr'>tem</span> <span class='ocrx_word' id='word_1_375' title='bbox 1211 2830 1281 2886; x_wconf 87' lang='lat' dir='ltr'>nihil</span> <span class='ocrx_word' id='word_1_376' title='bbox 1304 2829 1544 2900; x_wconf 86' lang='lat' dir='ltr'>habentes,haud</span> <span class='ocrx_word' id='word_1_377' title='bbox 1566 2828 1688 2885; x_wconf 91' lang='lat' dir='ltr'>dubium</span> <span class='ocrx_word' id='word_1_378' title='bbox 1711 2831 1754 2883; x_wconf 92' lang='lat' dir='ltr'>est</span> <span class='ocrx_word' id='word_1_379' title='bbox 1773 2824 1922 2882; x_wconf 85' lang='lat' dir='ltr'>heatitudine</span> 
     </span>
     <span class='ocr_line' id='line_1_31' title="bbox 259 2920 1922 2998; baseline -0.005 -20"><span class='ocrx_word' id='word_1_380' title='bbox 259 2940 328 2982; x_wconf 82' lang='lat' dir='ltr'>vero</span> <span class='ocrx_word' id='word_1_381' title='bbox 343 2941 394 2998; x_wconf 85' lang='lat' dir='ltr'>per</span> <span class='ocrx_word' id='word_1_382' title='bbox 409 2925 632 2998; x_wconf 85' lang='lat' dir='ltr'>prophetamita</span> <span class='ocrx_word' id='word_1_383' title='bbox 651 2924 890 2980; x_wconf 78' lang='lat' dir='ltr'>scribitorrliccc</span> <span class='ocrx_word' id='word_1_384' title='bbox 914 2924 989 2995; x_wconf 74' lang='lat' dir='ltr'>tilius</span> <span class='ocrx_word' id='word_1_385' title='bbox 1007 2936 1082 2978; x_wconf 74' lang='lat' dir='ltr'>mesta</span> <span class='ocrx_word' id='word_1_386' title='bbox 1132 2923 1310 2997; x_wconf 74' lang='lat' dir='ltr'>paupertatis</span> <span class='ocrx_word' id='word_1_387' title='bbox 1340 2923 1456 2998; x_wconf 78' lang='lat' dir='ltr'>privari.</span> <span class='ocrx_word' id='word_1_388' title='bbox 1489 2924 1527 2978; x_wconf 87' lang='lat' dir='ltr'>lla</span> <span class='ocrx_word' id='word_1_389' title='bbox 1560 2923 1666 2996; x_wconf 89' lang='lat' dir='ltr'>quihus</span> <span class='ocrx_word' id='word_1_390' title='bbox 1700 2920 1822 2986; x_wconf 87' lang='lat' dir='ltr'>atrisque</span> <span class='ocrx_word' id='word_1_391' title='bbox 1850 2921 1922 2972; x_wconf 80' lang='lat' dir='ltr'>sooch</span> 
     </span>
     <span class='ocr_line' id='line_1_32' title="bbox 262 3013 1923 3092; baseline -0.001 -18"><span class='ocrx_word' id='word_1_392' title='bbox 262 3035 342 3090; x_wconf 87' lang='lat' dir='ltr'>quem</span> <span class='ocrx_word' id='word_1_393' title='bbox 355 3021 433 3092; x_wconf 77' lang='lat' dir='ltr'>elegi,</span> <span class='ocrx_word' id='word_1_394' title='bbox 454 3021 552 3076; x_wconf 86' lang='lat' dir='ltr'>electas</span> <span class='ocrx_word' id='word_1_395' title='bbox 570 3035 654 3088; x_wconf 76' lang='lat' dir='ltr'>mess,</span> <span class='ocrx_word' id='word_1_396' title='bbox 669 3019 831 3090; x_wconf 82' lang='lat' dir='ltr'>complacuit</span> <span class='ocrx_word' id='word_1_397' title='bbox 844 3020 875 3072; x_wconf 85' lang='lat' dir='ltr'>iu</span> <span class='ocrx_word' id='word_1_398' title='bbox 887 3017 936 3072; x_wconf 81' lang='lat' dir='ltr'>illo</span> <span class='ocrx_word' id='word_1_399' title='bbox 957 3016 1011 3071; x_wconf 83' lang='lat' dir='ltr'>sibi</span> <span class='ocrx_word' id='word_1_400' title='bbox 1023 3015 1083 3070; x_wconf 87' lang='lat' dir='ltr'>uui-</span> <span class='ocrx_word' id='word_1_401' title='bbox 1133 3017 1278 3091; x_wconf 86' lang='lat' dir='ltr'>Scriptura</span> <span class='ocrx_word' id='word_1_402' title='bbox 1292 3017 1332 3073; x_wconf 85' lang='lat' dir='ltr'>ite</span> <span class='ocrx_word' id='word_1_403' title='bbox 1348 3015 1475 3090; x_wconf 90' lang='lat' dir='ltr'>loquitur</span> <span class='ocrx_word' id='word_1_404' title='bbox 1490 3034 1497 3072; x_wconf 93' lang='lat'>:</span> <span class='ocrx_word' id='word_1_405' title='bbox 1510 3021 1557 3074; x_wconf 78' lang='lat' dir='ltr'>list</span> <span class='ocrx_word' id='word_1_406' title='bbox 1572 3017 1652 3088; x_wconf 79' lang='lat' dir='ltr'>quasi</span> <span class='ocrx_word' id='word_1_407' title='bbox 1664 3017 1740 3072; x_wconf 81' lang='lat' dir='ltr'>diaes</span> <span class='ocrx_word' id='word_1_408' title='bbox 1753 3013 1823 3072; x_wconf 79' lang='lat' dir='ltr'>nibil</span> <span class='ocrx_word' id='word_1_409' title='bbox 1836 3013 1923 3072; x_wconf 73' lang='lat' dir='ltr'>loun,</span> 
     </span>
     <span class='ocr_line' id='line_1_33' title="bbox 261 3102 1922 3226; baseline -0.006 -56"><span class='ocrx_word' id='word_1_410' title='bbox 261 3130 307 3170; x_wconf 72' lang='lat' dir='ltr'>mss</span> <span class='ocrx_word' id='word_1_411' title='bbox 331 3130 390 3170; x_wconf 88' lang='lat' dir='ltr'>mco</span> <span class='ocrx_word' id='word_1_412' title='bbox 410 3130 418 3169; x_wconf 76' lang='grc' dir='ltr'>ι</span> <span class='ocrx_word' id='word_1_413' title='bbox 444 3129 544 3186; x_wconf 80' lang='lat' dir='ltr'>ponem</span> <span class='ocrx_word' id='word_1_414' title='bbox 570 3114 704 3188; x_wconf 82' lang='lat' dir='ltr'>Spiritum</span> <span class='ocrx_word' id='word_1_415' title='bbox 723 3128 810 3168; x_wconf 84' lang='lat' dir='ltr'>mcum</span> <span class='ocrx_word' id='word_1_416' title='bbox 830 3127 914 3182; x_wconf 81' lang='lat' dir='ltr'>snper</span> <span class='ocrx_word' id='word_1_417' title='bbox 934 3125 1004 3166; x_wconf 86' lang='lat' dir='ltr'>eum.</span> <span class='ocrx_word' id='word_1_418' title='bbox 1023 3111 1083 3167; x_wconf 86' lang='lat' dir='ltr'>Non</span> <span class='ocrx_word' id='word_1_419' title='bbox 1093 3149 1121 3226; x_wconf 76' lang='lat' dir='ltr'>C</span> <span class='ocrx_word' id='word_1_420' title='bbox 1133 3113 1206 3165; x_wconf 85' lang='lat' dir='ltr'>otest</span> <span class='ocrx_word' id='word_1_421' title='bbox 1221 3111 1300 3180; x_wconf 82' lang='lat' dir='ltr'>qnasi</span> <span class='ocrx_word' id='word_1_422' title='bbox 1317 3123 1432 3179; x_wconf 77' lang='lat' dir='ltr'>priapos,</span> <span class='ocrx_word' id='word_1_423' title='bbox 1445 3123 1505 3162; x_wconf 87' lang='lat' dir='ltr'>curn</span> <span class='ocrx_word' id='word_1_424' title='bbox 1527 3110 1558 3162; x_wconf 86' lang='lat' dir='ltr'>a&#39;u</span> <span class='ocrx_word' id='word_1_425' title='bbox 1572 3107 1666 3162; x_wconf 72' lang='lat' dir='ltr'>multos</span> <span class='ocrx_word' id='word_1_426' title='bbox 1683 3105 1787 3160; x_wconf 85' lang='lat' dir='ltr'>da&#39;or&#39;tr&#39;s&#39;s</span> <span class='ocrx_word' id='word_1_427' title='bbox 1798 3107 1830 3160; x_wconf 85' lang='lat' dir='ltr'>sa&#39;t</span> <span class='ocrx_word' id='word_1_428' title='bbox 1843 3102 1922 3174; x_wconf 74' lang='lat' dir='ltr'>(Pron,</span> 
     </span>
     <span class='ocr_line' id='line_1_34' title="bbox 261 3193 1923 3279; baseline -0.01 -15"><span class='ocrx_word' id='word_1_429' title='bbox 261 3209 411 3275; x_wconf 70' lang='lat' dir='ltr'>mntendet</span> <span class='ocrx_word' id='word_1_430' title='bbox 426 3223 510 3279; x_wconf 80' lang='lat' dir='ltr'>usquc</span> <span class='ocrx_word' id='word_1_431' title='bbox 536 3209 675 3271; x_wconf 83' lang='lat' dir='ltr'>clamabit,</span> <span class='ocrx_word' id='word_1_432' title='bbox 702 3221 787 3277; x_wconf 84' lang='lat' dir='ltr'>neque</span> <span class='ocrx_word' id='word_1_433' title='bbox 810 3205 905 3260; x_wconf 78' lang='lat' dir='ltr'>audiet</span> <span class='ocrx_word' id='word_1_434' title='bbox 927 3204 1029 3274; x_wconf 76' lang='lat' dir='ltr'>aliquis</span> <span class='ocrx_word' id='word_1_435' title='bbox 1054 3204 1084 3257; x_wconf 87' lang='lat' dir='ltr'>iu</span> <span class='ocrx_word' id='word_1_436' title='bbox 1138 3218 1197 3269; x_wconf 81' lang='lat' dir='ltr'>sarr,</span> <span class='ocrx_word' id='word_1_437' title='bbox 1209 3203 1247 3272; x_wconf 82' lang='lat'>7).</span> <span class='ocrx_word' id='word_1_438' title='bbox 1261 3201 1345 3268; x_wconf 83' lang='lat' dir='ltr'>Quasi</span> <span class='ocrx_word' id='word_1_439' title='bbox 1360 3199 1553 3274; x_wconf 79' lang='lat' dir='ltr'>pauper&#39;crgo</span> <span class='ocrx_word' id='word_1_440' title='bbox 1567 3199 1596 3255; x_wconf 93' lang='lat' dir='ltr'>in</span> <span class='ocrx_word' id='word_1_441' title='bbox 1609 3193 1923 3255; x_wconf 85' lang='lat' dir='ltr'>multisdiritiiscstdirer</span> 
     </span>
     <span class='ocr_line' id='line_1_35' title="bbox 259 3290 1924 3373; baseline -0.012 -15"><span class='ocrx_word' id='word_1_442' title='bbox 259 3303 356 3373; x_wconf 84' lang='lat' dir='ltr'>pluteo</span> <span class='ocrx_word' id='word_1_443' title='bbox 380 3317 469 3358; x_wconf 88' lang='lat' dir='ltr'>uocem</span> <span class='ocrx_word' id='word_1_444' title='bbox 496 3301 554 3372; x_wconf 73' lang='lat' dir='ltr'>cius</span> <span class='ocrx_word' id='word_1_445' title='bbox 578 3303 657 3373; x_wconf 76' lang='lat' dir='ltr'>lise..</span> <span class='ocrx_word' id='word_1_446' title='bbox 679 3317 731 3362; x_wconf 75' lang='grc' dir='ltr'>ιιι,</span> <span class='ocrx_word' id='word_1_447' title='bbox 755 3303 789 3370; x_wconf 88' lang='lat' dir='ltr'>l;</span> <span class='ocrx_word' id='word_1_448' title='bbox 818 3300 931 3362; x_wconf 69' lang='lat' dir='ltr'>ltottla„</span> <span class='ocrx_word' id='word_1_449' title='bbox 958 3313 1006 3364; x_wconf 84' lang='lat' dir='ltr'>arr,</span> <span class='ocrx_word' id='word_1_450' title='bbox 1032 3294 1085 3368; x_wconf 81' lang='lat' dir='ltr'>llll.</span> <span class='ocrx_word' id='word_1_451' title='bbox 1137 3295 1254 3352; x_wconf 87' lang='lat' dir='ltr'>humilis</span> <span class='ocrx_word' id='word_1_452' title='bbox 1275 3293 1399 3367; x_wconf 90' lang='lat' dir='ltr'>spiritu;</span> <span class='ocrx_word' id='word_1_453' title='bbox 1424 3301 1449 3350; x_wconf 84' lang='lat' dir='ltr'>et</span> <span class='ocrx_word' id='word_1_454' title='bbox 1472 3294 1543 3352; x_wconf 87' lang='lat' dir='ltr'>nihil</span> <span class='ocrx_word' id='word_1_455' title='bbox 1567 3293 1678 3350; x_wconf 88' lang='lat' dir='ltr'>habeus</span> <span class='ocrx_word' id='word_1_456' title='bbox 1700 3291 1781 3365; x_wconf 85' lang='lat' dir='ltr'>quasi</span> <span class='ocrx_word' id='word_1_457' title='bbox 1804 3290 1873 3345; x_wconf 87' lang='lat' dir='ltr'>diros</span> <span class='ocrx_word' id='word_1_458' title='bbox 1892 3291 1924 3339; x_wconf 89' lang='lat' dir='ltr'>est</span> 
     </span>
     <span class='ocr_line' id='line_1_36' title="bbox 262 3379 1924 3465; baseline -0.012 -13"><span class='ocrx_word' id='word_1_459' title='bbox 262 3397 334 3452; x_wconf 84' lang='lat' dir='ltr'>Ecce</span> <span class='ocrx_word' id='word_1_460' title='bbox 354 3395 483 3451; x_wconf 83' lang='lat' dir='ltr'>Christus</span> <span class='ocrx_word' id='word_1_461' title='bbox 503 3411 563 3452; x_wconf 90' lang='lat' dir='ltr'>non</span> <span class='ocrx_word' id='word_1_462' title='bbox 582 3393 740 3461; x_wconf 89' lang='lat' dir='ltr'>contendit,</span> <span class='ocrx_word' id='word_1_463' title='bbox 761 3408 856 3465; x_wconf 89' lang='lat' dir='ltr'>neque</span> <span class='ocrx_word' id='word_1_464' title='bbox 875 3389 1028 3447; x_wconf 86' lang='lat' dir='ltr'>clamarit:</span> <span class='ocrx_word' id='word_1_465' title='bbox 1054 3392 1083 3444; x_wconf 89' lang='lat' dir='ltr'>et</span> <span class='ocrx_word' id='word_1_466' title='bbox 1137 3406 1245 3463; x_wconf 91' lang='lat' dir='ltr'>pauper</span> <span class='ocrx_word' id='word_1_467' title='bbox 1259 3389 1399 3461; x_wconf 87' lang='lat' dir='ltr'>superbus</span> <span class='ocrx_word' id='word_1_468' title='bbox 1409 3388 1512 3444; x_wconf 86' lang='lat' dir='ltr'>mentis</span> <span class='ocrx_word' id='word_1_469' title='bbox 1522 3385 1636 3444; x_wconf 81' lang='lat' dir='ltr'>affectu.</span> <span class='ocrx_word' id='word_1_470' title='bbox 1650 3385 1760 3442; x_wconf 84' lang='lat' dir='ltr'>Nobilis</span> <span class='ocrx_word' id='word_1_471' title='bbox 1772 3401 1837 3456; x_wconf 85' lang='lat' dir='ltr'>crgo</span> <span class='ocrx_word' id='word_1_472' title='bbox 1848 3379 1924 3452; x_wconf 80' lang='lat' dir='ltr'>inopia</span> 
     </span>
     <span class='ocr_line' id='line_1_37' title="bbox 263 3475 1924 3556; baseline -0.013 -10"><span class='ocrx_word' id='word_1_473' title='bbox 263 3496 294 3546; x_wconf 91' lang='lat' dir='ltr'>tu</span> <span class='ocrx_word' id='word_1_474' title='bbox 309 3490 333 3545; x_wconf 90' lang='lat' dir='ltr'>si</span> <span class='ocrx_word' id='word_1_475' title='bbox 349 3505 463 3546; x_wconf 78' lang='lat' dir='ltr'>mortam</span> <span class='ocrx_word' id='word_1_476' title='bbox 475 3487 577 3547; x_wconf 87' lang='lat' dir='ltr'>Christi</span> <span class='ocrx_word' id='word_1_477' title='bbox 591 3487 812 3543; x_wconf 88' lang='lat' dir='ltr'>similitudinem</span> <span class='ocrx_word' id='word_1_478' title='bbox 826 3491 923 3542; x_wconf 89' lang='lat' dir='ltr'>tenere</span> <span class='ocrx_word' id='word_1_479' title='bbox 943 3481 1036 3556; x_wconf 86' lang='lat' dir='ltr'>cupis,</span> <span class='ocrx_word' id='word_1_480' title='bbox 1049 3498 1086 3539; x_wconf 87' lang='lat' dir='ltr'>ne</span> <span class='ocrx_word' id='word_1_481' title='bbox 1136 3489 1179 3539; x_wconf 89' lang='lat' dir='ltr'>est</span> <span class='ocrx_word' id='word_1_482' title='bbox 1192 3482 1297 3538; x_wconf 85' lang='lat' dir='ltr'>ruentis</span> <span class='ocrx_word' id='word_1_483' title='bbox 1307 3481 1462 3551; x_wconf 83' lang='lat' dir='ltr'>humilitas,</span> <span class='ocrx_word' id='word_1_484' title='bbox 1475 3487 1503 3536; x_wconf 90' lang='lat' dir='ltr'>et</span> <span class='ocrx_word' id='word_1_485' title='bbox 1516 3480 1623 3554; x_wconf 75' lang='lat' dir='ltr'>inepte</span> <span class='ocrx_word' id='word_1_486' title='bbox 1637 3479 1747 3535; x_wconf 80' lang='lat' dir='ltr'>divitiae</span> <span class='ocrx_word' id='word_1_487' title='bbox 1761 3481 1822 3534; x_wconf 91' lang='lat' dir='ltr'>suot</span> <span class='ocrx_word' id='word_1_488' title='bbox 1837 3475 1924 3530; x_wconf 83' lang='lat' dir='ltr'>suino</span> 
     </span>
     <span class='ocr_line' id='line_1_38' title="bbox 263 3567 1924 3651; baseline -0.013 -11"><span class='ocrx_word' id='word_1_489' title='bbox 263 3581 430 3651; x_wconf 88' lang='lat' dir='ltr'>contendas,</span> <span class='ocrx_word' id='word_1_490' title='bbox 445 3600 482 3639; x_wconf 91' lang='lat' dir='ltr'>ne</span> <span class='ocrx_word' id='word_1_491' title='bbox 493 3582 628 3639; x_wconf 78' lang='lat' dir='ltr'>abusivus</span> <span class='ocrx_word' id='word_1_492' title='bbox 641 3583 670 3637; x_wconf 91' lang='lat' dir='ltr'>iu</span> <span class='ocrx_word' id='word_1_493' title='bbox 695 3579 819 3636; x_wconf 84' lang='lat' dir='ltr'>Ecclesia</span> <span class='ocrx_word' id='word_1_494' title='bbox 833 3578 1015 3638; x_wconf 88' lang='lat' dir='ltr'>Christianus</span> <span class='ocrx_word' id='word_1_495' title='bbox 1035 3593 1084 3632; x_wconf 83' lang='lat' dir='ltr'>ex·</span> <span class='ocrx_word' id='word_1_496' title='bbox 1136 3593 1199 3633; x_wconf 87' lang='lat' dir='ltr'>urm</span> <span class='ocrx_word' id='word_1_497' title='bbox 1213 3575 1378 3632; x_wconf 84' lang='lat' dir='ltr'>enormitas.</span> <span class='ocrx_word' id='word_1_498' title='bbox 1397 3574 1605 3632; x_wconf 79' lang='lat' dir='ltr'>Providentiam</span> <span class='ocrx_word' id='word_1_499' title='bbox 1627 3579 1672 3629; x_wconf 88' lang='lat' dir='ltr'>est</span> <span class='ocrx_word' id='word_1_500' title='bbox 1683 3589 1754 3646; x_wconf 86' lang='lat' dir='ltr'>crgo</span> <span class='ocrx_word' id='word_1_501' title='bbox 1769 3567 1924 3645; x_wconf 83' lang='lat' dir='ltr'>pauperibus,</span> 
     </span>
     <span class='ocr_line' id='line_1_39' title="bbox 264 3659 1926 3744; baseline -0.012 -11"><span class='ocrx_word' id='word_1_502' title='bbox 264 3679 354 3734; x_wconf 86' lang='lat' dir='ltr'>sistas.</span> <span class='ocrx_word' id='word_1_503' title='bbox 376 3677 441 3734; x_wconf 92' lang='lat' dir='ltr'>Suis</span> <span class='ocrx_word' id='word_1_504' title='bbox 462 3677 539 3733; x_wconf 90' lang='lat' dir='ltr'>enim</span> <span class='ocrx_word' id='word_1_505' title='bbox 564 3673 751 3732; x_wconf 85' lang='lat' dir='ltr'>sectatoribus</span> <span class='ocrx_word' id='word_1_506' title='bbox 769 3673 896 3731; x_wconf 82' lang='lat' dir='ltr'>Christus</span> <span class='ocrx_word' id='word_1_507' title='bbox 921 3669 1082 3744; x_wconf 72' lang='lat' dir='ltr'>praecepit:</span> <span class='ocrx_word' id='word_1_508' title='bbox 1134 3675 1167 3727; x_wconf 91' lang='lat' dir='ltr'>ut</span> <span class='ocrx_word' id='word_1_509' title='bbox 1179 3669 1357 3742; x_wconf 84' lang='lat' dir='ltr'>semetipsos,</span> <span class='ocrx_word' id='word_1_510' title='bbox 1374 3670 1472 3743; x_wconf 88' lang='lat' dir='ltr'>qrreles</span> <span class='ocrx_word' id='word_1_511' title='bbox 1484 3668 1551 3736; x_wconf 89' lang='lat' dir='ltr'>sint,</span> <span class='ocrx_word' id='word_1_512' title='bbox 1560 3667 1728 3739; x_wconf 87' lang='lat' dir='ltr'>intelligant</span> <span class='ocrx_word' id='word_1_513' title='bbox 1735 3685 1743 3736; x_wconf 83' lang='lat'>3</span> <span class='ocrx_word' id='word_1_514' title='bbox 1755 3663 1852 3738; x_wconf 83' lang='lat' dir='ltr'>etquis</span> <span class='ocrx_word' id='word_1_515' title='bbox 1862 3659 1926 3714; x_wconf 82' lang='lat' dir='ltr'>rebus</span> 
     </span>
     <span class='ocr_line' id='line_1_40' title="bbox 264 3757 1926 3838; baseline -0.014 -8"><span class='ocrx_word' id='word_1_516' title='bbox 264 3773 355 3830; x_wconf 82' lang='lat' dir='ltr'>Nolite</span> <span class='ocrx_word' id='word_1_517' title='bbox 366 3773 460 3828; x_wconf 84' lang='lat' dir='ltr'>uocari</span> <span class='ocrx_word' id='word_1_518' title='bbox 471 3772 569 3836; x_wconf 76' lang='lat' dir='ltr'>robbir</span> <span class='ocrx_word' id='word_1_519' title='bbox 579 3785 651 3826; x_wconf 84' lang='lat' dir='ltr'>uuus</span> <span class='ocrx_word' id='word_1_520' title='bbox 664 3775 703 3826; x_wconf 88' lang='lat' dir='ltr'>est</span> <span class='ocrx_word' id='word_1_521' title='bbox 716 3771 785 3825; x_wconf 82' lang='lat' dir='ltr'>euim</span> <span class='ocrx_word' id='word_1_522' title='bbox 797 3770 881 3825; x_wconf 83' lang='lat' dir='ltr'>Pater</span> <span class='ocrx_word' id='word_1_523' title='bbox 892 3767 1085 3836; x_wconf 82' lang='lat' dir='ltr'>oester‚qur&#39;r&#39;n</span> <span class='ocrx_word' id='word_1_524' title='bbox 1133 3764 1270 3838; x_wconf 86' lang='lat' dir='ltr'>consequi</span> <span class='ocrx_word' id='word_1_525' title='bbox 1286 3763 1360 3836; x_wconf 91' lang='lat' dir='ltr'>quod</span> <span class='ocrx_word' id='word_1_526' title='bbox 1375 3763 1496 3836; x_wconf 87' lang='lat' dir='ltr'>cupiunt</span> <span class='ocrx_word' id='word_1_527' title='bbox 1518 3778 1576 3817; x_wconf 91' lang='lat' dir='ltr'>noo</span> <span class='ocrx_word' id='word_1_528' title='bbox 1593 3760 1704 3832; x_wconf 74' lang='lat' dir='ltr'>valent,</span> <span class='ocrx_word' id='word_1_529' title='bbox 1719 3757 1820 3816; x_wconf 74' lang='lat' dir='ltr'>menda</span> <span class='ocrx_word' id='word_1_530' title='bbox 1836 3763 1926 3812; x_wconf 79' lang='lat' dir='ltr'>maron</span> 
     </span>
     <span class='ocr_line' id='line_1_41' title="bbox 265 3857 1433 3933; baseline -0.007 -11"><span class='ocrx_word' id='word_1_531' title='bbox 265 3867 337 3922; x_wconf 79' lang='lat' dir='ltr'>cetis</span> <span class='ocrx_word' id='word_1_532' title='bbox 351 3871 398 3923; x_wconf 88' lang='lat' dir='ltr'>cst.</span> <span class='ocrx_word' id='word_1_533' title='bbox 412 3867 508 3924; x_wconf 83' lang='lat' dir='ltr'>Omnes</span> <span class='ocrx_word' id='word_1_534' title='bbox 528 3867 598 3922; x_wconf 84' lang='lat' dir='ltr'>crrim</span> <span class='ocrx_word' id='word_1_535' title='bbox 609 3879 655 3920; x_wconf 87' lang='lat' dir='ltr'>uos</span> <span class='ocrx_word' id='word_1_536' title='bbox 675 3865 778 3932; x_wconf 72' lang='lat' dir='ltr'>frustras</span> <span class='ocrx_word' id='word_1_537' title='bbox 792 3863 856 3918; x_wconf 80' lang='lat' dir='ltr'>estis</span> <span class='ocrx_word' id='word_1_538' title='bbox 870 3859 992 3933; x_wconf 67' lang='lat' dir='ltr'>(Metti,</span> <span class='ocrx_word' id='word_1_539' title='bbox 1004 3873 1082 3928; x_wconf 80' lang='lat' dir='ltr'>aruir,</span> <span class='ocrx_word' id='word_1_540' title='bbox 1133 3857 1281 3930; x_wconf 85' lang='lat' dir='ltr'>superbire</span> <span class='ocrx_word' id='word_1_541' title='bbox 1292 3857 1433 3914; x_wconf 89' lang='lat' dir='ltr'>desinont.</span> 
     </span>
     <span class='ocr_line' id='line_1_42' title="bbox 265 3947 1629 4033; baseline -0.007 -17"><span class='ocrx_word' id='word_1_542' title='bbox 265 3959 303 4032; x_wconf 88' lang='lat'>8),</span> <span class='ocrx_word' id='word_1_543' title='bbox 319 3959 423 4033; x_wconf 89' lang='lat' dir='ltr'>quibus</span> <span class='ocrx_word' id='word_1_544' title='bbox 435 3959 472 4016; x_wconf 91' lang='lat' dir='ltr'>ad</span> <span class='ocrx_word' id='word_1_545' title='bbox 486 3957 704 4033; x_wconf 89' lang='lat' dir='ltr'>supplicandum</span> <span class='ocrx_word' id='word_1_546' title='bbox 721 3955 882 4028; x_wconf 78' lang='lat' dir='ltr'>imperavit.</span> <span class='ocrx_word' id='word_1_547' title='bbox 903 3969 967 4008; x_wconf 88' lang='lat' dir='ltr'>crrm</span> <span class='ocrx_word' id='word_1_548' title='bbox 991 3951 1082 4008; x_wconf 88' lang='lat' dir='ltr'>dicit:</span> <span class='ocrx_word' id='word_1_549' title='bbox 1462 3949 1570 4007; x_wconf 73' lang='lat' dir='ltr'>CAPUT</span> <span class='ocrx_word' id='word_1_550' title='bbox 1587 3947 1629 4005; x_wconf 82' lang='lat' dir='ltr'>tx.</span> 
     </span>
     <span class='ocr_line' id='line_1_43' title="bbox 265 4031 1926 4122; baseline -0.016 -11"><span class='ocrx_word' id='word_1_551' title='bbox 265 4055 309 4112; x_wconf 86' lang='lat' dir='ltr'>Sic</span> <span class='ocrx_word' id='word_1_552' title='bbox 321 4058 412 4109; x_wconf 84' lang='lat' dir='ltr'>antem</span> <span class='ocrx_word' id='word_1_553' title='bbox 430 4054 544 4109; x_wconf 79' lang='lat' dir='ltr'>orabitis</span> <span class='ocrx_word' id='word_1_554' title='bbox 560 4069 569 4107; x_wconf 83' lang='lat' dir='ltr'>r</span> <span class='ocrx_word' id='word_1_555' title='bbox 587 4055 666 4109; x_wconf 86' lang='lat' dir='ltr'>Potor</span> <span class='ocrx_word' id='word_1_556' title='bbox 678 4057 769 4107; x_wconf 85' lang='lat' dir='ltr'>noster</span> <span class='ocrx_word' id='word_1_557' title='bbox 795 4051 844 4122; x_wconf 83' lang='lat' dir='ltr'>qui</span> <span class='ocrx_word' id='word_1_558' title='bbox 856 4051 887 4104; x_wconf 84' lang='lat' dir='ltr'>in</span> <span class='ocrx_word' id='word_1_559' title='bbox 910 4048 991 4110; x_wconf 80' lang='lat' dir='ltr'>celia,</span> <span class='ocrx_word' id='word_1_560' title='bbox 1007 4061 1084 4102; x_wconf 84' lang='lat' dir='ltr'>souc—</span> <span class='ocrx_word' id='word_1_561' title='bbox 1166 4047 1263 4102; x_wconf 86' lang='lat' dir='ltr'>Nouos</span> <span class='ocrx_word' id='word_1_562' title='bbox 1278 4043 1423 4100; x_wconf 81' lang='lat' dir='ltr'>abusionis</span> <span class='ocrx_word' id='word_1_563' title='bbox 1440 4042 1543 4116; x_wconf 88' lang='lat' dir='ltr'>gradus</span> <span class='ocrx_word' id='word_1_564' title='bbox 1556 4048 1609 4110; x_wconf 87' lang='lat' dir='ltr'>est,</span> <span class='ocrx_word' id='word_1_565' title='bbox 1625 4059 1673 4098; x_wconf 85' lang='lat' dir='ltr'>rea</span> <span class='ocrx_word' id='word_1_566' title='bbox 1694 4042 1823 4115; x_wconf 89' lang='lat' dir='ltr'>iniquus.</span> <span class='ocrx_word' id='word_1_567' title='bbox 1837 4031 1926 4092; x_wconf 78' lang='lat' dir='ltr'>Etcum</span> 
     </span>
     <span class='ocr_line' id='line_1_44' title="bbox 267 4132 1925 4218; baseline -0.012 -16"><span class='ocrx_word' id='word_1_568' title='bbox 267 4149 385 4217; x_wconf 66' lang='lat' dir='ltr'>tipcctnr</span> <span class='ocrx_word' id='word_1_569' title='bbox 402 4161 496 4202; x_wconf 83' lang='lat' dir='ltr'>nomeu</span> <span class='ocrx_word' id='word_1_570' title='bbox 519 4152 596 4202; x_wconf 86' lang='lat' dir='ltr'>tuum</span> <span class='ocrx_word' id='word_1_571' title='bbox 618 4145 742 4218; x_wconf 67' lang='lat' dir='ltr'>thalli..</span> <span class='ocrx_word' id='word_1_572' title='bbox 755 4161 793 4214; x_wconf 88' lang='lat' dir='ltr'>vr,</span> <span class='ocrx_word' id='word_1_573' title='bbox 817 4141 856 4213; x_wconf 86' lang='lat' dir='ltr'>e).</span> <span class='ocrx_word' id='word_1_574' title='bbox 878 4143 992 4199; x_wconf 84' lang='lat' dir='ltr'>Frustra</span> <span class='ocrx_word' id='word_1_575' title='bbox 1012 4154 1083 4212; x_wconf 90' lang='lat' dir='ltr'>ergo</span> <span class='ocrx_word' id='word_1_576' title='bbox 1131 4156 1229 4212; x_wconf 89' lang='lat' dir='ltr'>rogem</span> <span class='ocrx_word' id='word_1_577' title='bbox 1252 4155 1309 4194; x_wconf 91' lang='lat' dir='ltr'>nou</span> <span class='ocrx_word' id='word_1_578' title='bbox 1327 4139 1478 4210; x_wconf 85' lang='lat' dir='ltr'>iniquum,</span> <span class='ocrx_word' id='word_1_579' title='bbox 1504 4136 1554 4192; x_wconf 90' lang='lat' dir='ltr'>aed</span> <span class='ocrx_word' id='word_1_580' title='bbox 1580 4141 1770 4193; x_wconf 87' lang='lat' dir='ltr'>correctorem</span> <span class='ocrx_word' id='word_1_581' title='bbox 1788 4132 1925 4204; x_wconf 82' lang='lat' dir='ltr'>iniquorum</span> 
     </span>
     <span class='ocr_line' id='line_1_45' title="bbox 267 4220 1926 4312; baseline -0.011 -17"><span class='ocrx_word' id='word_1_582' title='bbox 267 4239 416 4295; x_wconf 85' lang='lat' dir='ltr'>contendit</span> <span class='ocrx_word' id='word_1_583' title='bbox 432 4241 543 4312; x_wconf 86' lang='lat' dir='ltr'>patrem</span> <span class='ocrx_word' id='word_1_584' title='bbox 557 4238 707 4294; x_wconf 77' lang='lat' dir='ltr'>rehabere</span> <span class='ocrx_word' id='word_1_585' title='bbox 722 4237 851 4306; x_wconf 88' lang='lat' dir='ltr'>interra,</span> <span class='ocrx_word' id='word_1_586' title='bbox 867 4235 915 4308; x_wconf 91' lang='lat' dir='ltr'>qui</span> <span class='ocrx_word' id='word_1_587' title='bbox 932 4240 1039 4308; x_wconf 86' lang='lat' dir='ltr'>patrem</span> <span class='ocrx_word' id='word_1_588' title='bbox 1055 4236 1084 4289; x_wconf 86' lang='lat' dir='ltr'>et</span> <span class='ocrx_word' id='word_1_589' title='bbox 1132 4251 1194 4290; x_wconf 87' lang='lat' dir='ltr'>esse</span> <span class='ocrx_word' id='word_1_590' title='bbox 1210 4236 1333 4306; x_wconf 90' lang='lat' dir='ltr'>oportet.</span> <span class='ocrx_word' id='word_1_591' title='bbox 1350 4231 1421 4288; x_wconf 90' lang='lat' dir='ltr'>lude</span> <span class='ocrx_word' id='word_1_592' title='bbox 1432 4230 1462 4288; x_wconf 90' lang='lat' dir='ltr'>in</span> <span class='ocrx_word' id='word_1_593' title='bbox 1476 4231 1633 4302; x_wconf 88' lang='lat' dir='ltr'>semetipso</span> <span class='ocrx_word' id='word_1_594' title='bbox 1645 4229 1772 4285; x_wconf 90' lang='lat' dir='ltr'>nominis</span> <span class='ocrx_word' id='word_1_595' title='bbox 1782 4220 1926 4292; x_wconf 81' lang='lat' dir='ltr'>sotdtgntta·</span> 
     </span>
     <span class='ocr_line' id='line_1_46' title="bbox 266 4314 1926 4406; baseline -0.013 -20"><span class='ocrx_word' id='word_1_596' title='bbox 266 4329 389 4406; x_wconf 86' lang='lat' dir='ltr'>patrium</span> <span class='ocrx_word' id='word_1_597' title='bbox 405 4331 556 4403; x_wconf 83' lang='lat' dir='ltr'>profitetur</span> <span class='ocrx_word' id='word_1_598' title='bbox 567 4347 597 4387; x_wconf 85' lang='lat' dir='ltr'>se</span> <span class='ocrx_word' id='word_1_599' title='bbox 610 4331 718 4388; x_wconf 89' lang='lat' dir='ltr'>hebere</span> <span class='ocrx_word' id='word_1_600' title='bbox 741 4331 771 4385; x_wconf 91' lang='lat' dir='ltr'>io</span> <span class='ocrx_word' id='word_1_601' title='bbox 786 4330 865 4385; x_wconf 84' lang='lat' dir='ltr'>coelo.</span> <span class='ocrx_word' id='word_1_602' title='bbox 885 4329 972 4401; x_wconf 83' lang='lat' dir='ltr'>Cujus</span> <span class='ocrx_word' id='word_1_603' title='bbox 985 4327 1083 4399; x_wconf 77' lang='lat' dir='ltr'>patriae</span> <span class='ocrx_word' id='word_1_604' title='bbox 1137 4333 1196 4384; x_wconf 90' lang='lat' dir='ltr'>tem</span> <span class='ocrx_word' id='word_1_605' title='bbox 1211 4325 1356 4382; x_wconf 89' lang='lat' dir='ltr'>custodire</span> <span class='ocrx_word' id='word_1_606' title='bbox 1380 4325 1464 4381; x_wconf 89' lang='lat' dir='ltr'>debet</span> <span class='ocrx_word' id='word_1_607' title='bbox 1480 4341 1486 4380; x_wconf 96' lang='lat'><strong>:</strong></span> <span class='ocrx_word' id='word_1_608' title='bbox 1503 4341 1610 4380; x_wconf 89' lang='lat' dir='ltr'>nomen</span> <span class='ocrx_word' id='word_1_609' title='bbox 1634 4323 1713 4380; x_wconf 91' lang='lat' dir='ltr'>enim</span> <span class='ocrx_word' id='word_1_610' title='bbox 1733 4323 1808 4394; x_wconf 90' lang='lat' dir='ltr'>regis</span> <span class='ocrx_word' id='word_1_611' title='bbox 1825 4314 1926 4374; x_wconf 79' lang='lat' dir='ltr'>intelte-</span> 
     </span>
     <span class='ocr_line' id='line_1_47' title="bbox 267 4404 1926 4498; baseline -0.013 -16"><span class='ocrx_word' id='word_1_612' title='bbox 267 4441 354 4482; x_wconf 86' lang='lat' dir='ltr'>aemo</span> <span class='ocrx_word' id='word_1_613' title='bbox 367 4440 513 4498; x_wconf 87' lang='lat' dir='ltr'>possessor</span> <span class='ocrx_word' id='word_1_614' title='bbox 525 4425 656 4493; x_wconf 83' lang='lat' dir='ltr'>allicitur,</span> <span class='ocrx_word' id='word_1_615' title='bbox 668 4423 721 4480; x_wconf 88' lang='lat' dir='ltr'>nisi</span> <span class='ocrx_word' id='word_1_616' title='bbox 732 4423 781 4497; x_wconf 91' lang='lat' dir='ltr'>qui</span> <span class='ocrx_word' id='word_1_617' title='bbox 796 4424 831 4480; x_wconf 91' lang='lat' dir='ltr'>de</span> <span class='ocrx_word' id='word_1_618' title='bbox 846 4429 968 4478; x_wconf 85' lang='lat' dir='ltr'>terrenae</span> <span class='ocrx_word' id='word_1_619' title='bbox 982 4421 1083 4495; x_wconf 83' lang='lat' dir='ltr'>patriae</span> <span class='ocrx_word' id='word_1_620' title='bbox 1133 4422 1251 4478; x_wconf 88' lang='lat' dir='ltr'>tualiter</span> <span class='ocrx_word' id='word_1_621' title='bbox 1266 4419 1320 4476; x_wconf 89' lang='lat' dir='ltr'>hoo</span> <span class='ocrx_word' id='word_1_622' title='bbox 1344 4419 1458 4488; x_wconf 87' lang='lat' dir='ltr'>retinet,</span> <span class='ocrx_word' id='word_1_623' title='bbox 1474 4423 1505 4472; x_wconf 91' lang='lat' dir='ltr'>ut</span> <span class='ocrx_word' id='word_1_624' title='bbox 1529 4417 1664 4489; x_wconf 87' lang='lat' dir='ltr'>subjectis</span> <span class='ocrx_word' id='word_1_625' title='bbox 1688 4415 1821 4472; x_wconf 89' lang='lat' dir='ltr'>omnibns</span> <span class='ocrx_word' id='word_1_626' title='bbox 1835 4404 1926 4466; x_wconf 78' lang='lat' dir='ltr'>rectum</span> 
     </span>
     <span class='ocr_line' id='line_1_48' title="bbox 267 4503 1924 4590; baseline -0.012 -13"><span class='ocrx_word' id='word_1_627' title='bbox 267 4519 452 4579; x_wconf 84' lang='lat' dir='ltr'>contentione</span> <span class='ocrx_word' id='word_1_628' title='bbox 466 4535 583 4576; x_wconf 86' lang='lat' dir='ltr'>securus</span> <span class='ocrx_word' id='word_1_629' title='bbox 596 4519 727 4574; x_wconf 89' lang='lat' dir='ltr'>habetor.</span> <span class='ocrx_word' id='word_1_630' title='bbox 1096 4513 1264 4590; x_wconf 76' lang='lat' dir='ltr'>Dolllcium</span> <span class='ocrx_word' id='word_1_631' title='bbox 1296 4519 1439 4587; x_wconf 88' lang='lat' dir='ltr'>procuret.</span> <span class='ocrx_word' id='word_1_632' title='bbox 1463 4512 1519 4569; x_wconf 91' lang='lat' dir='ltr'>Sed</span> <span class='ocrx_word' id='word_1_633' title='bbox 1549 4512 1672 4585; x_wconf 82' lang='lat' dir='ltr'>qualiter</span> <span class='ocrx_word' id='word_1_634' title='bbox 1703 4511 1775 4566; x_wconf 86' lang='lat' dir='ltr'>elios</span> <span class='ocrx_word' id='word_1_635' title='bbox 1804 4503 1924 4574; x_wconf 78' lang='lat' dir='ltr'>corrigere</span> 
     </span>
     <span class='ocr_line' id='line_1_49' title="bbox 575 4595 1924 4685; baseline -0.01 -16"><span class='ocrx_word' id='word_1_636' title='bbox 575 4613 685 4669; x_wconf 82' lang='lat' dir='ltr'>CAPUT</span> <span class='ocrx_word' id='word_1_637' title='bbox 703 4613 773 4668; x_wconf 86' lang='lat' dir='ltr'>vttt.</span> <span class='ocrx_word' id='word_1_638' title='bbox 1136 4609 1252 4685; x_wconf 88' lang='lat' dir='ltr'>poterit,</span> <span class='ocrx_word' id='word_1_639' title='bbox 1279 4603 1327 4682; x_wconf 90' lang='lat' dir='ltr'>qui</span> <span class='ocrx_word' id='word_1_640' title='bbox 1352 4607 1481 4680; x_wconf 90' lang='lat' dir='ltr'>proprios</span> <span class='ocrx_word' id='word_1_641' title='bbox 1505 4621 1608 4676; x_wconf 85' lang='lat' dir='ltr'>mores,</span> <span class='ocrx_word' id='word_1_642' title='bbox 1638 4621 1674 4660; x_wconf 90' lang='lat' dir='ltr'>nc</span> <span class='ocrx_word' id='word_1_643' title='bbox 1696 4603 1786 4678; x_wconf 90' lang='lat' dir='ltr'>iniqui</span> <span class='ocrx_word' id='word_1_644' title='bbox 1809 4601 1857 4671; x_wconf 83' lang='lat' dir='ltr'>(au</span> <span class='ocrx_word' id='word_1_645' title='bbox 1875 4595 1924 4656; x_wconf 76' lang='lat' dir='ltr'>sittb</span> 
     </span>
     <span class='ocr_line' id='line_1_50' title="bbox 305 4690 1927 4781; baseline -0.018 -14"><span class='ocrx_word' id='word_1_646' title='bbox 305 4710 426 4767; x_wconf 86' lang='lat' dir='ltr'>Octerns</span> <span class='ocrx_word' id='word_1_647' title='bbox 445 4707 589 4766; x_wconf 86' lang='lat' dir='ltr'>abusionis</span> <span class='ocrx_word' id='word_1_648' title='bbox 607 4707 711 4781; x_wconf 86' lang='lat' dir='ltr'>gradus</span> <span class='ocrx_word' id='word_1_649' title='bbox 732 4711 785 4774; x_wconf 89' lang='lat' dir='ltr'>est,</span> <span class='ocrx_word' id='word_1_650' title='bbox 805 4720 916 4777; x_wconf 89' lang='lat' dir='ltr'>pauper</span> <span class='ocrx_word' id='word_1_651' title='bbox 933 4700 1085 4775; x_wconf 88' lang='lat' dir='ltr'>superbus,</span> <span class='ocrx_word' id='word_1_652' title='bbox 1143 4722 1200 4761; x_wconf 89' lang='lat' dir='ltr'>non</span> <span class='ocrx_word' id='word_1_653' title='bbox 1222 4701 1363 4776; x_wconf 85' lang='lat' dir='ltr'>corrigit?</span> <span class='ocrx_word' id='word_1_654' title='bbox 1377 4701 1514 4776; x_wconf 88' lang='lat' dir='ltr'>quonium</span> <span class='ocrx_word' id='word_1_655' title='bbox 1536 4700 1566 4756; x_wconf 89' lang='lat' dir='ltr'>in</span> <span class='ocrx_word' id='word_1_656' title='bbox 1584 4699 1698 4770; x_wconf 87' lang='lat' dir='ltr'>justitio</span> <span class='ocrx_word' id='word_1_657' title='bbox 1719 4697 1792 4770; x_wconf 87' lang='lat' dir='ltr'>rogis</span> <span class='ocrx_word' id='word_1_658' title='bbox 1814 4690 1927 4748; x_wconf 83' lang='lat' dir='ltr'>exaltatur</span> 
     </span>
     <span class='ocr_line' id='line_1_51' title="bbox 268 4779 1926 4882; baseline -0.015 -21"><span class='ocrx_word' id='word_1_659' title='bbox 268 4805 327 4881; x_wconf 90' lang='lat' dir='ltr'>qni,</span> <span class='ocrx_word' id='word_1_660' title='bbox 344 4804 415 4860; x_wconf 89' lang='lat' dir='ltr'>nibil</span> <span class='ocrx_word' id='word_1_661' title='bbox 436 4803 555 4873; x_wconf 83' lang='lat' dir='ltr'>hulcus,</span> <span class='ocrx_word' id='word_1_662' title='bbox 576 4803 604 4859; x_wconf 91' lang='lat' dir='ltr'>in</span> <span class='ocrx_word' id='word_1_663' title='bbox 630 4800 791 4877; x_wconf 88' lang='lat' dir='ltr'>superbiam</span> <span class='ocrx_word' id='word_1_664' title='bbox 814 4797 979 4855; x_wconf 85' lang='lat' dir='ltr'>extollitur:</span> <span class='ocrx_word' id='word_1_665' title='bbox 996 4812 1060 4852; x_wconf 90' lang='lat' dir='ltr'>cum</span> <span class='ocrx_word' id='word_1_666' title='bbox 1077 4811 1093 4852; x_wconf 88' lang='lat' dir='ltr'>e</span> <span class='ocrx_word' id='word_1_667' title='bbox 1142 4789 1257 4865; x_wconf 81' lang='lat' dir='ltr'>sollum,</span> <span class='ocrx_word' id='word_1_668' title='bbox 1273 4801 1303 4854; x_wconf 90' lang='lat' dir='ltr'>et</span> <span class='ocrx_word' id='word_1_669' title='bbox 1314 4795 1344 4851; x_wconf 91' lang='lat' dir='ltr'>in</span> <span class='ocrx_word' id='word_1_670' title='bbox 1357 4795 1474 4851; x_wconf 81' lang='lat' dir='ltr'>ueritate</span> <span class='ocrx_word' id='word_1_671' title='bbox 1491 4793 1566 4867; x_wconf 87' lang='lat' dir='ltr'>regis</span> <span class='ocrx_word' id='word_1_672' title='bbox 1586 4791 1747 4850; x_wconf 89' lang='lat' dir='ltr'>solidantur</span> <span class='ocrx_word' id='word_1_673' title='bbox 1761 4779 1926 4882; x_wconf 69' lang='lat' dir='ltr'>giruornscetr</span> 
     </span>
     <span class='ocr_line' id='line_1_52' title="bbox 269 4881 1925 4968; baseline -0.018 -12"><span class='ocrx_word' id='word_1_674' title='bbox 269 4899 413 4957; x_wconf 88' lang='lat' dir='ltr'>contrario</span> <span class='ocrx_word' id='word_1_675' title='bbox 428 4897 562 4954; x_wconf 78' lang='lat' dir='ltr'>diuitibus</span> <span class='ocrx_word' id='word_1_676' title='bbox 578 4896 673 4953; x_wconf 75' lang='lat' dir='ltr'>seculi</span> <span class='ocrx_word' id='word_1_677' title='bbox 689 4911 746 4951; x_wconf 88' lang='lat' dir='ltr'>non</span> <span class='ocrx_word' id='word_1_678' title='bbox 765 4891 888 4965; x_wconf 90' lang='lat' dir='ltr'>superbe</span> <span class='ocrx_word' id='word_1_679' title='bbox 910 4907 1011 4964; x_wconf 89' lang='lat' dir='ltr'>sapere</span> <span class='ocrx_word' id='word_1_680' title='bbox 1034 4905 1088 4962; x_wconf 89' lang='lat' dir='ltr'>per</span> <span class='ocrx_word' id='word_1_681' title='bbox 1143 4893 1324 4968; x_wconf 85' lang='lat' dir='ltr'>populorum.</span> <span class='ocrx_word' id='word_1_682' title='bbox 1343 4887 1455 4948; x_wconf 82' lang='lat' dir='ltr'>lustitia</span> <span class='ocrx_word' id='word_1_683' title='bbox 1483 4904 1549 4944; x_wconf 83' lang='lat' dir='ltr'>vero</span> <span class='ocrx_word' id='word_1_684' title='bbox 1570 4887 1647 4960; x_wconf 90' lang='lat' dir='ltr'>regis</span> <span class='ocrx_word' id='word_1_685' title='bbox 1675 4888 1720 4940; x_wconf 90' lang='lat' dir='ltr'>est</span> <span class='ocrx_word' id='word_1_686' title='bbox 1744 4881 1876 4940; x_wconf 86' lang='lat' dir='ltr'>neminem</span> <span class='ocrx_word' id='word_1_687' title='bbox 1893 4889 1925 4926; x_wconf 89' lang='lat' dir='ltr'>tu·</span> 
     </span>
     <span class='ocr_line' id='line_1_53' title="bbox 274 4971 1926 5065; baseline -0.016 -17"><span class='ocrx_word' id='word_1_688' title='bbox 274 4991 560 5065; x_wconf 86' lang='lat' dir='ltr'>apostolumPaoluur</span> <span class='ocrx_word' id='word_1_689' title='bbox 585 4989 753 5064; x_wconf 90' lang='lat' dir='ltr'>imperetur.</span> <span class='ocrx_word' id='word_1_690' title='bbox 772 4985 847 5053; x_wconf 83' lang='lat' dir='ltr'>Quid</span> <span class='ocrx_word' id='word_1_691' title='bbox 873 5001 943 5058; x_wconf 91' lang='lat' dir='ltr'>ergo</span> <span class='ocrx_word' id='word_1_692' title='bbox 964 4982 1093 5040; x_wconf 88' lang='lat' dir='ltr'>stolidius</span> <span class='ocrx_word' id='word_1_693' title='bbox 1144 4987 1215 5038; x_wconf 88' lang='lat' dir='ltr'>uste</span> <span class='ocrx_word' id='word_1_694' title='bbox 1228 4997 1281 5054; x_wconf 92' lang='lat' dir='ltr'>per</span> <span class='ocrx_word' id='word_1_695' title='bbox 1304 4978 1463 5052; x_wconf 90' lang='lat' dir='ltr'>potentiam</span> <span class='ocrx_word' id='word_1_696' title='bbox 1476 4974 1573 5050; x_wconf 98' lang='grc'>878</span> <span class='ocrx_word' id='word_1_697' title='bbox 1588 4973 1762 5048; x_wconf 79' lang='lat' dir='ltr'>opprimere,</span> <span class='ocrx_word' id='word_1_698' title='bbox 1775 4971 1833 5024; x_wconf 90' lang='lat' dir='ltr'>sine</span> <span class='ocrx_word' id='word_1_699' title='bbox 1849 4977 1926 5038; x_wconf 72' lang='lat' dir='ltr'>petto·</span> 
     </span>
     <span class='ocr_line' id='line_1_54' title="bbox 281 5065 1927 5159; baseline -0.021 -18"><span class='ocrx_word' id='word_1_700' title='bbox 281 5091 375 5159; x_wconf 86' lang='lat' dir='ltr'>potest</span> <span class='ocrx_word' id='word_1_701' title='bbox 398 5085 459 5140; x_wconf 87' lang='lat' dir='ltr'>lteri</span> <span class='ocrx_word' id='word_1_702' title='bbox 480 5101 565 5157; x_wconf 89' lang='lat' dir='ltr'>qnam</span> <span class='ocrx_word' id='word_1_703' title='bbox 585 5081 667 5138; x_wconf 91' lang='lat' dir='ltr'>illum</span> <span class='ocrx_word' id='word_1_704' title='bbox 687 5081 736 5154; x_wconf 91' lang='lat' dir='ltr'>qui</span> <span class='ocrx_word' id='word_1_705' title='bbox 756 5096 808 5153; x_wconf 88' lang='lat' dir='ltr'>per</span> <span class='ocrx_word' id='word_1_706' title='bbox 828 5079 973 5135; x_wconf 83' lang='lat' dir='ltr'>infirmam</span> <span class='ocrx_word' id='word_1_707' title='bbox 996 5074 1091 5152; x_wconf 91' lang='grc'>877</span> <span class='ocrx_word' id='word_1_708' title='bbox 1142 5091 1246 5132; x_wconf 87' lang='lat' dir='ltr'>aarum</span> <span class='ocrx_word' id='word_1_709' title='bbox 1265 5071 1430 5146; x_wconf 89' lang='lat' dir='ltr'>acceptione</span> <span class='ocrx_word' id='word_1_710' title='bbox 1448 5071 1524 5126; x_wconf 89' lang='lat' dir='ltr'>inter</span> <span class='ocrx_word' id='word_1_711' title='bbox 1537 5071 1628 5124; x_wconf 83' lang='lat' dir='ltr'>virum</span> <span class='ocrx_word' id='word_1_712' title='bbox 1644 5073 1672 5124; x_wconf 91' lang='lat' dir='ltr'>et</span> <span class='ocrx_word' id='word_1_713' title='bbox 1690 5065 1844 5140; x_wconf 81' lang='lat' dir='ltr'>proximum</span> <span class='ocrx_word' id='word_1_714' title='bbox 1862 5065 1927 5111; x_wconf 86' lang='lat' dir='ltr'>suom</span> 
     </span>
     <span class='ocr_line' id='line_1_55' title="bbox 273 5149 1928 5258; baseline -0.022 -18"><span class='ocrx_word' id='word_1_715' title='bbox 273 5185 415 5240; x_wconf 85' lang='lat' dir='ltr'>miseriam</span> <span class='ocrx_word' id='word_1_716' title='bbox 431 5181 508 5238; x_wconf 82' lang='lat' dir='ltr'>velut</span> <span class='ocrx_word' id='word_1_717' title='bbox 521 5182 551 5244; x_wconf 86' lang='lat' dir='ltr'>ln</span> <span class='ocrx_word' id='word_1_718' title='bbox 567 5184 675 5236; x_wconf 86' lang='lat' dir='ltr'>terram</span> <span class='ocrx_word' id='word_1_719' title='bbox 688 5179 825 5252; x_wconf 86' lang='lat' dir='ltr'>abjectus,</span> <span class='ocrx_word' id='word_1_720' title='bbox 842 5184 987 5232; x_wconf 87' lang='lat' dir='ltr'>extremus</span> <span class='ocrx_word' id='word_1_721' title='bbox 997 5183 1025 5232; x_wconf 93' lang='lat' dir='ltr'>et</span> <span class='ocrx_word' id='word_1_722' title='bbox 1039 5175 1092 5230; x_wconf 90' lang='lat' dir='ltr'>hu·</span> <span class='ocrx_word' id='word_1_723' title='bbox 1140 5173 1217 5244; x_wconf 86' lang='lat' dir='ltr'>juste</span> <span class='ocrx_word' id='word_1_724' title='bbox 1228 5167 1369 5242; x_wconf 79' lang='lat' dir='ltr'>judicare,</span> <span class='ocrx_word' id='word_1_725' title='bbox 1383 5165 1499 5222; x_wconf 81' lang='lat' dir='ltr'>adscuis</span> <span class='ocrx_word' id='word_1_726' title='bbox 1519 5169 1549 5218; x_wconf 90' lang='lat' dir='ltr'>et</span> <span class='ocrx_word' id='word_1_727' title='bbox 1567 5162 1682 5236; x_wconf 86' lang='lat' dir='ltr'>pupillis</span> <span class='ocrx_word' id='word_1_728' title='bbox 1702 5163 1732 5216; x_wconf 84' lang='lat' dir='ltr'>at</span> <span class='ocrx_word' id='word_1_729' title='bbox 1752 5157 1840 5258; x_wconf 34' lang='lat' dir='ltr'>viduis.</span> <span class='ocrx_word' id='word_1_730' title='bbox 1854 5149 1928 5250; x_wconf 63' lang='lat' dir='ltr'>deire</span> 
     </span>
     <span class='ocr_line' id='line_1_56' title="bbox 273 5253 1928 5342; baseline -0.013 -10"><span class='ocrx_word' id='word_1_731' title='bbox 273 5276 348 5333; x_wconf 90' lang='lat' dir='ltr'>milis</span> <span class='ocrx_word' id='word_1_732' title='bbox 361 5275 493 5332; x_wconf 90' lang='lat' dir='ltr'>incedere</span> <span class='ocrx_word' id='word_1_733' title='bbox 515 5281 544 5332; x_wconf 91' lang='lat' dir='ltr'>et</span> <span class='ocrx_word' id='word_1_734' title='bbox 559 5273 722 5332; x_wconf 87' lang='lat' dir='ltr'>contristari</span> <span class='ocrx_word' id='word_1_735' title='bbox 740 5272 888 5340; x_wconf 80' lang='lat' dir='ltr'>debuerat,</span> <span class='ocrx_word' id='word_1_736' title='bbox 905 5269 1091 5342; x_wconf 89' lang='lat' dir='ltr'>supercilioso</span> <span class='ocrx_word' id='word_1_737' title='bbox 1143 5279 1236 5320; x_wconf 87' lang='lat' dir='ltr'>sorem</span> <span class='ocrx_word' id='word_1_738' title='bbox 1262 5278 1334 5332; x_wconf 83' lang='lat' dir='ltr'>esse,</span> <span class='ocrx_word' id='word_1_739' title='bbox 1357 5261 1436 5315; x_wconf 82' lang='lat' dir='ltr'>turta</span> <span class='ocrx_word' id='word_1_740' title='bbox 1457 5257 1602 5327; x_wconf 89' lang='lat' dir='ltr'>cohibere,</span> <span class='ocrx_word' id='word_1_741' title='bbox 1617 5254 1756 5312; x_wconf 88' lang='lat' dir='ltr'>adulteria</span> <span class='ocrx_word' id='word_1_742' title='bbox 1779 5253 1928 5324; x_wconf 64' lang='lat' dir='ltr'>puarrtrffil·</span> 
     </span>
     <span class='ocr_line' id='line_1_57' title="bbox 271 5344 1928 5445; baseline -0.017 -18"><span class='ocrx_word' id='word_1_743' title='bbox 271 5370 412 5443; x_wconf 79' lang='lat' dir='ltr'>superbie</span> <span class='ocrx_word' id='word_1_744' title='bbox 437 5377 551 5426; x_wconf 88' lang='lat' dir='ltr'>tumore</span> <span class='ocrx_word' id='word_1_745' title='bbox 571 5369 699 5424; x_wconf 89' lang='lat' dir='ltr'>inltatam</span> <span class='ocrx_word' id='word_1_746' title='bbox 728 5371 856 5421; x_wconf 87' lang='lat' dir='ltr'>mentem</span> <span class='ocrx_word' id='word_1_747' title='bbox 878 5369 977 5419; x_wconf 88' lang='lat' dir='ltr'>contra</span> <span class='ocrx_word' id='word_1_748' title='bbox 1003 5364 1093 5419; x_wconf 80' lang='lat' dir='ltr'>Derim</span> <span class='ocrx_word' id='word_1_749' title='bbox 1144 5375 1213 5431; x_wconf 88' lang='lat' dir='ltr'>quos</span> <span class='ocrx_word' id='word_1_750' title='bbox 1240 5371 1297 5412; x_wconf 91' lang='lat' dir='ltr'>non</span> <span class='ocrx_word' id='word_1_751' title='bbox 1323 5355 1467 5421; x_wconf 78' lang='lat' dir='ltr'>euellere,</span> <span class='ocrx_word' id='word_1_752' title='bbox 1495 5349 1655 5423; x_wconf 89' lang='lat' dir='ltr'>impudicos</span> <span class='ocrx_word' id='word_1_753' title='bbox 1675 5354 1704 5404; x_wconf 90' lang='lat' dir='ltr'>al</span> <span class='ocrx_word' id='word_1_754' title='bbox 1724 5344 1865 5445; x_wconf 66' lang='lat' dir='ltr'>histriones</span> <span class='ocrx_word' id='word_1_755' title='bbox 1884 5347 1928 5388; x_wconf 73' lang='lat'>⁰⁰¹²</span> 
     </span>
     <span class='ocr_line' id='line_1_58' title="bbox 272 5429 1929 5538; baseline -0.008 -17"><span class='ocrx_word' id='word_1_756' title='bbox 272 5463 406 5538; x_wconf 79' lang='lat' dir='ltr'>erigeret</span> <span class='ocrx_word' id='word_1_757' title='bbox 421 5465 475 5520; x_wconf 91' lang='lat' dir='ltr'>Per</span> <span class='ocrx_word' id='word_1_758' title='bbox 487 5462 563 5536; x_wconf 90' lang='lat' dir='ltr'>quod</span> <span class='ocrx_word' id='word_1_759' title='bbox 580 5462 681 5518; x_wconf 83' lang='lat' dir='ltr'>ullium</span> <span class='ocrx_word' id='word_1_760' title='bbox 698 5459 770 5532; x_wconf 87' lang='lat' dir='ltr'>lapsi</span> <span class='ocrx_word' id='word_1_761' title='bbox 792 5462 972 5527; x_wconf 87' lang='lat' dir='ltr'>corruerunt,</span> <span class='ocrx_word' id='word_1_762' title='bbox 986 5456 1037 5530; x_wconf 91' lang='lat' dir='ltr'>qni</span> <span class='ocrx_word' id='word_1_763' title='bbox 1057 5457 1087 5513; x_wconf 89' lang='lat' dir='ltr'>io</span> <span class='ocrx_word' id='word_1_764' title='bbox 1144 5453 1265 5519; x_wconf 89' lang='lat' dir='ltr'>nutrire,</span> <span class='ocrx_word' id='word_1_765' title='bbox 1294 5447 1401 5521; x_wconf 87' lang='lat' dir='ltr'>impios</span> <span class='ocrx_word' id='word_1_766' title='bbox 1427 5445 1463 5502; x_wconf 91' lang='lat' dir='ltr'>de</span> <span class='ocrx_word' id='word_1_767' title='bbox 1488 5449 1565 5502; x_wconf 89' lang='lat' dir='ltr'>terra</span> <span class='ocrx_word' id='word_1_768' title='bbox 1591 5441 1722 5516; x_wconf 64' lang='lat' dir='ltr'>perdum,</span> <span class='ocrx_word' id='word_1_769' title='bbox 1748 5431 1888 5512; x_wconf 59' lang='grc' dir='ltr'>ΙΝΓΙἫ(1ιὸ</span> <span class='ocrx_word' id='word_1_770' title='bbox 1907 5429 1929 5478; x_wconf 67' lang='lat'>⁰⁸</span> 
     </span>
    </p>
   </div>
   <div class='ocr_carea' id='block_1_3' title="bbox 943 5637 1309 5724">
    <p class='ocr_par' dir='ltr' id='par_1_3' title="bbox 943 5637 1309 5724">
     <span class='ocr_line' id='line_1_59' title="bbox 943 5637 1309 5724; baseline -0.025 -18"><span class='ocrx_word' id='word_1_771' title='bbox 943 5640 1056 5724; x_wconf 90' lang='lat' dir='ltr'>Steph.</span> <span class='ocrx_word' id='word_1_772' title='bbox 1074 5637 1196 5704; x_wconf 80' lang='lat' dir='ltr'>Beluzh</span> <span class='ocrx_word' id='word_1_773' title='bbox 1210 5639 1309 5700; x_wconf 74' lang='lat' dir='ltr'>nota.</span> 
     </span>
    </p>
   </div>
   <div class='ocr_carea' id='block_1_4' title="bbox 279 5771 1634 5934">
    <p class='ocr_par' dir='ltr' id='par_1_4' title="bbox 279 5771 1634 5934">
     <span class='ocr_line' id='line_1_60' title="bbox 305 5771 1634 5858; baseline -0.029 0"><span class='ocrx_word' id='word_1_774' title='bbox 305 5795 354 5858; x_wconf 59' lang='grc' dir='ltr'>(Ν)</span> <span class='ocrx_word' id='word_1_775' title='bbox 371 5791 490 5844; x_wconf 79' lang='lat' dir='ltr'>invicem.</span> <span class='ocrx_word' id='word_1_776' title='bbox 510 5791 591 5844; x_wconf 83' lang='lat' dir='ltr'>Hunc</span> <span class='ocrx_word' id='word_1_777' title='bbox 613 5805 711 5847; x_wconf 86' lang='lat' dir='ltr'>rocem</span> <span class='ocrx_word' id='word_1_778' title='bbox 734 5789 829 5844; x_wconf 84' lang='lat' dir='ltr'>eddldl</span> <span class='ocrx_word' id='word_1_779' title='bbox 846 5801 881 5841; x_wconf 74' lang='lat' dir='ltr'>aa</span> <span class='ocrx_word' id='word_1_780' title='bbox 901 5785 1011 5838; x_wconf 86' lang='lat' dir='ltr'>dnobus</span> <span class='ocrx_word' id='word_1_781' title='bbox 1029 5797 1096 5836; x_wconf 88' lang='lat' dir='ltr'>mss.</span> <span class='ocrx_word' id='word_1_782' title='bbox 1177 5781 1228 5842; x_wconf 81' lang='lat' dir='ltr'>t3tl)</span> <span class='ocrx_word' id='word_1_783' title='bbox 1244 5779 1414 5828; x_wconf 76' lang='lat' dir='ltr'>t&#39;ratcreuut.</span> <span class='ocrx_word' id='word_1_784' title='bbox 1428 5775 1499 5840; x_wconf 79' lang='lat' dir='ltr'>Aug.</span> <span class='ocrx_word' id='word_1_785' title='bbox 1509 5771 1634 5854; x_wconf 71' lang='lat' dir='ltr'>perdunt.</span> 
     </span>
     <span class='ocr_line' id='line_1_61' title="bbox 279 5849 1622 5934; baseline -0.021 -12"><span class='ocrx_word' id='word_1_786' title='bbox 279 5865 386 5922; x_wconf 84' lang='lat' dir='ltr'>liorelt.</span> <span class='ocrx_word' id='word_1_787' title='bbox 400 5867 513 5934; x_wconf 74' lang='lat' dir='ltr'>eteag.</span> <span class='ocrx_word' id='word_1_788' title='bbox 1178 5851 1229 5917; x_wconf 72' lang='lat' dir='ltr'>(tt)</span> <span class='ocrx_word' id='word_1_789' title='bbox 1244 5849 1474 5916; x_wconf 64' lang='lat' dir='ltr'>notaremus.</span> <span class='ocrx_word' id='word_1_790' title='bbox 1490 5855 1622 5912; x_wconf 77' lang='lat' dir='ltr'>armaque</span> 
     </span>
    </p>
   </div>
   <div class='ocr_carea' id='block_1_5' title="bbox 0 0 2032 6192">
    <p class='ocr_par' dir='ltr' id='par_1_5' title="bbox 0 0 2032 6192">
     <span class='ocr_line' id='line_1_62' title="bbox 0 0 2032 6192; baseline 0 0"><span class='ocrx_word' id='word_1_791' title='bbox 0 0 2032 6192; x_wconf 95' lang='lat' dir='ltr'> </span> 
     </span>
    </p>
   </div>
  </div>
 </body>
</html>
