4076 6190
143 321 179 376 as
898 287 1087 380 annrsrro’.
1798 323 1832 382 aa

142 444 224 499 sione
237 459 325 516 quam
336 443 439 500 hahuit
453 461 517 500 cum
529 444 675 518 Stephano
689 461 764 518 saepe
778 449 894 518 questars
913 447 1044 519 estquod
1058 447 1233 520 Stephanus,
1249 447 1376 518 primatu
1388 463 1439 504 sao
1455 446 1577 504 nimium
1601 445 1766 518 confideret,
1782 447 1830 504 sed

143 532 181 586 de
197 533 289 602 ipsius
303 533 476 588 auctoritate
501 533 589 590 tidem
603 551 661 590 non
682 534 779 590 morit.
801 535 847 590 Sic
862 534 939 590 enim
955 535 1041 590 tacito
1063 537 1179 592 nomine
1202 538 1378 608 Stephanum
1395 537 1562 610 perstringit
1575 536 1603 593 in
1628 541 1717 609 Epist.
1740 553 1801 593 arxi
1822 553 1830 594 t

145 642 159 670 a
181 620 238 676 Sed
261 637 312 676 nec
337 623 448 690 Petras,
478 609 581 695 inquit,
602 639 687 696 quern
710 625 835 696 primum
858 624 1003 692 Dominus,
1030 625 1119 696 elegit
1139 629 1167 680 ει
1192 641 1277 697 ευμεν
1301 643 1385 698 quem
1410 627 1540 682 fundavit
1564 625 1716 681 Ecclesiam
1737 643 1830 696 suam,

144 726 212 765 cum
242 727 340 766 secum
377 713 481 767 Paulus
512 712 548 768 de
580 713 796 768 circumcisione
826 711 1013 784 postmodum
1045 714 1226 786 disceptaret,
1261 715 1413 772 vindicavit
1446 715 1499 770 sibi
1528 716 1635 788 aliquid
1671 715 1830 772 insolenter

144 803 196 852 aut
208 807 379 871 arroganter
403 801 567 873 assumpsit,
582 807 614 858 ut
629 801 737 858 diceret
754 817 784 856 se
807 803 959 874 primatum
984 807 1081 858 tenere
1099 809 1127 858 ct
1146 804 1368 876 obtemperaris
1390 806 1509 862 novellis
1530 809 1559 860 et
1575 805 1693 877 posteris
1708 805 1761 860 sibi
1776 821 1828 878 po-

146 887 203 942 tius
212 892 345 960 oportere
360 907 367 944 ι
385 911 399 938 a
414 889 454 945 sic
469 892 555 946 etiam
570 885 751 947 Firmilian'us
761 891 838 963 jaste
851 891 997 962 indignari
1010 909 1040 946 se
1053 891 1198 966 25-26
1209 893 1312 949 dicitin
1325 893 1584 965 Stephanum(pag.
1601 893 1673 964 116),
1687 893 1765 966 quod
1779 893 1829 965 qui

145 997 159 1025 a
174 977 215 1031 sic
228 978 266 1032 do
283 978 461 1050 episcopatus
472 981 514 1034 sai
530 981 591 1036 loco
607 981 756 1052 gloriatur,
772 984 802 1036 et
815 997 845 1034 sa
856 980 1066 1036 successionem
1082 983 1156 1037 Petri
1169 988 1266 1038 tenere
1275 983 1432 1053 contendit,
1448 999 1626 1054 superquam
1641 982 1829 1038 fundamenta

144 1068 278 1124 Ecclesia
292 1069 427 1124 collocata
445 1073 519 1139 sunt,
543 1071 650 1125 multas
662 1071 732 1126 alias
750 1073 844 1142 petras
859 1069 975 1138 indicat,
1000 1075 1029 1124 et
1048 1071 1236 1128 Ecclesiarum
1258 1073 1417 1127 multarum
1438 1089 1508 1127 nova
1530 1071 1648 1126 edificia
1666 1072 1829 1140 constituat,

141 1159 212 1212 dum
227 1175 288 1213 esse
302 1158 360 1213 illic
376 1159 518 1231 Baptismn
533 1177 585 1214 sua
599 1160 768 1216 auctoritate
783 1159 918 1215 defendit.
937 1181 950 1210 n
974 1161 1008 1215 Et
1031 1161 1195 1232 paulopost
1214 1177 1221 1215 ι
1246 1181 1260 1210 a
1282 1161 1453 1232 Stephanus,
1475 1161 1525 1232 qui
1542 1177 1594 1232 per
1617 1160 1829 1216 successionem

142 1247 311 1302 cathedram
324 1247 399 1304 Petri
413 1248 520 1304 hahere
535 1265 564 1304 se
575 1249 720 1321 praedicat,
736 1250 815 1305 nullo
828 1249 961 1305 adversus
972 1249 1122 1305 haereticos
1137 1251 1196 1305 zelo
1210 1251 1359 1307 excitatur.
1378 1272 1392 1302 u
1409 1251 1543 1324 Agnoscit
1564 1267 1633 1322 ergo
1648 1249 1830 1305 Eirmilianus

141 1338 171 1391 in
197 1337 347 1408 Stephano
370 1337 502 1393 altiorem
528 1339 682 1410 quemdam
698 1339 844 1410 dignitatis
865 1339 998 1410 gradum,
1021 1345 1049 1395 et
1070 1339 1138 1394 duna
1159 1339 1188 1394 iu
1212 1357 1246 1396 eo
1272 1357 1435 1413 congruens
1455 1341 1586 1412 dignitati
1608 1339 1737 1396 studium
1762 1337 1831 1394 iidci

142 1426 298 1497 desiderat,
314 1427 389 1482 Petri
410 1429 564 1500 primatum
579 1430 684 1484 latetur
702 1429 877 1485 successione
889 1429 925 1484 ad
949 1429 1029 1484 illurn
1044 1430 1215 1502 pervenisse.
1234 1431 1307 1486 Petri
1329 1432 1448 1503 ejusque
1463 1445 1657 1487 successorum
1676 1431 1830 1502 primatum

142 1533 220 1588 saepe
235 1517 305 1572 alias
327 1518 539 1573 commendarit
558 1518 719 1590 Cyprianus
735 1535 742 1574 ε
758 1541 772 1568 «
797 1521 896 1574 Petrus
916 1521 1026 1588 tamen,
1051 1541 1065 1570 n
1087 1519 1181 1591 inquit
1201 1536 1268 1592 pag.
1295 1524 1355 1587 123,
1377 1543 1390 1571 a
1414 1537 1501 1592 super
1523 1536 1608 1591 quern
1632 1519 1770 1574 edificate
1795 1517 1830 1572 ab

141 1604 246 1660 eodem
262 1606 385 1662 Domino
403 1607 498 1663 lacerat
520 1607 654 1676 Ecclesia,
675 1623 748 1662 unus
766 1623 818 1680 pro
834 1607 969 1662 omnibus
984 1608 1102 1678 loquens
1119 1613 1149 1663 et
1164 1609 1294 1664 Ecclesiae
1309 1625 1378 1684 voce
1392 1609 1569 1680 respondens
1585 1608 1624 1662 ait
1638 1625 1647 1678 3
1662 1610 1772 1663 liciniae
1792 1606 1831 1662 ad

140 1713 220 1767 quem
234 1697 333 1752 lisimas
343 1700 358 1752 t
370 1719 384 1748 υ
401 1697 465 1753 Vid.
481 1714 549 1770 pag.
567 1699 628 1754 lae.
643 1699 701 1753 Una
716 1698 836 1753 Ecclesia
850 1715 866 1752 a
881 1698 1002 1754 Domino
1015 1714 1101 1770 super
1114 1700 1230 1754 Petrum
1245 1700 1356 1772 origine
1370 1699 1488 1755 unitatis
1501 1705 1530 1754 et
1543 1699 1653 1754 ratione
1667 1696 1796 1766 lundata,
1814 1717 1828 1746 n

140 1803 171 1857 p.
198 1789 259 1842 ¹25.
278 1807 293 1838 s
310 1789 380 1843 Nam
401 1790 484 1846 Petro
511 1805 598 1860 super
622 1805 710 1861 qnam
725 1789 875 1845 edificavit
889 1788 1040 1844 Ecclesiam
1061 1792 1090 1844 et
1108 1788 1184 1844 unde
1204 1789 1324 1844 unitatis
1337 1789 1478 1860 originem
1500 1787 1624 1844 instituit
1649 1792 1677 1842 et
1691 1786 1828 1854 ostendit,

141 1879 317 1946 potestatem
338 1877 424 1933 istam
447 1877 527 1934 dedit
550 1884 583 1934 ut
603 1878 630 1934 id
649 1879 807 1934 solveretur
828 1880 857 1934 in
878 1880 955 1935 coelis
976 1878 1051 1951 qnod
1072 1878 1118 1934 ille
1142 1878 1267 1935 solvisset
1286 1880 1315 1934 in
1335 1879 1428 1935 terris.
1444 1881 1477 1936 Et
1504 1883 1566 1950 post
1592 1875 1829 1933 resurrectionem

140 1981 259 2037 quoqne
270 1965 307 2021 ad
319 1967 462 2038 apostolos
476 1967 612 2039 loquitur,
629 1967 726 2022 dicens
741 1983 747 2024 :
761 1969 838 2025 Sicut
850 1971 923 2024 misit
937 1985 978 2024 me
989 1971 1080 2032 Pater,
1097 1973 1122 2023 et
1135 1983 1182 2038 ego
1196 1971 1272 2024 mitto
1284 1984 1341 2025 uos.
1358 1991 1372 2018 a
1391 1975 1445 2024 etc.
1465 1969 1562 2040 (Epist.
1579 1981 1671 2028 axxrrr,
1685 1979 1750 2037 pag.
1769 1965 1829 2030 131,

140 2053 198 2110 rid.
213 2071 281 2127 pag.
300 2057 349 2111 aaa
369 2059 399 2110 ει
414 2059 487 2126 250).
505 2057 559 2112 Sed
579 2057 720 2128 precipue
733 2057 960 2112 considerandus
982 2057 1064 2112 nobis
1083 2062 1125 2111 eat
1138 2057 1260 2128 insignis
1280 2058 1357 2112 locus
1369 2074 1404 2112 ex
1427 2057 1498 2112 libro
1520 2057 1553 2112 de
1579 2057 1688 2112 Unitnte
1706 2055 1831 2110 Ecclesia

140 2164 209 2220 pag.
236 2153 308 2204 lei:
333 2168 347 2198 υ
373 2148 511 2221 Loquitur
534 2149 671 2204 Dominus
691 2149 726 2205 ad
749 2151 865 2205 Petrum
892 2153 970 2220 :Epo
998 2151 1048 2205 titi
1068 2151 1127 2206 dico
1150 2149 1253 2222 inquit,
1273 2153 1339 2220 quin
1367 2156 1396 2207 ta
1414 2165 1441 2206 es
1465 2153 1571 2212 Patras,
1598 2154 1624 2204 et
1648 2163 1728 2219 ευμεν
1758 2147 1829 2210 hanc

139 2247 250 2312 petram
264 2243 401 2313 edificabo
413 2243 560 2299 mensam
573 2257 669 2310 υνευννν,
689 2248 715 2298 ει
725 2249 810 2314 porta
823 2244 977 2311 inferorum
989 2259 1043 2298 non
1055 2247 1163 2298 uincent
1177 2258 1252 2308 eom;
1269 2249 1294 2298 et
1309 2244 1359 2298 tibi
1371 2243 1440 2299 drrbo
1452 2244 1540 2299 claues
1553 2243 1630 2311 regni
1642 2241 1787 2305 calorum3
1803 2243 1830 2293 ct

140 2351 204 2405 que
217 2335 347 2404 ligaveris
364 2350 445 2405 super
465 2339 576 2399 terram,
589 2341 668 2390 erant
683 2337 770 2405 ligeto
789 2342 815 2391 ct
834 2338 864 2390 in
883 2337 964 2406 coelis,
978 2343 1004 2391 et
1018 2351 1182 2407 quecunque
1199 2337 1309 2392 solveris
1329 2340 1630 2408 superterrenorum
1652 2335 1742 2388 soluto
1756 2336 1782 2387 et
1799 2331 1830 2384 in

139 2431 224 2484 omlis.
241 2429 275 2484 Et
294 2429 399 2484 iterum
419 2428 514 2484 eidem
534 2434 597 2500 post
620 2429 859 2484 resurrectionem
877 2445 959 2483 suarn
981 2428 1071 2484 dicit:
1088 2431 1171 2484 Pasce
1193 2445 1252 2484 ones
1274 2444 1369 2484 meas:
1390 2445 1476 2500 super
1498 2428 1580 2483 illum
1601 2441 1693 2482 unum
1709 2423 1830 2482 aedificat
1938 2463 1941 2472 .

140 2519 299 2575 Ecclesiam
323 2535 414 2588 suam,
441 2524 468 2574 et
493 2519 532 2574 illi
552 2519 708 2591 pascendas
738 2519 943 2574 mandatores
971 2535 1037 2574 suas
1063 2521 1192 2590 quamvis
1216 2523 1358 2593 Apostolis
1385 2525 1449 2594 post
1479 2521 1715 2578 resurrectionem
1745 2534 1829 2574 suam

139 2629 242 2684 parem
254 2615 426 2683 potestatem
437 2612 544 2668 tribuat
555 2619 583 2668 et
596 2613 672 2668 dicat
685 2628 692 2666 :
705 2612 781 2668 Sient
793 2615 867 2667 υυείι
887 2627 928 2668 me
941 2613 1038 2678 Pater,
1062 2617 1087 2666 et
1105 2627 1151 2680 epo
1174 2615 1251 2670 mitto
1269 2631 1333 2680 cose
1353 2617 1470 2684 accepite
1494 2613 1629 2684 Spiritum
1643 2617 1783 2675 ευιιειυιυς
1802 2611 1828 2664 ει

138 2705 220 2773 craias
235 2707 391 2760 emiseritis
402 2710 521 2775 peccato,
535 2707 708 2760 remittentur
723 2706 768 2759 illi
777 2725 785 2772 ;
802 2707 827 2760 si
839 2705 916 2774 cujas
929 2707 1080 2768 tenueritis,
1100 2707 1281 2771 tenetentum
1301 2710 1407 2774 ιευνενν,
1423 2710 1452 2759 ut
1467 2703 1607 2760 unitatem
1630 2701 1829 2757 manifestaret

139 2799 262 2853 unitatis
287 2798 415 2869 ejusdem
437 2797 579 2868 originem
599 2798 635 2854 ab
649 2815 707 2854 uno
729 2798 914 2869 incipientem
933 2813 984 2852 sua
1005 2795 1173 2852 auctoritate
1197 2796 1345 2868 disposuit.
1373 2797 1430 2851 lloc
1450 2802 1532 2850 orant
1554 2795 1653 2867 utique
1677 2797 1707 2849 et
1731 2790 1830 2848 caeteri

140 2888 265 2961 apastoli
277 2889 353 2962 quod
367 2890 422 2945 luit
435 2891 542 2958 Petras,
557 2890 619 2962 pari
635 2889 774 2946 consortio
789 2889 901 2961 praediti
912 2893 941 2945 et
958 2889 1118 2945 honoriaci
1132 2891 1299 2961 potestatis;
1313 2888 1362 2944 sed
1382 2888 1531 2946 exordium
1547 2888 1583 2943 ah
1607 2887 1716 2942 unitate
1738 2881 1829 2956 profl-

139 2979 259 3036 ciscitur
271 2985 302 3036 ut
314 2980 438 3037 Ecclesia
450 2981 553 3037 Christi
567 2998 626 3037 nna
639 2985 828 3037 monstretur.
844 3005 858 3034 n

177 3107 235 3161 lloc
248 3106 444 3162 testimonium
458 3107 495 3162 ita
518 3107 625 3180 protuli
640 3112 672 3164 ut
687 3109 808 3165 habetur
823 3109 853 3164 in
873 3109 927 3166 hac
944 3108 1048 3164 Baluzii
1069 3107 1203 3177 editione,
1220 3106 1269 3161 sed
1285 3105 1416 3178 Cypriani
1442 3103 1525 3158 rerba
1546 3102 1631 3162 aliter
1645 3101 1781 3174 leguntur
1799 3100 1829 3154 in

140 3195 306 3252 editonibns
320 3196 432 3252 Venutii
445 3212 477 3251 ac
491 3197 615 3268 Pamelii,
628 3198 774 3270 inquibus
787 3199 956 3262 haecverba,
971 3219 984 3248 a
1002 3203 1035 3252 ut
1048 3198 1186 3253 unitatem
1205 3196 1408 3262 manifestaret,
1424 3213 1438 3242 a
1456 3192 1581 3262 additur,
1597 3212 1612 3242 υ
1626 3207 1715 3246 unam
1734 3189 1831 3246 cathe-

139 3285 225 3340 dram
240 3285 386 3340 constituit
400 3303 407 3340 :
423 3307 437 3336 u
452 3285 491 3341 sic
507 3285 594 3342 etiarn
610 3291 672 3360 post
688 3288 749 3343 hec
762 3287 859 3356 rerba,
875 3310 889 3339 υ
905 3287 1051 3344 exordium
1064 3287 1099 3342 ab
1116 3287 1223 3342 unitate
1244 3284 1443 3357 proficiscitur:
1457 3284 1564 3339 hahent
1587 3281 1728 3339 aditiones
1749 3279 1827 3334 illae:

141 3395 157 3422 «
173 3377 206 3429 Et
219 3374 362 3445 primatus
375 3375 458 3429 Petro
474 3374 568 3442 datur,
584 3381 615 3430 υι
632 3393 686 3430 una
695 3376 797 3434 Christi
811 3376 934 3431 Ecclesia
950 3379 979 3430 et
994 3376 1129 3432 cathedra
1143 3391 1200 3430 una
1214 3377 1398 3430 monstretur.
1410 3374 1443 3430 Et
1457 3376 1582 3444 pastores
1602 3372 1669 3425 sunt
1679 3384 1786 3424 ornnes
1801 3370 1830 3424 et

139 3479 214 3534 grex
228 3479 304 3518 unus
315 3463 477 3518 ostenditur
490 3464 538 3536 qui
553 3464 587 3519 ab
602 3465 736 3536 apostolis
751 3465 883 3521 omnibns
897 3465 1025 3521 unanimi
1038 3465 1225 3521 consensione
1239 3467 1381 3537 pascatur,
1394 3469 1426 3518 ut
1436 3463 1557 3520 Ecclesia
1567 3459 1670 3518 Christi
1682 3474 1739 3513 una
1749 3473 1830 3513 mon-

138 3559 308 3608 stretur...:
328 3553 377 3624 qui
393 3553 559 3609 cathedram
579 3553 664 3622 Petri,
685 3570 770 3625 super
783 3571 870 3626 quern
883 3555 999 3610 lundata
1019 3559 1061 3610 est
1083 3554 1213 3622 Ecclesai,
1229 3553 1343 3619 deserit,
1366 3552 1396 3608 in
1420 3552 1541 3607 Ecclesia
1559 3567 1590 3606 se
1611 3565 1671 3606 esse
1692 3546 1828 3604 conlidit!

139 3644 208 3697 llaec
224 3642 253 3695 in
267 3645 430 3696 contextum
444 3641 590 3713 irrepsisse
606 3643 731 3699 Baluzias
744 3644 926 3712 existimarit,
950 3644 1030 3714 cujus
1048 3643 1084 3698 dc
1099 3643 1240 3698 senteutia
1254 3659 1286 3698 ac
1305 3640 1463 3697 rationibus
1483 3639 1661 3696 eruditorum
1680 3637 1735 3693 erit
1751 3635 1828 3708 judi·

139 3731 236 3798 cium;
256 3730 305 3785 sed
327 3730 507 3785 observatum
527 3731 620 3799 velim,
642 3732 664 3786 si
682 3747 715 3786 ea
735 3734 913 3788 retineantur
934 3750 998 3804 quae
1013 3732 1181 3789 (laoniensis
1201 3733 1294 3788 editor
1320 3735 1349 3785 ει
1382 3730 1510 3786 llaluzins
1534 3729 1734 3801 expunxerunt
1757 3725 1831 3780 nihil

139 3820 300 3874 allutumm
315 3818 393 3890 qnod
417 3835 475 3874 non
489 3835 555 3874 cum
569 3821 701 3891 Cypriani
715 3821 842 3876 doctrina
856 3822 964 3894 optimc
987 3822 1125 3894 qaradret;
1142 3839 1190 3876 seu
1217 3828 1311 3877 autem
1330 3820 1501 3886 recidantur,
1520 3817 1645 3888 reliquas
1673 3813 1830 3871 testimonii

139 3910 231 3980 hujus
246 3911 339 3980 partes
352 3907 419 3962 satis
435 3925 486 3979 per
499 3925 528 3963 sc
544 3909 691 3965 habituras
706 3911 843 3966 momenti
856 3911 889 3964 ad
906 3911 1060 3982 primatum
1077 3911 1210 3965 Ecclesiae
1229 3911 1374 3965 Romanae.
1396 3909 1504 3978 Hospes
1525 3923 1591 3960 sane
1614 3909 1643 3960 et
1659 3903 1831 3976 peregrinus

139 3999 180 4052 sit
195 3998 227 4051 in
249 3996 382 4068 Cypriani
403 3997 543 4067 doctrina,
563 3997 587 4051 si
611 3999 674 4069 quis
699 3999 820 4054 miretur
838 4001 919 4054 Petro
949 4000 1106 4072 primatum
1124 3999 1158 4054 ab
1180 4015 1214 4053 eo
1239 3997 1358 4054 attribui
1381 4013 1414 4052 ac
1436 4012 1521 4050 unam
1545 4009 1662 4066 gregem
1686 4009 1717 4047 ac
1739 4007 1829 4046 unam

138 4085 316 4142 catholicam
331 4085 429 4153 astrui,
450 4103 515 4141 cam
530 4090 572 4141 tot
594 4087 663 4142 locis
684 4088 989 4160 carnidem'primatnm
1008 4086 1155 4154 defendat,
1171 4103 1204 4142 ec
1219 4103 1307 4142 uniam
1328 4101 1458 4158 gregem,
1476 4101 1568 4140 unum
1582 4083 1774 4154 episcopatum
1790 4083 1829 4148 et,

139 4177 317 4231 nominatim
332 4176 360 4231 in
374 4177 461 4250 Epist.
475 4194 520 4247 xv,
536 4194 623 4233 unam
640 4178 804 4234 cathedram
819 4179 1011 4234 commendet.
1032 4180 1090 4234 Non
1111 4177 1204 4251 magis
1225 4175 1390 4232 mirandum
1411 4174 1487 4246 quod
1500 4175 1529 4228 in
1544 4173 1670 4228 Ecclesia
1688 4187 1746 4226 non
1768 4185 1829 4226 esse

140 4265 312 4337 pronuntiet
324 4266 448 4322 nefarios
463 4267 525 4322 illos
544 4267 747 4337 schismaticos,
768 4269 817 4341 qai
833 4269 886 4323 hoc
901 4285 955 4322 uno
971 4268 1138 4341 episcopatu
1160 4268 1331 4334 conculcato,
1352 4266 1407 4321 hac
1427 4281 1484 4320 una
1502 4263 1651 4331 cathedra,
1668 4277 1732 4334 quaa
1743 4276 1830 4332 super

138 4359 259 4412 Petrum
282 4355 400 4410 lundata
424 4363 477 4420 est,
498 4357 620 4426 deserta,
644 4357 805 4413 humanam
832 4374 946 4430 prorsus
971 4358 1118 4413 ecclesiam
1150 4355 1298 4412 instituere
1326 4354 1482 4410 tentabant.
1511 4353 1570 4407 Non
1593 4355 1655 4406 erat
1681 4366 1752 4422 ergo
1780 4363 1831 4402 cur

137 4443 276 4518 Cypriani
292 4445 487 4500 testimonium
501 4447 537 4501 ab
552 4447 595 4502 his
608 4447 700 4502 verbis
718 4447 810 4503 editor
828 4447 1007 4514 oxoniensis,
1022 4445 1126 4501 reluta
1141 4444 1276 4517 quodam,
1294 4445 1326 4498 nt
1339 4443 1400 4515 ipse
1413 4441 1548 4515 appellat,
1564 4457 1675 4498 veneno
1690 4453 1828 4513 purgasse

138 4536 196 4590 sihi
213 4534 367 4589 rideretur.
382 4534 552 4604 Quinetiam,
567 4553 631 4608 quae
646 4535 743 4594 abillo
759 4537 870 4593 editore
885 4537 915 4591 in
937 4537 990 4591 hoc
1011 4535 1175 4591 testimonio
1191 4539 1218 4588 et
1232 4534 1268 4588 ab
1281 4532 1414 4589 omnihus
1437 4531 1637 4598 admittuntur,
1654 4529 1720 4585 satis
1733 4545 1784 4602 per
1799 4543 1829 4581 se

139 4625 238 4679 valent
257 4625 296 4678 ad
315 4623 470 4696 primatum
496 4626 761 4684 demonstrandum.
786 4627 857 4684 lllud
882 4629 912 4681 2⁰
933 4625 1103 4698 perspicitur
1126 4625 1154 4679 in
1173 4625 1227 4679 hoc
1245 4623 1379 4695 Cypriani
1404 4624 1464 4678 loco
1490 4627 1520 4676 et
1543 4620 1573 4674 in
1600 4618 1728 4691 pluribus
1754 4616 1828 4680 aliis,

141 4713 320 4786 principium
335 4713 450 4769 unitatis
463 4713 523 4769 sine
540 4715 664 4786 primatu
685 4732 818 4772 essenon
837 4731 925 4786 posse.
939 4714 1006 4780 Quis
1029 4713 1107 4769 enim
1130 4714 1157 4769 ei
1180 4714 1334 4785 primatum
1349 4713 1482 4783 deneget,
1507 4728 1524 4766 a
1545 4725 1601 4782 qno
1616 4707 1718 4779 incipit
1734 4703 1830 4760 unitas

140 4807 170 4858 ct
195 4819 248 4876 per
265 4817 351 4874 quem
374 4802 491 4858 ecclesia
519 4820 574 4859 una
599 4805 798 4861 monstraturi
825 4808 856 4860 ι’
878 4803 1129 4870 Quemadmodum
1158 4808 1220 4875 post
1245 4803 1359 4857 Petrum
1384 4816 1443 4855 non
1477 4797 1560 4854 desiit
1588 4797 1690 4864 unius,
1717 4795 1757 4850 ita
1776 4809 1829 4849 nec

140 4892 285 4964 primatus
309 4896 338 4944 ει
353 4891 524 4964 principium
538 4893 663 4961 unitatis,
678 4893 754 4966 quod
773 4893 901 4950 Christus
921 4893 1090 4948 aiactoritate
1114 4907 1163 4948 sua
1187 4890 1333 4962 disposuit,
1356 4887 1432 4961 quod
1452 4905 1486 4943 eo
1511 4884 1629 4962 consilio
1654 4883 1775 4952 institui,
1799 4887 1831 4939 ut

139 4979 271 5036 Ecclesia
295 4996 350 5035 uns
375 4984 558 5036 monstretur.
588 4983 707 5038 Necesse
735 4986 778 5038 est
805 4983 892 5055 igitur
918 4987 948 5038 ut
976 4982 1128 5048 unitatem,
1157 4982 1196 5036 ita
1218 4977 1391 5052 principium
1420 4985 1449 5033 et
1468 4975 1615 5030 vinculum
1646 4971 1772 5042 unitatis,
1798 4973 1828 5028 in

140 5069 272 5126 Ecclesia
286 5075 488 5140 perseveraret,
510 5071 587 5127 unde
601 5072 757 5128 existimari
775 5077 869 5145 potest
883 5073 983 5146 quanti
995 5072 1095 5128 facerit
1109 5070 1261 5126 Ecclesiam
1282 5071 1440 5125 itomanam
1460 5066 1630 5139 Cyprianus,
1648 5079 1734 5135 qrram
1751 5067 1829 5120 arcte

141 5159 260 5215 alllixus
274 5159 359 5215 inerit
372 5160 512 5233 principio
531 5162 657 5230 unitatis,
671 5163 720 5235 qui
733 5168 812 5218 tanto
835 5163 951 5218 unitatis
965 5177 1064 5218 amore
1077 5176 1210 5216 accensus
1222 5162 1292 5214 erat.
1309 5158 1378 5212 ilinc
1390 5156 1465 5212 illius
1479 5153 1643 5228 indignitati
1660 5154 1738 5226 [pag.
1753 5153 1828 5223 8601,

142 5249 223 5322 qnod
242 5247 415 5304 schismatici
436 5249 496 5305 ausi
532 5251 686 5308 luissent«
708 5252 744 5308 ad
769 5253 844 5308 Petri
870 5252 1035 5307 cathedram
1060 5257 1146 5322 atque
1168 5250 1204 5304 ad
1230 5248 1382 5304 Ecclesiam
1406 5245 1603 5318 principalem,
1630 5242 1707 5298 unde
1735 5241 1831 5297 unitas

141 5337 328 5393 sacerdotalis
348 5341 448 5394 exorta
470 5346 522 5404 est,
542 5341 688 5412 navigare.
710 5361 724 5392 n
744 5341 881 5397 Dictitant
902 5339 1057 5396 adversarii
1072 5339 1161 5394 nostri
1177 5338 1332 5410 primatum
1357 5335 1486 5392 Ecclesise
1510 5336 1645 5391 Romanae
1668 5329 1783 5388 delendi
1809 5348 1827 5386 a

140 5426 293 5498 Cypriane,
308 5443 365 5481 non
379 5427 537 5499 quodjuris
553 5429 712 5502 quidquam
725 5431 754 5485 in
767 5429 835 5486 alias
850 5431 988 5486 Ecclesiae
1004 5429 1134 5496 heberet,
1150 5427 1201 5484 sed
1212 5427 1281 5500 quia
1299 5427 1379 5482 sedes
1393 5428 1453 5482 erat
1468 5427 1497 5480 et
1510 5423 1686 5480 domicilium
1701 5421 1827 5495 Imperii.

141 5515 198 5570 Sed
214 5514 285 5570 nihil
299 5515 447 5572 absurdius
463 5517 515 5573 hoo
530 5521 702 5588 commento,
719 5535 772 5574 nec
785 5519 852 5592 qnia
863 5535 949 5592 quarn
963 5518 1016 5573 sihi
1031 5517 1407 5590 persuadebitCyprianum,
1421 5515 1502 5586 cajus
1515 5513 1544 5569 in
1567 5510 1699 5569 omnihus
1718 5511 1830 5584 scriptis

141 5607 169 5659 et
186 5603 269 5659 factis
282 5605 370 5676 spirat
381 5605 496 5662 unitatis
509 5622 600 5677 amor,
615 5613 664 5662 ant
678 5607 836 5680 primatum
849 5607 889 5663 illi
903 5607 1033 5663 Ecclesiae
1049 5609 1217 5679 denegasse,
1241 5623 1275 5661 ex
1288 5622 1345 5677 qua
1359 5603 1565 5660 sacerdotalem
1581 5601 1722 5657 sanitatem
1737 5607 1828 5656 ortam

140 5692 298 5761 fatebatur,
314 5699 364 5748 aut
375 5697 494 5767 propter
507 5696 583 5751 urhis
597 5696 759 5768 potentiam
772 5701 800 5752 et
812 5695 1044 5770 magnitudinem
1058 5696 1204 5764 detulisse,
1219 5713 1276 5751 non
1291 5701 1407 5766 propter
1422 5693 1539 5748 unitatis
1554 5691 1739 5765 principiam.
1761 5688 1831 5744 lliuc

141 5779 303 5854 primatum
328 5781 382 5838 sibi
407 5783 531 5840 Ecclesia
551 5775 679 5842 Romana
704 5792 886 5860 repugnante
913 5787 1041 5855 nemine,
1069 5785 1232 5842 vindicabat
1259 5801 1268 5854 ;
1296 5782 1431 5856 quamvis
1459 5781 1557 5837 Clerus
1579 5781 1732 5844 Romanus,
1759 5775 1830 5832 Sede

143 5873 275 5941 vacante,
293 5887 353 5930 non
374 5885 489 5932 ornnem
513 5873 568 5932 eibi
587 5874 783 5934 auctoritatem
801 5879 938 5942 sumeret,
961 5876 1008 5932 sed
1034 5875 1197 5935 difficiliora
1216 5879 1350 5949 quiaque,
1372 5873 1402 5928 in
1420 5870 1465 5926 his
1489 5870 1632 5944 lapsorum
1653 5881 1780 5933 causam,
1795 5863 1831 5922 ad
