4080 6200
239 247 290 302 roo
371 211 375 222 '
693 233 722 293 s.
742 205 900 293 curarim
920 235 1055 294 cronon
1078 235 1163 294 rins
1181 239 1199 292 ι
1221 267 1254 276 -
1274 234 1452 299 erismae.
1861 241 1915 297 rm

238 377 363 433 veniant.
377 368 531 428 Pluseuim
544 365 674 437 superest
686 379 773 435 quam
785 363 861 434 quod
876 366 1048 420 transactum
1059 376 1090 448 Α
1100 363 1226 435 ipsorum
1241 363 1404 420 testimonio
1425 369 1452 420 et
1466 364 1575 435 judicio
1594 366 1791 437 condemnati,
1812 368 1848 424 uh
1865 385 1914 424 eo-

238 473 358 536 ιιιιιιιιι,
370 481 434 521 cum
448 461 584 532 scriptum
607 457 643 514 sit
658 457 749 512 :Ante
769 462 880 512 mortem
902 473 935 512 nc
956 457 1049 513 laudas
1099 473 1161 512 rum
1177 457 1310 512 societate
1324 458 1482 528 priventur.
1497 458 1522 512 is
1535 457 1614 514 euim
1634 459 1753 516 demum
1767 462 1917 518 confessor

236 565 367 620 bominem
379 569 540 629 quemquam
552 551 660 624 (iicon,
677 566 712 618 ιι,
726 550 780 620 30).
790 550 825 604 Et
844 548 949 605 iterum
964 565 971 605 :
985 553 1048 606 tiata
1097 549 1212 605 illustris
1226 553 1254 606 et
1266 565 1350 605 venre
1363 555 1407 606 est
1430 551 1466 607 de
1485 567 1542 623 quo
1568 553 1751 623 postmodum
1772 571 1832 612 nou
1846 571 1916 612 sru-

236 658 324 730 iidetis
338 668 422 722 usquc
437 650 474 706 ud
497 651 618 712 martem,
641 648 666 699 a
685 643 755 698 dubo
777 644 829 698 tibi
846 659 972 700 coronam
985 646 1049 699 uita
1096 643 1186 699 bescit
1195 643 1325 713 Ecclesia,
1340 643 1390 699 sed
1404 643 1556 716 gloriatur.

236 751 344 824 (Αροι,
358 763 387 813 ιι,
403 741 456 814 ιθ).
471 744 504 799 Et
517 738 654 797 Dominus
674 752 785 810 quoque
800 736 897 792 dicat:
914 736 968 802 Qui
981 737 1046 792 tolc-
1132 738 1174 792 tV.
1188 737 1228 794 ni
1247 737 1276 792 id
1295 753 1363 793 vero
1381 737 1458 810 quod
1477 737 1654 810 scripserunt
1678 741 1751 796 mihi
1767 758 1916 815 compres-

233 845 337 902 rnocn't
348 853 434 910 aeque
447 837 485 893 ad
496 839 586 906 pacm.
601 833 643 888 bic
654 831 806 887 salvabitur
816 829 938 902 (dietih,
950 845 978 898 x,
991 831 1045 902 22).
1095 831 1187 903 hyteri
1209 829 1296 886 nostri
1318 831 1442 887 Donatus
1462 834 1492 886 ct
1515 833 1690 889 Fortunatus
1705 833 1772 907 (ie),
1793 837 1916 893 Novatus

235 936 388 994 Imitentur
412 929 574 995 Dominum,
596 925 645 997 qui
667 923 719 980 sub
740 924 801 996 ipso
828 928 958 996 tempore
982 939 1045 995 pas·
1097 925 1150 997 (ii)
1165 928 1194 980 et
1207 923 1334 992 Gordius,
1349 923 1425 979 solus
1437 924 1594 981 rescribere
1607 925 1678 982 nihil
1690 928 1781 1000 potui,
1795 931 1914 1001 quaudo

235 1029 321 1087 sionis
334 1043 393 1083 nou
405 1022 554 1096 superbior
576 1019 626 1075 sed
643 1017 779 1073 humilior
801 1017 862 1072 fuit.
876 1019 954 1072 Tunc
969 1018 1046 1072 enim
1095 1016 1283 1090 aprimordio
1302 1015 1481 1089 episcopatus
1503 1018 1561 1074 mei
1584 1020 1734 1076 statuerim
1756 1021 1828 1078 nihil
1850 1023 1914 1078 sine

236 1121 443 1195 discipulorum
468 1115 524 1188 (ti)
546 1128 663 1169 suorum
684 1110 771 1184 pedes
792 1110 858 1166 lavit
880 1110 975 1166 dicens
995 1112 1047 1168 :Si
1096 1109 1211 1166 consilio
1227 1113 1318 1166 restro
1332 1114 1361 1166 et
1373 1111 1433 1166 sine
1454 1127 1595 1168 consensu
1620 1113 1711 1184 plebis
1730 1129 1794 1170 mea
1814 1116 1912 1188 priva·

234 1234 280 1290 ego
293 1218 351 1271 laoi
370 1213 451 1285 pedes
471 1213 581 1271 uestros,
605 1207 734 1274 magister
754 1209 780 1260 et
803 1205 940 1271 Dominus,
963 1209 989 1259 et
1000 1217 1046 1258 aas
1095 1203 1147 1258 tim
1162 1203 1303 1260 sententia
1319 1218 1431 1274 gerere.
1446 1203 1512 1273 Sed,
1527 1219 1593 1260 crim
1607 1204 1644 1261 ad
1656 1221 1705 1262 vos
1715 1223 1769 1280 per
1781 1208 1831 1264 liei
1842 1225 1912 1282 gra·

234 1309 463 1368 miesuatiorum
479 1303 559 1374 pedes
580 1301 683 1355 lauare.
706 1299 867 1368 Faemplum
886 1299 957 1352 enim
981 1297 1046 1352 aaut
1095 1296 1163 1352 tiam
1178 1311 1293 1364 venero,
1318 1298 1386 1352 tunc
1407 1295 1444 1351 de
1467 1296 1501 1352 iis
1524 1313 1588 1369 quea
1610 1298 1655 1354 rel
1676 1303 1754 1371 gesta
1776 1305 1843 1357 sunt
1865 1303 1913 1358 vel

5 1421 7 1428 ·
92 1419 131 1462 .‘
232 1407 307 1462 vobis
326 1407 357 1458 nt
375 1403 443 1457 sinn
462 1412 509 1466 cao
525 1397 581 1462 feci
599 1397 625 1449 ct
643 1408 689 1448 aas
708 1391 858 1460 faoicrtisn
877 1392 1043 1462 (lcan.,xnr‚
1095 1390 1316 1462 gerundensium
1333 1389 1428 1446 bonor
1447 1392 1565 1447 mrituus
1587 1392 1688 1463 poscit,
1704 1394 1734 1448 iu
1754 1411 1913 1452 commuue

234 1501 277 1570 lt,
295 1496 349 1566 is).
364 1498 435 1551 tiam
448 1490 526 1546 Pauli
538 1486 659 1560 apostoli
670 1485 840 1540 documenta
853 1484 1044 1553 scolcaturo,
1094 1481 1287 1538 tractabimus.
1304 1483 1377 1554 Opto
1390 1499 1438 1538 vos
1458 1483 1523 1556 (is),
1538 1483 1633 1559 235
1649 1484 1753 1542 iratres
1772 1488 1911 1545 pharim.

234 1592 295 1665 qui,
318 1593 381 1662 post
401 1599 544 1642 carcerem
566 1596 642 1653 saepe
660 1579 824 1651 repetitum,
842 1580 905 1650 post
922 1577 1044 1649 flagella,
1094 1576 1136 1632 mi
1149 1592 1182 1631 ac
1194 1575 1459 1642 desiderantissimi,
1474 1593 1589 1649 semper
1601 1579 1673 1636 bene
1691 1580 1787 1638 valere
1808 1585 1838 1638 et
1852 1583 1913 1638 mei

232 1686 298 1758 post
311 1681 428 1749 bestias,
443 1675 626 1736 circaamniu
639 1673 715 1729 mitis
739 1675 768 1727 et
785 1671 900 1726 humilis
913 1686 1043 1742 perseve·
1095 1667 1267 1724 meminisse.
1284 1669 1504 1725 Fraternitatem
1521 1686 1586 1742 quie
1599 1672 1747 1729 vobiscum
1768 1680 1811 1730 est
1833 1675 1914 1730 mul·

232 1778 315 1847 rasit,
330 1793 381 1832 nec
394 1777 459 1846 post
479 1770 597 1827 tertium
615 1768 716 1824 eoelum
736 1770 764 1822 et
780 1764 944 1837 paradisum
963 1764 1044 1836 quic·
1055 1747 1084 1820 B
1095 1767 1156 1818 tum
1167 1777 1241 1818 ame
1252 1761 1385 1831 salutate,
1393 1765 1422 1818 et
1433 1764 1562 1820 utuostri
1571 1765 1735 1824 meminerit
1744 1767 1913 1825 admonete.

232 1888 320 1945 quam
333 1868 387 1924 sibi
396 1867 553 1924 insolenter
561 1861 714 1934 assumpsit
720 1858 819 1914 diceus
831 1856 943 1931 :234
955 1861 1046 1928 Neque
1096 1855 1199 1913 valate.

231 1968 318 2036 pratis
327 1977 426 2035 panem
439 1958 662 2015 manducavimus
676 1954 711 2009 ab
723 1955 817 2023 atiquo
828 1956 954 2019 omnum,
963 1951 1011 2007 aad
1020 1952 1044 1986 ⁷⁴
1390 1950 1550 2009 EPisTom
1565 1953 1610 2009 vl,

230 2061 260 2115 in
285 2057 375 2113 labore
396 2059 422 2110 ct
446 2052 611 2122 formatione
633 2053 709 2105 nocta
731 2053 757 2103 et
777 2046 822 2102 die
841 2050 991 2116 meantes,
1012 2059 1046 2101 ne
1127 2055 1598 2122 (eram.,1,s;rame1.,vn;nig.,
1619 2058 1714 2122 Baton,
1739 2058 1821 2122 Paris,
1833 2069 1860 2110 vr
1871 2074 1881 2124 i

231 2167 310 2223 quem
324 2154 446 2206 casuum
457 2157 633 2216 creverimus
644 2141 684 2214 (ll
694 2143 797 2209 Thess,
817 2155 847 2208 n,
862 2138 901 2209 8).
1369 2129 1463 2193 Oxou,
1477 2130 1559 2196 Lipa,
1568 2133 1637 2195 ιιι.)

267 2246 313 2301 111.
343 2244 407 2298 ilaec
430 2239 551 2311 singula,
585 2253 636 2292 oro
658 2252 718 2304 ros,
745 2232 889 2290 insinuate
910 2232 1045 2288 iratribus
1094 2245 1130 2284 ao
1149 2243 1325 2286 nocarnnmr
1349 2244 1591 2288 rossemannum
1612 2245 1736 2288 uranos
1758 2245 1914 2288 consesso-

231 2337 349 2396 uostris.
365 2337 398 2391 Et
410 2333 478 2407 quia
497 2334 521 2388 is
541 2331 710 2388 caaltabitur
725 2329 774 2399 qui
786 2343 813 2383 aa
826 2327 1044 2382 humiliaverint
1470 2339 1531 2380 aas.

231 2433 316 2507 (buc,
330 2446 386 2500 ιιι,
401 2431 455 2497 ιι),
466 2442 543 2484 nunc
557 2429 599 2480 est
611 2429 645 2480 ut
658 2423 748 2494 magis
760 2421 941 2478 insidiantem
949 2420 1045 2476 adver·
1094 2431 1292 2484 Αιιιιιιιιιιιιι,
1315 2457 1350 2470 -
1373 2431 1556 2499 nogariam
1573 2433 1600 2486 θ)
1621 2433 1728 2486 mm,
1746 2431 1914 2497 cmm„

232 2526 338 2582 serium
365 2523 504 2590 metuant,
528 2519 578 2593 qui
601 2517 752 2574 fortiorem
774 2530 918 2590 quemque
954 2513 1046 2586 magis
1130 2519 1289 2574 suboriatur
1309 2519 1347 2574 ad
1372 2518 1546 2590 disciplinam
1566 2519 1775 2584 obsmuandam,
1801 2535 1835 2575 nc
1860 2523 1913 2590 qui

231 2617 408 2692 aggreditur,
433 2618 471 2683 et,
499 2613 593 2669 acrior
610 2611 701 2668 iactus
717 2610 773 2666 hoa
793 2609 854 2681 ipso
876 2624 933 2679 quo
955 2607 1045 2663 rictus
1131 2605 1269 2663 Christum
1281 2622 1343 2662 ooec
1355 2608 1471 2674 maseati
1483 2609 1606 2675 huram,
1630 2608 1754 2679 operibus
1774 2608 1914 2680 abnegare

231 2718 284 2784 est,
300 2714 480 2784 superantem
495 2709 641 2778 {superare
658 2708 786 2759 conatur.
803 2701 942 2756 Dominus
961 2699 1046 2756 iaciat
1129 2695 1287 2752 uiderentur
1301 2713 1309 2752 s
1325 2696 1411 2754 obiter
1423 2699 1567 2767 usurparis
1591 2697 1722 2767 quosdam
1747 2712 1839 2754 comm
1850 2699 1913 2768 qui,

231 2812 263 2863 ut
276 2809 303 2862 et
326 2820 380 2876 ego
405 2804 509 2858 iterum
525 2799 586 2854 illos
604 2800 714 2853 mature
725 2797 749 2832 ²⁸
772 2793 867 2850 ridere
887 2797 917 2849 et
930 2793 1046 2850 salutari
1130 2790 1250 2842 armes
1261 2786 1333 2852 sauli
1352 2785 1385 2840 ab
1403 2785 1495 2855 fidem,
1518 2787 1548 2840 in
1564 2787 1688 2856 palmam
1707 2792 1797 2842 tamen
1812 2785 1916 2856 ignaui

230 2897 430 2958 exhortatione
440 2896 463 2931 ⁷⁷
487 2907 657 2965 componere
676 2895 787 2946 mentes
806 2904 907 2944 eorum
930 2888 966 2944 ed
984 2902 1044 2942 ser·
1130 2875 1231 2929 renuti
1241 2888 1296 2928 nvn
1309 2873 1484 2937 amabantur,
1500 2878 1582 2945 utque
1596 2875 1691 2930 boemi
1705 2875 1779 2946 quad
1792 2874 1912 2945 Cypria-

231 2988 582 3062 vandamgloriamsuam
599 2978 1045 3057 possim.1)oleocnimquando
1131 2977 1183 3017 Μ
1204 2962 1284 3028 iufra
1308 2961 1384 3030 diiii»
1409 2962 1523 3032 timim
1552 2965 1595 3027 ¹5»
1619 2963 1773 3019 ‘militibus
1799 2965 1914 3034 quando

1131 3051 1250 3122 oportuit
1269 3049 1484 3121 objurgationem
1501 3065 1554 3106 non
1576 3051 1714 3120 ἀιῙιιιιειῑ
1730 3068 1795 3108 nam
1818 3055 1849 3108 in
1871 3069 1914 3110 se-

1132 3155 1206 3196 cessu
1218 3141 1350 3210 scriptam
1364 3140 1434 3195 bana
1447 3141 1590 3211 mutatam
1600 3147 1687 3214 patet.

230 3087 314 3144 audio
327 3083 467 3156 quosdam
480 3080 610 3152 improbe
624 3083 653 3133 et
670 3076 827 3132 insolenter
845 3074 1003 3130 discurrere
1018 3074 1084 3186 etC

232 3182 266 3238 ad
280 3179 400 3252 ineptias
413 3177 459 3232 rel
473 3175 508 3231 ad
521 3170 679 3229 discordias
700 3185 821 3238 vacare;
837 3167 941 3228 Christi
954 3182 1047 3223 mem·

231 3274 294 3344 bra,
308 3273 408 3343 etjam
426 3268 570 3325 Christum
587 3265 722 3331 contessa,
736 3278 789 3336 per
805 3261 970 3318 concubitus
991 3259 1045 3316 ilii·
1132 3253 1153 3307 i.
1168 3251 1324 3324 Cyprianus
1338 3249 1496 3322 bogutiana
1509 3251 1566 3326 (46)
1577 3251 1744 3326 presbytero
1759 3257 1788 3310 et
1801 3253 1916 3310 catoris

233 3367 303 3423 citos
315 3364 371 3438 (iu)
386 3359 541 3434 inquinari,
556 3373 638 3414 neca
657 3356 784 3412 diaconis
805 3358 855 3411 aut
873 3351 1046 3426 presbyteris
1096 3342 1305 3402 confessoribus
1324 3343 1460 3400 iratribus
1472 3345 1606 3402 salutem.
1623 3347 1656 3402 Et
1669 3347 1848 3420 jampridem
1862 3363 1914 3404 uo·

231 3459 396 3534 regiposse,
410 3455 461 3512 sed
474 3455 504 3510 id
515 3468 599 3526 agere
613 3453 644 3506 ut
662 3466 715 3522 per
731 3463 887 3521 paucorum
902 3463 1005 3520 pravos
1018 3449 1047 3502 ct
1095 3439 1150 3507 bis,
1165 3437 1269 3494 irenes
1290 3435 1451 3493 charissimi
1475 3455 1508 3494 ac
1526 3438 1685 3508 fortissimi,
1706 3439 1814 3496 litteras
1825 3441 1914 3497 mise-

231 3554 321 3610 melos
345 3565 440 3606 mores
463 3546 619 3602 multorum
640 3546 669 3600 et
690 3543 834 3599 bonorum
851 3541 1047 3597 confessorum
1095 3549 1170 3604 ram,
1183 3531 1289 3604 quibus
1300 3529 1367 3586 fidei
1390 3535 1419 3587 et
1436 3531 1533 3587 virtuti
1552 3537 1654 3589 vestm
1675 3533 1768 3590 verbis
1782 3535 1914 3590 exultan-

235 3646 323 3721 gtoria
341 3645 460 3701 honesta
483 3641 641 3697 maculetur
656 3655 664 3694 s
680 3653 750 3710 quos
771 3635 861 3693 vereri
881 3634 1046 3701 debentne
1096 3630 1174 3687 tibus
1186 3629 1358 3701 gratularer,
1371 3634 1399 3686 et
1419 3645 1495 3686 nuno
1515 3646 1573 3686 uon
1597 3629 1676 3687 aliud
1693 3631 1723 3688 iu
1745 3630 1845 3702 primis
1857 3647 1916 3688 vox

913 3775 1019 3843 Varia
1045 3775 1211 3840 lectiones.

165 3939 169 3954 ν
265 3917 286 3954 ⁷⁸
300 3915 421 3968 Fecistis
447 3911 510 3964 aliis
532 3912 603 3962 Fosi.
634 3909 700 3958 Viri.
722 3908 792 3958 Man.
839 3905 860 3942 ⁷³
887 3905 1033 3958 Sectemue
1056 3905 1127 3954 Has.
1174 3897 1561 3972 ⁷‘disalir1uo,sed1an.
1610 3903 1632 3941 ’¹
1647 3905 1850 3962 Exultabuntur
1864 3944 1896 3962 ..

236 3981 557 4042 pernitiosissimus.
605 3976 777 4030 ⁷‘Maturius
793 3978 849 4030 Ver.
894 3975 915 4012 ⁷⁷
931 3975 1060 4029 Salutare
1074 3976 1314 4030 etexhortatioue.
1329 3979 1399 4028 Fan.

885 4103 999 4187 Steph.
1023 4103 1145 4170 Buluzii
1168 4109 1265 4170 notae.

267 4249 314 4314 (ιι)
339 4241 545 4308 Discipulorum.
570 4239 654 4290 Antea
678 4238 822 4302 legebatur
857 4235 1045 4301 apostolorum.
1097 4237 1220 4302 antiquis
1237 4235 1406 4288 editionibus
1430 4239 1457 4290 et
1475 4239 1504 4289 iu
1527 4237 1668 4302 plerisque
1686 4236 1830 4288 codicibus
1842 4239 1917 4289 anti-

235 4321 349 4378 Verum,
363 4317 429 4380 quia
442 4311 506 4364 libri
528 4309 709 4373 manuscripti
733 4311 760 4358 et
782 4311 889 4359 veteres
909 4306 1047 4360 editiones
1096 4308 1168 4374 quia.
1184 4308 1280 4359 Exstat
1290 4310 1384 4358 tamen
1399 4309 1428 4358 tu
1443 4320 1499 4359 uuo
1511 4321 1574 4360 meo
1590 4309 1695 4373 optimo
1709 4311 1736 4359 et
1747 4307 1782 4372 ¹in
1804 4307 1917 4360 Gratia·

233 4383 551 4448 bahentdiscipulorum,
565 4393 621 4444 quo
643 4380 726 4431 eliam
748 4378 831 4429 modo
851 4379 985 4442 scriptum
1005 4381 1048 4429 est
1096 4379 1266 4443 napolitano.
1301 4377 1461 4430 bisuntinus
1497 4379 1582 4430 editio
1615 4379 1734 4442 invexit,
1774 4379 1917 4432 Pometios

234 4464 264 4513 in
279 4456 430 4522 Evangelio
447 4450 603 4504 secuudum
628 4451 774 4513 loannem,
795 4462 847 4500 uos
865 4462 926 4500 eam
953 4448 1048 4502 lectio-
1098 4449 1207 4501 monuit
1225 4447 1377 4500 desiderari
1390 4449 1417 4500 ln
1433 4449 1530 4502 codice
1544 4448 1745 4514 affligemensi.

46 4533 50 4540 -
69 4529 78 4536 =-
117 4497 131 4552 ss
233 4545 299 4586 nom
312 4526 513 4581 revocavimus,
1057 4497 1087 4570 D
1130 4519 1177 4582 (lt)
1193 4520 1318 4571 Necatus.
1332 4520 1368 4571 Et
1381 4520 1455 4571 istud
1476 4533 1590 4585 quoque
1612 4532 1715 4571 nomeu
1740 4518 1919 4572 desideratur

266 4602 314 4667 (ti)
330 4595 485 4651 camubitus
512 4592 626 4644 illicitos.
651 4591 734 4655 lutra,
755 4591 834 4655 epist.
858 4589 883 4652 e,
906 4604 968 4655 pag.
993 4589 1046 4642 tt:
1096 4591 1125 4640 iu
1140 4589 1211 4640 libro
1235 4590 1368 4655 Furensl,
1391 4593 1518 4655 quumvis
1544 4591 1606 4642 heac
1631 4591 1748 4655 epistole
1766 4589 1855 4641 bisin
1880 4605 1917 4644 eo

234 4695 249 4724 «
263 4672 387 4737 'impiet
399 4660 972 4726 infamiconcubitu.»1temspistoi,pag.
986 4661 1046 4713 10³:
1097 4659 1233 4725 descripta
1247 4661 1291 4713 sit.

233 4739 474 4806 «conjacentium
502 4735 620 4786 duorum
647 4733 735 4796 turpis
766 4737 793 4783 et
819 4732 893 4784 ioeda
917 4731 1047 4784 dormitio
1129 4731 1254 4796 (45)οριο
1268 4745 1322 4783 aas.
1336 4731 1625 4784 Heroomuiudesunt
1647 4733 1675 4783 lu
1696 4731 1820 4798 antiquis
1834 4732 1918 4784 libris

232 4818 369 4885 quantum
393 4807 507 4861 sceleris
530 4810 558 4856 et
576 4804 702 4856 oriminis
726 4803 885 4855 confltetur.
910 4821 925 4852 a
951 4803 1047 4857 Hiero-
1097 4806 1124 4855 et
1142 4803 1321 4866 aditionibus,
1346 4807 1375 4854 et
1396 4803 1470 4854 edita
1499 4807 1566 4854 suut
1591 4804 1712 4868 primum
1738 4816 1754 4854 a
1777 4803 1915 4856 Manutio.

232 4901 336 5010 ”iitus
349 4875 1044 5011 {inluniae'institutionis²
1096 4873 1360 5008 initiunt
1377 4875 1522 4997 iiiiii
1537 4873 1844 4996 iniuriis..

317 4971 352 5008 0¹
1035 4973 1047 4984 ·
1352 4983 1358 4995 .
1634 4959 1662 4996 ru
1750 4959 1767 4995 n
1903 4973 1918 4984 ·

232 4978 348 5082 :aientia
373 5021 499 5076 criminis
523 4984 629 5068 vulnus'
653 5029 710 5068 non
731 5015 825 5079 babet,
848 5016 934 5069 hahet
953 5020 1047 5069 tamen
1096 5015 1203 5066 tiauum
1215 4959 1300 5066 misse
1313 5015 1453 5067 diversum
1473 5015 1508 5066 ab
1522 5029 1556 5066 eo
1576 5018 1622 5067 cui
1643 5015 1776 5080 inscripta
1793 4957 1918 5080 origg?-

233 5101 307 5154 iumu
321 5092 511 5162 ignominium.
526 5103 542 5138 a
555 5088 716 5150 Cassianus,
730 5087 824 5140 collat.
843 5101 906 5151 ιιι,
922 5101 981 5153 cup.
996 5089 1045 5140 33:
1095 5087 1166 5137 stola
1188 5087 1228 5149 si,
1254 5099 1339 5150 quom
1360 5085 1496 5137 editiones
1516 5087 1643 5152 qucum
1659 5091 1687 5138 et
1711 5086 1825 5151 quidam
1847 5085 1918 5138 libri

232 5171 398 5222 «Voluntas
425 5165 484 5230 ipae
505 5158 652 5225 culpabilis
673 5163 722 5223 est,
743 5162 770 5212 et
799 5157 834 5210 ad
858 5160 1046 5212 velocissimos
1096 5162 1203 5210 veteres
1222 5161 1322 5209 vocant
1332 5159 1474 5222 juvenem,
1497 5163 1526 5211 et
1544 5171 1579 5208 ex
1600 5159 1647 5209 illa
1669 5157 1785 5223 epistola
1801 5157 1918 5222 collegit

232 5238 432 5292 adulteriorum
452 5235 576 5297 reptatur
594 5242 726 5282 excessus
745 5229 918 5284 cousuetudo
941 5244 1046 5284 concu-
1095 5228 1279 5295 Rogatianum
1301 5229 1335 5280 ud
1361 5242 1445 5296 quem
1467 5230 1519 5280 ista
1536 5230 1600 5281 data
1621 5234 1671 5294 est,
1695 5231 1827 5294 martyrio
1843 5243 1916 5281 con-

231 5312 315 5363 bitus.
328 5324 343 5356 s
356 5307 398 5358 De
412 5300 660 5356 contubernalibus
678 5300 844 5353 clericorum
861 5300 1046 5354 reminisvide
1095 5305 1263 5352 summotum
1291 5301 1377 5352 tuisse
1407 5314 1440 5353 eo
1469 5305 1592 5366 tempore
1616 5314 1671 5366 quo
1695 5301 1781 5353 altera
1809 5301 1916 5366 scripta

230 5383 316 5435 Notas
343 5375 491 5429 Frontonis
510 5373 606 5424 Ducaei
634 5371 663 5422 iu
691 5369 795 5422 libnrm
817 5374 905 5423 sancti
931 5373 1047 5425 loannis
1095 5375 1146 5435 est,
1166 5373 1231 5438 quia
1255 5376 1369 5424 sanatus
1389 5371 1545 5436 Cyprianus
1564 5371 1602 5421 ait
1622 5372 1701 5422 illum
1720 5373 1828 5424 caeteris
1843 5385 1917 5422 con-

231 5447 423 5518 Cbrysostomi
442 5445 570 5496 aduersus
592 5455 634 5494 aar
649 5443 696 5508 aui
714 5441 928 5493 subintroductas
942 5443 1046 5504 tabant,
1095 5443 1247 5495 sessoribus
1259 5443 1409 5508 hospitium
1422 5455 1592 5508 praeparasse
1604 5441 1632 5492 lu
1649 5455 1767 5505 carcere,
1783 5443 1811 5492 in
1826 5455 1914 5507 quern

230 5523 334 5577 Petunti
350 5515 594 5569 animadversiones
617 5513 653 5564 ad
675 5513 854 5578 Epiphaniam
869 5519 996 5578 egentem
1011 5514 1046 5564 de
1095 5515 1238 5578 conjectus
1252 5519 1311 5564 erut
1323 5527 1388 5565 oum
1402 5512 1586 5572 Felicissimo,
1599 5517 1628 5563 et
1642 5526 1718 5564 nuno
1738 5525 1849 5577 quoque
1862 5526 1916 5565 eos

230 5593 328 5648 hmresi
358 5586 708 5646 hutidicomuriauiturum,
730 5589 757 5636 et
780 5585 935 5636 Hearioum
962 5587 1045 5638 Vale·
1095 5584 1267 5636 antecedere.
1293 5585 1347 5635 ista
1368 5583 1482 5652 quidem
1505 5583 1633 5635 ridentur
1654 5583 1800 5636 ostendere
1819 5583 1915 5649 Roga-

228 5669 301 5718 sium
317 5657 576 5713 inannotationibus
591 5657 626 5708 ad
649 5656 753 5707 librum
773 5669 801 5710 vr
826 5657 948 5707 Historia
966 5657 1045 5708 eccla-
1094 5657 1202 5705 tionum
1224 5654 1311 5705 inisse
1336 5656 1459 5720 martyrii
1483 5653 1672 5706 candidatum.
1695 5653 1750 5707 Sed
1771 5666 1826 5705 uou
1842 5666 1916 5720 pro-

227 5737 341 5791 classica
356 5729 481 5792 Eusebtl,
497 5741 557 5792 cap·
570 5727 611 5779 39.
1094 5727 1161 5779 baut
1174 5739 1239 5778 eum
1251 5725 1370 5778 subiisse
1385 5727 1555 5796 martyrium.

260 5807 310 5882 (43)
330 5807 502 5861 Fortunatas.
531 5799 638 5854 Nomen
665 5798 746 5852 istius
769 5797 892 5850 hominis
915 5796 994 5849 deest
1016 5797 1045 5848 iu
