4076 6190
85 324 115 379 49
814 315 1003 374 rantello.
1736 330 1771 384 50

83 449 201 504 tentiam
216 445 386 518 secundam,
401 463 466 519 quae
489 443 666 518 pulsantibus
678 441 838 515 patefaciat.
855 463 869 494 n
889 445 929 500 lta
942 444 1127 504 Tertullianus
1143 448 1211 505 dum
1226 451 1319 508 adhuc
1339 453 1415 508 inter
1427 452 1584 512 Catholioos
1598 459 1767 510 versaretur.

83 537 251 594 Montenista
265 538 357 594 lactus
380 536 459 592 aliud
482 535 588 603 docuit,
604 534 655 589 sed
669 531 895 604 repugnantibus
916 534 1080 605 Catholicis,
1101 553 1174 609 quos
1189 538 1228 593 sic
1244 537 1394 610 loquentes
1412 539 1522 596 inducit
1536 541 1587 596 lib.
1606 542 1638 597 de
1659 541 1770 606 Pndic„

83 645 140 700 cap.
157 631 172 682 t
189 644 196 680 ε
216 631 389 684 «Caeterum
411 627 496 696 Deus,
511 623 656 697 inquiunt,
671 623 763 678 bouus
784 624 813 675 et
835 623 968 695 optimus,
983 629 1011 679 et
1033 625 1195 680 misericors
1216 631 1244 681 et
1265 627 1416 682 miserator
1434 634 1463 683 et
1484 628 1685 684 misericordiae
1707 631 1772 700 plu-

83 714 180 778 rimus,
189 729 281 784 quam
292 714 373 768 omni
384 712 519 769 sacrificio
530 709 691 782 anteponit,
701 724 758 764 uon
772 709 844 766 tanti
857 710 964 768 ducens
975 715 1131 784 peccatoris
1141 719 1277 785 mortem,
1285 731 1372 788 quam
1381 717 1591 789 poenitentiam,
1600 717 1767 773 salvificator

83 803 211 857 omnium
221 803 529 858 etmaximetidelium.
539 803 637 872 ltaque
645 797 806 854 etliliosllei
816 798 1013 856 misericordes
1021 817 1082 858 esse
1092 801 1246 872 oportebit,
1253 803 1770 862 donantesinricemsicutetChristus

83 891 197 946 donavit
208 890 311 958 nohis;
325 907 383 944 non
395 889 567 960 judicantes,
583 905 619 944 ne
634 887 807 958 judicemur.
823 907 836 936 n
852 888 929 944 ldem
942 891 1130 946 Tertullianus
1143 897 1259 964 peccata
1274 892 1401 948 dividit«
1416 894 1445 948 in
1461 893 1534 948 duos
1547 893 1650 962 exitus,
1666 909 1699 948 ac
1713 893 1769 948 alia

82 979 274 1048 remissibilia,
289 980 344 1034 alia
358 977 565 1034 irremissibilia
576 998 590 1028 n
605 992 664 1032 esse
674 976 786 1043 statuit;
797 977 846 1032 sed
861 977 968 1034 latetur
980 979 1143 1036 Catholicos
1153 979 1207 1035 sihi
1221 980 1273 1036 hac
1286 979 1316 1036 in
1326 997 1358 1036 re
1371 979 1523 1048 adversari,
1538 995 1644 1051 eosque
1656 979 1769 1035 nullum

81 1082 196 1137 prorsus
209 1069 361 1137 peccatum
376 1064 572 1120 irremissibile
587 1079 757 1135 agnoscere,
776 1083 790 1112 a
806 1065 854 1120 sed
869 1066 950 1138 prius
966 1067 1110 1137 decidam,
1128 1068 1222 1140 inquit
1241 1075 1306 1140 cap.
1319 1071 1345 1136 3,
1360 1069 1587 1124 intercedentem
1603 1084 1637 1123 ax
1653 1067 1770 1124 adverso

81 1153 296 1224 responsionem
312 1154 350 1209 ad
364 1171 429 1210 eam
442 1152 616 1226 poenitentia
632 1151 754 1223 speciem
767 1168 855 1223 quam
870 1170 935 1210 cum
950 1157 1076 1212 maxime
1090 1155 1244 1214 delinimus
1256 1155 1340 1211 venia
1354 1172 1461 1212 carere.
1476 1157 1504 1212 si
1520 1155 1609 1221 anim,
1623 1153 1770 1226 inquiunt,

81 1239 178 1310 aliqua
193 1239 364 1312 poenitentia
383 1243 463 1295 caret
475 1239 566 1308 venia,
578 1239 642 1309 jam
654 1253 705 1292 nec
719 1239 748 1292 in
767 1245 859 1298 totum
873 1243 990 1316 agenda
1004 1246 1055 1302 tibi
1073 1252 1115 1302 est
1124 1265 1133 1316 3
1149 1246 1221 1302 nihil
1235 1245 1312 1302 enim
1327 1245 1472 1318 agendum
1486 1249 1529 1302 est
1540 1246 1648 1302 frustra
1663 1260 1670 1298 ι
1687 1259 1770 1314 porro

82 1328 189 1382 trustra
204 1333 310 1400 agetur
323 1329 491 1402 punitentia
503 1328 525 1384 si
541 1333 617 1384 caret
630 1329 721 1384 venia.
738 1327 838 1386 Omnis
854 1337 953 1388 autem
968 1334 1136 1405 paenitentia
1148 1335 1258 1404 agenda
1272 1339 1315 1391 est
1329 1350 1335 1388 :
1352 1349 1422 1405 ergo
1436 1335 1528 1390 omnis
1541 1335 1655 1392 veniam
1669 1352 1769 1392 conse-

83 1428 197 1494 quatur,
212 1441 250 1480 ne
262 1425 370 1480 frustra
383 1431 492 1498 agatur,
507 1424 573 1497 qnia
588 1441 646 1480 uon
660 1423 714 1480 erit
728 1421 842 1496 agenda
856 1422 878 1476 si
894 1423 999 1478 trustra
1017 1427 1130 1494 agatur.
1146 1426 1234 1480 Porro
1250 1425 1356 1479 trustra
1369 1430 1480 1496 agetur,
1493 1425 1516 1480 si
1529 1426 1610 1481 senia
1625 1426 1740 1482 carebit.
1755 1447 1769 1478 n

83 1513 143 1568 ilaec
156 1517 260 1568 autem
278 1514 446 1570 Tertulliani
460 1515 622 1570 testimonia
635 1530 691 1568 non
706 1513 741 1568 de
755 1512 816 1567 sola
829 1510 924 1566 hlrico
937 1511 1028 1583 accipi
1053 1511 1170 1578 dehent,
1185 1511 1236 1566 sed
1250 1511 1284 1566 de
1298 1512 1432 1567 omnibus
1450 1512 1589 1580 Ecclesiis,
1604 1528 1676 1584 qrtas
1691 1513 1771 1568 lton-

82 1601 255 1656 tanistarum
277 1603 410 1658 defensor
431 1609 588 1675 oppugnat.
603 1602 711 1674 Ubique
724 1601 801 1656 enim
816 1600 931 1670 vigebat
951 1601 1012 1656 haec
1033 1599 1194 1672 disciplina,
1208 1617 1240 1656 ac
1255 1600 1366 1655 duobus
1381 1601 1481 1672 primis
1500 1601 1610 1658 saeculis
1630 1601 1771 1672 viguerat,

85 1695 111 1743 nt
126 1691 259 1762 perspici
271 1695 365 1764 potest
378 1708 411 1746 ex
426 1694 535 1748 llcrmas
548 1691 621 1748 libro
635 1691 772 1757 secundo,
787 1689 908 1745 blandat.
924 1689 951 1758 t,
965 1689 1110 1761 inprimis
1126 1704 1161 1744 ex
1179 1687 1223 1742 his
1235 1703 1298 1759 quae
1313 1688 1443 1744 Clemens
1457 1689 1531 1760 apud
1547 1690 1649 1744 Euseh.
1664 1689 1713 1744 lib.
1729 1705 1770 1757 m,

84 1795 143 1850 cap.
160 1783 207 1848 23,
223 1779 261 1834 dc
274 1783 371 1835 sancto
386 1782 493 1836 loanne
507 1779 684 1853 Evangelista
697 1783 802 1834 narrat.
819 1777 874 1834 Nec
888 1775 1050 1832 omittenda
1063 1777 1189 1849 Dionysii
1203 1775 1418 1832 Corinthiorum
1430 1777 1553 1849 episcopi
1565 1777 1602 1832 ad
1616 1779 1773 1833 Amastria-

84 1884 189 1923 norum
211 1871 242 1924 et
255 1869 325 1923 alias
341 1869 421 1924 Ponti
445 1869 573 1925 ecclesias
595 1869 725 1942 epistola,
741 1868 771 1923 in
791 1881 848 1938 qua
871 1865 1056 1937 praecipiebat
1077 1868 1110 1920 nt
1130 1881 1147 1920 a
1170 1865 1271 1936 quouis
1291 1865 1372 1936 lapsu
1390 1863 1448 1920 sive
1471 1864 1585 1934 delicto,
1602 1865 1659 1921 sira
1683 1864 1772 1921 etiam

85 1955 221 2011 haeretica
238 1955 377 2028 pravitate
391 1957 545 2012 redeuntes
559 1956 685 2030 henigne
700 1955 921 2026 susciperentur,
936 1957 1008 2010 testa
1024 1953 1157 2022 Eusebio,
1170 1953 1222 2008 lib.
1238 1969 1275 2022 rr,
1289 1970 1314 2008 c.
1330 1955 1375 2010 2³.

117 2093 148 2144 2·
167 2090 361 2163 improbabile
375 2108 491 2164 prorsus
504 2097 546 2148 est
561 2090 638 2163 quod
651 2091 692 2146 ait
705 2089 846 2158 Petavius,
862 2087 1062 2160 zephirinum,
1079 2090 1156 2160 quod
1176 2095 1283 2162 spectat
1297 2089 1332 2146 ad
1347 2090 1511 2160 mmchiam,
1527 2090 1561 2145 de
1576 2089 1701 2162 antiqua
1713 2089 1770 2146 dis-

85 2178 199 2248 ciplinas
215 2179 367 2235 severitate
381 2179 489 2252 aliquid
507 2179 661 2248 remisisse,
676 2193 709 2232 ac
724 2181 823 2249 postea
835 2177 1015 2250 temporibus
1028 2179 1164 2250 Cypriani
1178 2180 1301 2250 majores
1318 2180 1355 2236 ad
1369 2180 1514 2237 lenitatem
1528 2181 1615 2236 iactos
1628 2195 1688 2235 csse
1702 2195 1769 2252 pro-

83 2281 211 2336 gressus.
230 2268 292 2322 Non
306 2270 428 2339 quadrat
439 2271 501 2326 haec
521 2273 684 2340 temporum
699 2267 879 2336 distributio;
897 2282 967 2322 nam
988 2267 1118 2335 moechia,
1134 2273 1166 2322 ut
1180 2268 1265 2324 modo
1280 2267 1415 2338 vidimus,
1431 2285 1497 2340 qna
1515 2267 1682 2325 Tertulliani
1696 2269 1769 2324 tenr-

83 2357 214 2427 pon'bns,
229 2359 361 2414 omnium
375 2359 586 2415 catholicorum
604 2373 748 2425 concessu,
765 2371 866 2428 pacem
882 2355 1064 2427 impetrabat,
1081 2356 1137 2412 hoc
1152 2356 1291 2414 beneficio
1307 2359 1383 2432 apud
1400 2359 1550 2414 nonnullas
1567 2357 1703 2413 Ecclesiae
1717 2357 1770 2412 sub

81 2447 218 2518 Cypriani
240 2449 466 2504 antecessoribus
495 2450 607 2504 exclusa
627 2449 691 2503 fuit.
713 2445 862 2513 Quomodo
892 2461 961 2516 argo
986 2444 1136 2517 disciplina
1168 2453 1236 2504 tunc
1262 2448 1420 2520 dimitigata
1454 2447 1559 2504 dicitur
1585 2448 1682 2518 tuisse,
1704 2463 1769 2502 cnm

83 2551 177 2590 noras
197 2537 374 2594 accessiones
397 2537 498 2593 habuit
516 2535 693 2593 severitatis?
707 2538 737 2591 3ο
752 2535 778 2591 Si
803 2551 838 2589 ex
855 2534 1023 2589 Tertulliani
1047 2538 1141 2612 verbis
1154 2539 1326 2595 concludere
1346 2540 1445 2595 liceret
1470 2540 1547 2612 quod
1563 2537 1690 2595 Petarins
1702 2555 1768 2594 con-

81 2626 179 2692 clusit,
193 2631 364 2698 sequeretur
376 2643 431 2682 non
447 2626 598 2683 homicidis
613 2628 706 2682 solum
719 2629 748 2681 et
761 2624 927 2692 idololatris,
945 2625 995 2679 sed
1007 2625 1041 2679 iis
1054 2625 1140 2682 etiam
1159 2627 1207 2698 qui
1220 2633 1284 2700 post
1294 2627 1381 2683 tidem
1393 2627 1430 2683 ad
1443 2627 1576 2684 haeresim
1594 2627 1770 2697 delacerent,

82 2715 131 2766 aut
158 2711 237 2768 inter
258 2713 398 2769 cruciatus
417 2713 480 2768 vieti
501 2720 653 2783 cesserant,
675 2729 774 2786 pacem
803 2713 1068 2770 immisericorditer
1085 2719 1219 2788 negatam
1239 2717 1326 2772 fnisse
1344 2717 1373 2772 in
1393 2716 1517 2773 Ecclesia
1542 2717 1679 2772 catholica
1703 2732 1709 2770 :
1733 2717 1772 2771 sic

83 2803 163 2858 enirn
175 2804 304 2876 loquitur
315 2805 351 2860 da
364 2804 503 2861 haereticis
516 2806 715 2874 Tertullianus,
730 2822 754 2860 c.
767 2807 799 2859 ld
815 2820 821 2858 :
839 2823 852 2856 a
868 2803 1011 2876 llymeuaei
1025 2809 1134 2874 autem,
1146 2803 1249 2876 inquit,
1261 2811 1289 2861 et
1303 2805 1457 2861 Alexandri
1469 2804 1591 2874 crimen,
1601 2805 1625 2858 si
1634 2807 1664 2858 et
1676 2803 1706 2858 in
1716 2804 1769 2860 isto

83 2897 111 2948 et
125 2893 156 2948 in
171 2894 270 2949 lutnro
283 2910 343 2950 aero
353 2894 548 2951 irremissibile
561 2897 612 2962 est,
623 2893 803 2967 blasphemia
819 2895 932 2963 scilicet,
942 2895 1041 2967 utique
1053 2895 1194 2966 apostolus
1207 2911 1264 2950 non
1279 2895 1414 2950 adversus
1426 2893 1581 2950 terminum
1594 2892 1707 2948 Domini
1717 2893 1769 2946 suh

83 2999 132 3053 spe
143 2983 237 3038 venias
255 2984 379 3040 dedisset
394 2983 516 3054 Seiana,
524 2986 613 3057 jama
628 2985 684 3040 ilde
695 2986 725 3039 ιιι
740 2982 949 3055 blasphemiam
964 2999 1082 3051 mersos,
1094 2980 1171 3036 unde
1182 2984 1210 3036 et
1222 2981 1375 3052 naufragos
1387 2997 1434 3036 eos
1446 2981 1530 3052 juxta
1539 2980 1627 3036 fidem
1640 2996 1768 3052 pronun·

83 3070 176 3137 tiarit,
188 3087 247 3126 non
262 3071 399 3130 habentes
412 3076 542 3132 solatium
559 3074 639 3131 naris
654 3075 793 3131 Ecclesia.
808 3071 863 3127 lllis
876 3073 954 3128 enim
968 3072 1051 3127 venia
1065 3074 1187 3143 negatur
1201 3071 1249 3142 qui
1265 3071 1300 3126 de
1314 3071 1368 3128 tide
1383 3071 1413 3126 in
1426 3070 1632 3144 blasphemiam
1646 3086 1769 3142 negave-

84 3161 162 3212 runt.
179 3181 194 3208 n
213 3161 251 3214 Et
268 3177 331 3232 cap.
346 3163 397 3219 ult.
411 3164 447 3219 da
464 3165 498 3220 iis
516 3167 565 3237 qui
584 3165 733 3221 tormentis
751 3168 945 3235 superantur:
968 3184 981 3212 ι(
1001 3161 1182 3232 Quaecunque
1202 3160 1367 3229 auctoritas,
1382 3160 1482 3233 inquit,
1496 3175 1675 3232 quascunque
1696 3159 1768 3216 ratio

83 3245 196 3300 moecho
207 3249 239 3302 et
252 3245 418 3303 fornicatori
432 3265 534 3320 pacem
548 3249 764 3306 ecclesiasticam
778 3250 882 3320 reddit,
897 3251 999 3306 cadem
1013 3249 1128 3306 debebit
1140 3253 1171 3304 et
1182 3249 1333 3306 homicida
1347 3251 1377 3305 et
1394 3249 1552 3306 idololatris
1564 3249 1768 3320 paenitentibus

82 3337 248 3404 subvenire,
262 3340 339 3392 certe
353 3340 492 3410 negatori,
509 3345 537 3396 et
552 3339 650 3413 utique
662 3341 704 3395 illi
718 3356 804 3414 quem
817 3339 847 3394 in
862 3339 960 3411 praelio
974 3337 1161 3394 confessionis
1175 3337 1322 3394 tormentis
1336 3339 1520 3394 colluctatum
1533 3335 1641 3392 saevitia
1654 3336 1767 3408 dejecit·

82 3425 228 3480 Caeterum
243 3425 393 3498 indignum
409 3427 509 3483 Decet
524 3429 599 3484 illius
614 3427 817 3496 misericordia,
833 3427 883 3500 qni
898 3427 1097 3500 paenitentiam
1117 3425 1272 3500 peccatoris
1286 3427 1372 3482 morti
1390 3426 1546 3498 praevertit,
1561 3431 1592 3482 ut
1613 3425 1723 3482 facilius
1738 3426 1768 3480 in

82 3515 240 3570 Ecclesiam
255 3515 376 3572 redeant
388 3518 437 3589 qni
447 3519 588 3590 subando,
602 3536 690 3592 quam
701 3519 750 3591 qui
764 3515 928 3574 dimicando
938 3515 1113 3572 ceciderunt.
1122 3517 1210 3589 Urget
1224 3533 1275 3570 nos
1286 3515 1377 3572 dicere
1387 3515 1544 3588 indignitas
1555 3531 1562 3570 :
1574 3514 1767 3571 contaminata

82 3601 181 3672 potius
195 3615 316 3672 corpora
328 3605 474 3660 revocabis
487 3621 572 3676 quam
589 3605 756 3661 cruentata?
771 3605 841 3670 Quae
856 3604 1022 3682 punitentia
1035 3603 1236 3660 miserabiliter
1249 3603 1391 3659 titillatam
1406 3607 1589 3676 prosternens
1601 3619 1716 3660 carnem
1730 3620 1766 3658 an

81 3707 149 3746 sero
165 3691 328 3746 laniatam?
343 3715 357 3743 n
374 3692 421 3747 llis
434 3693 464 3748 in
478 3693 546 3748 locis
560 3695 749 3750 Tertullianus
762 3693 856 3765 prima
869 3693 963 3766 specie
978 3693 1018 3749 sic
1032 3693 1144 3748 videtur
1156 3689 1362 3763 argumentari,
1373 3690 1454 3762 quasi
1467 3690 1522 3762 ipsi
1535 3707 1601 3746 cum
1615 3689 1767 3747 Catholicis

82 3779 245 3847 conveniat,
256 3795 310 3836 nec
323 3781 365 3835 eis
377 3781 426 3853 qui
436 3782 554 3837 addaiu
565 3782 698 3838 haeresim
711 3783 887 3852 deiecerunt,
900 3799 951 3839 nec
960 3782 996 3838 iis
1006 3782 1055 3855 qui
1066 3798 1132 3837 cum
1143 3781 1294 3838 tormentis
1304 3779 1449 3838 colluctati
1460 3785 1618 3850 cesserunt,
1627 3779 1767 3853 poeuilen·

82 3869 153 3924 tiam
175 3869 294 3924 concedi
316 3873 448 3942 oportere
460 3890 468 3939 ;
483 3872 530 3927 sed
553 3873 613 3928 haec
637 3874 769 3932 severitas
790 3871 830 3927 sic
853 3871 988 3928 abhorret
1007 3871 1043 3927 ab
1067 3870 1193 3943 antiqua
1214 3869 1346 3926 Ecclesia
1365 3869 1504 3940 moribus,
1516 3871 1549 3923 ut
1569 3869 1628 3925 eia
1650 3868 1766 3924 nemine

84 3952 183 4022 affingi
202 3952 304 4024 possit.
319 3953 433 4009 Fatetur
447 3955 605 4027 Cyprianus
619 3958 646 4014 in
661 3959 784 4031 Epistola
801 3961 839 4016 od
857 3963 996 4029 Quintum,
1011 3958 1199 4016 redeuntibus
1213 3958 1354 4016 haereticis
1372 3958 1421 4030 qui
1443 3959 1473 4013 in
1489 3957 1611 4014 Ecclesia
1632 3957 1766 4030 baptizati

83 4045 206 4112 ineram,
222 4059 342 4100 manum
357 4044 386 4100 in
408 4048 604 4118 paenitentiam
620 4049 731 4122 imponi
752 4051 863 4119 debere,
879 4056 964 4124 atque
983 4051 1070 4123 hujus
1091 4049 1307 4106 consuetudinis
1327 4045 1471 4119 originem
1492 4046 1528 4101 ab
1547 4045 1616 4117 ipsis
1633 4045 1765 4102 Ecclesiae

84 4131 264 4188 incunabulis
284 4139 413 4205 repetere
427 4150 484 4190 non
497 4135 605 4192 dubitat
621 4155 627 4192 :
642 4139 676 4193 iis
689 4143 786 4194 autem
807 4155 930 4211 quorum
943 4156 1001 4195 non
1016 4138 1130 4196 animus
1144 4141 1194 4198 scd
1207 4154 1309 4210 corpus
1322 4138 1352 4192 in
1373 4135 1472 4192 dolore
1487 4135 1640 4200 deiecerat,
1658 4135 1765 4206 quique

85 4222 198 4276 reniam
215 4237 276 4277 non
295 4221 436 4294 lacrymis,
451 4223 502 4280 sed
517 4242 617 4283 cruore
631 4231 661 4283 et
674 4229 837 4285 vulneribus
850 4228 998 4300 petebant,
1013 4232 1119 4299 quanta
1140 4221 1304 4280 humanitas
1319 4219 1448 4276 exhiberi
1461 4220 1566 4276 soleret
1577 4219 1608 4276 in
1629 4219 1763 4290 Ecclesia,

84 4313 144 4363 tam
157 4325 190 4364 ex
202 4309 278 4366 libro
293 4311 429 4384 Cypriani
442 4314 475 4369 de
488 4315 597 4386 Lepsia,
610 4334 640 4389 p.
658 4319 719 4387 185,
734 4319 796 4376 tum
810 4337 843 4377 ex
859 4319 987 4392 ejusdem
1000 4317 1126 4392 Epistola
1138 4331 1195 4384 nm,
1211 4312 1333 4386 perspici
1348 4311 1450 4384 potest.

119 4437 196 4502 Quid
215 4437 306 4509 igitur
327 4442 485 4496 statuamus
505 4441 540 4498 de
559 4444 757 4501 Tertulliano?
774 4449 799 4502 ls
820 4463 888 4503 sane
908 4450 985 4503 totus
1006 4451 1083 4502 errat
1100 4446 1130 4501 in
1153 4442 1277 4500 Montani
1301 4440 1401 4496 castris
1420 4456 1452 4495 ac
1466 4453 1563 4494 secum
1578 4441 1698 4510 pugnat,
1714 4438 1764 4494 sed

86 4529 179 4581 amen
200 4541 351 4599 nunquam
378 4527 441 4584 sine
460 4529 556 4601 aliqua
576 4531 685 4605 ingenii
707 4537 769 4592 luce
789 4537 909 4604 delirat3
930 4551 984 4592 nac
1002 4551 1069 4592 enm
1097 4534 1169 4590 adeo
1191 4531 1362 4588 crediderim
1382 4527 1550 4601 desipuisse,
1574 4531 1607 4582 ut
1632 4527 1764 4583 omnihus

86 4613 249 4671 homiuibus
266 4616 419 4673 ridendum
439 4635 468 4674 se
482 4619 511 4675 in
526 4625 625 4692 aperto
638 4625 787 4682 mendacio
809 4627 986 4700 propinarat.
999 4625 1190 4691 Quamobrem
1212 4622 1282 4678 illud
1298 4619 1424 4690 effatum,
1443 4635 1456 4670 a
1479 4632 1574 4688 neque
1596 4615 1763 4672 idololatriae

85 4721 178 4776 neque
199 4705 333 4778 sanguini
348 4722 403 4777 pax
421 4707 457 4762 ab
474 4709 603 4766 Ecclesiis
621 4713 762 4783 redditur,
783 4737 796 4766 n
818 4732 876 4771 non
897 4716 932 4771 de
955 4715 1116 4785 Catholicis,
1138 4714 1189 4769 sed
1210 4713 1245 4769 de
1263 4709 1499 4768 blontanistarum
1520 4705 1650 4760 Ecclesiis
1673 4705 1764 4760 inter-

84 4794 266 4866 pretendam.
279 4795 389 4851 Nomen
403 4796 530 4853 ecclesiae
542 4800 734 4858 Tertullianus
746 4804 870 4860 hlontani
883 4805 967 4861 secta
988 4803 1105 4876 proprio
1121 4800 1246 4874 quodam
1258 4799 1322 4870 jure
1341 4797 1412 4852 solet
1424 4793 1567 4849 vindicare
1575 4810 1584 4862 ;
1601 4791 1678 4847 velut
1697 4807 1762 4846 cum

84 4899 144 4938 eam
166 4887 251 4939 sucat
270 4883 423 4940 Ecclesiam
445 4883 577 4958 Spiritus,
591 4889 746 4946 Ecclesiam
766 4892 797 4948 in
819 4892 909 4948 tribus
929 4893 1063 4966 positam,
1080 4907 1144 4962 cap.
1161 4893 1205 4957 tl,
1220 4892 1271 4943 aut
1292 4903 1356 4943 cum
1371 4885 1411 4941 ait
1432 4899 1493 4956 cap.
1510 4885 1541 4938 ld
1563 4897 1601 4938 t«
1623 4883 1762 4938 Cederem

82 4969 131 5024 tibi
143 4970 166 5025 si
179 4969 321 5042 scriptura
332 4971 465 5042 Pastoris,
477 4989 542 5045 qua
561 4976 623 5030 sola
643 4978 767 5034 moechos
783 4983 869 5048 amat,
890 4980 985 5036 divino
1006 4979 1195 5034 instrumento
1215 4975 1368 5032 meruisset
1386 4972 1488 5044 incidi3
1503 4974 1526 5030 si
1545 4990 1604 5030 non
1626 4977 1661 5030 ab
1684 4973 1764 5030 omni

83 5057 201 5114 concilio
213 5059 412 5128 Ecclesiarum,
425 5061 511 5118 ctiam
524 5066 694 5136 vestrarum,
707 5067 782 5123 inter
797 5069 961 5142 apocrypha
976 5073 1004 5124 et
1020 5068 1092 5124 falsa
1100 5067 1288 5141 judicaretur.
1302 5085 1316 5114 n
1331 5061 1451 5120 Videtur
1467 5061 1520 5118 sibi
1533 5063 1656 5119 multum
1668 5064 1761 5119 hono·

82 5149 119 5204 ris
136 5149 293 5206 Catholicis
315 5149 431 5219 habere,
455 5151 478 5205 si
500 5167 599 5210 eorum
621 5155 760 5226 Ecclesiis,
786 5163 851 5231 post
872 5159 997 5215 Montani
1023 5161 1148 5224 sectam,
1173 5153 1310 5208 secundas
1336 5149 1481 5207 attribuat.
1509 5150 1593 5206 Aliud
1621 5149 1763 5222 proferam

82 5240 245 5310 exemplum
259 5254 296 5294 ex
308 5255 332 5293 c.
350 5253 397 5306 vn,
413 5238 461 5295 ubi
473 5241 577 5311 prohat
589 5243 648 5298 ovis
661 5248 690 5301 et
705 5244 847 5301 drachmae
862 5245 1012 5317 parabolas
1029 5262 1089 5302 non
1104 5241 1257 5301 convenire
1270 5241 1301 5296 in
1316 5239 1461 5298 moechum
1479 5242 1529 5296 aut
1548 5239 1762 5312 fornicatorem,

83 5327 148 5397 qnia
163 5347 179 5376 a
192 5326 280 5382 simul
303 5327 445 5398 apparuit,
461 5329 557 5386 statim
570 5330 659 5388 homo
673 5332 709 5388 de
722 5333 843 5390 Ecclesia
857 5333 984 5406 pellitur,
1001 5334 1109 5390 necilli
1124 5334 1232 5401 manet,
1247 5346 1301 5386 nec
1326 5330 1464 5402 gaudium
1483 5329 1595 5385 confert
1615 5330 1765 5402 repertrici

84 5415 222 5482 Ecclesia,
234 5413 284 5470 sed
297 5414 417 5485 luctum,
433 5431 485 5472 nec
497 5420 773 5491 congratulationem
791 5422 910 5480 advocat
921 5422 1091 5492 vicinarum,
1106 5421 1156 5478 sad
1172 5419 1418 5478 contristationem
1435 5418 1628 5490 proximarum
1658 5417 1762 5475 irater-

84 5503 214 5560 nitatum.
231 5523 246 5552 n
259 5503 335 5560 Care
347 5506 430 5574 pales
445 5504 576 5562 Ecclesia
589 5523 699 5565 morem
715 5509 846 5580 describi,
861 5510 992 5582 quamvis
1015 5511 1178 5582 generatim
1192 5510 1330 5582 loquatur
1344 5507 1557 5577 Tertullianus3
1573 5524 1665 5580 acqua
1686 5509 1764 5564 enim

85 5591 139 5648 bec
159 5591 295 5651 Ecclesiae
315 5591 485 5648 charitatem
504 5592 643 5665 redoleat,
663 5597 713 5653 sed
735 5598 975 5656 inhumanitatem
997 5600 1305 5672 Montenistarnm,qu1
1333 5598 1462 5670 digamos
1481 5595 1549 5652 ioris
1568 5596 1714 5669 sistebant,
1731 5613 1764 5654 ac

86 5705 97 5728 a
115 5683 251 5740 eumdem
264 5679 395 5738 timinam
413 5680 520 5738 liminis
534 5683 650 5740 maechis
664 5701 781 5761 quoque
801 5691 831 5744 et
845 5687 1064 5748 fumicatoribus
1079 5687 1224 5764 51·52
1242 5687 1368 5762 figebant
1381 5703 1388 5755 ;
1404 5685 1520 5758 jejunas
1537 5685 1614 5758 pacis
1626 5685 1764 5759 lacrymas

85 5774 247 5844 pminsuris,
259 5789 314 5828 nec
324 5770 449 5844 amplius
462 5769 498 5827 ab
508 5771 627 5830 Ecclesia
641 5789 727 5847 mam
737 5775 958 5850 publicationem
970 5778 1118 5838 dedecoris
1130 5777 1271 5835 relaturis.
1284 5798 1298 5828 n
1312 5777 1412 5850 Liquet
1426 5773 1455 5830 in
1467 5773 1610 5847 ejusmodi
1623 5773 1693 5831 locis
1705 5791 1762 5830 non

85 5861 180 5920 Christi
190 5860 355 5932 malaeum,
366 5859 417 5918 sad
429 5860 555 5920 antani
566 5862 782 5937 intelligendam
795 5881 866 5924 essa.
876 5868 964 5928 Testis
977 5871 1020 5927 est
1028 5867 1089 5944 ipse
1096 5866 1285 5926 Tertullianus
1295 5871 1399 5946 quauta
1415 5863 1594 5928 numanus
1605 5864 1635 5922 in
1644 5862 1766 5921 Ecclesia
