4012 6192
84 189 131 252 sss
634 185 679 254 be
697 183 960 257 smeutsnn'mo
978 189 1204 263 ottmoonntt.
1701 199 1754 270 tat
1797 219 1800 235 ·

82 321 204 388 cibilem,
217 322 384 394 patientem,
403 323 562 378 cumomni
580 323 1026 410 modestiacorripias-,quonia
1051 327 1141 384 studia
1166 333 1364 400 sequerentur.
1389 325 1457 386 ldeo
1482 343 1542 388 non
1567 328 1633 390 inde
1655 335 1754 394 scribi·

82 419 135 470 tem
158 430 206 470 eos
230 413 279 486 qui
303 415 438 470 resistunt
461 415 590 485 veritati;
615 433 651 472 ne
672 417 746 473 torte
768 417 890 472 delitiis
939 424 987 474 tnr
1006 419 1072 492 (55),
1096 421 1172 492 quod
1194 423 1298 478 nostris
1318 423 1560 482 convivationibus
1578 434 1750 501 coequatur,

82 509 150 562 [leus
165 507 363 579 poenitentiam
386 507 420 564 ad
441 509 671 582 cognoscendam
688 511 846 576 veritatem,
862 516 891 568 et
939 529 998 568 non
1025 515 1107 582 risus,
1135 530 1191 569 non
1212 514 1294 586 jocus
1317 515 1420 572 dicitur
1446 519 1568 575 affuisse.
1596 521 1653 576 Nec
1678 523 1751 578 sicut

80 601 274 672 resipiscente
294 601 402 658 diaboli
417 602 538 674 laqueis,
557 621 572 658 a
591 619 649 676 quo
668 604 772 676 captivi
792 607 887 660 tenen·
938 607 1014 678 apud
1037 606 1176 678 quosdam
1207 624 1282 662 nunc
1308 625 1397 681 usque
1420 613 1524 668 assolet
1549 613 1621 683 lieri,
1646 616 1750 672 chorus

79 695 888 769 tursecundumsjusvoluntatcm(llltm.,11,2426).»
939 701 1120 770 psallentium
1153 700 1296 772 virginum
1331 718 1414 758 aures
1447 706 1594 762 venenosis
1622 709 1750 765 cautibus

111 787 203 843 Omne
229 789 369 861 quidquid
393 789 428 845 ab
455 790 616 846 auctoribus
642 789 746 846 nostris
776 796 888 861 gastum
939 793 1075 849 asseritur
1098 792 1274 849 demulsisse.
1302 794 1335 850 Et
1361 802 1391 850 ut
1415 797 1449 852 de
1472 799 1603 869 apostolis
1623 800 1749 859 breviter

79 884 132 950 est,
161 880 368 937 rationabiliter
394 881 567 954 gerebatur3
601 889 634 939 ut
659 883 780 956 posteris
808 883 889 938 nobis
938 887 1071 958 probem,
1103 891 1241 959 quantum
1270 885 1324 944 illis
1347 887 1424 943 tlura
1448 889 1624 947 familiaritas
1656 895 1748 966 potuit

77 975 210 1030 adversus
228 976 462 1048 prevaricatores
483 977 595 1032 munita
617 978 743 1049 undique
764 977 886 1034 auctori·
938 979 1095 1050 displicere,
1119 980 1168 1052 qni
1192 981 1332 1053 compulsi
1353 987 1419 1037 sunt
1442 987 1470 1037 et
1490 982 1526 1039 de
1547 985 1607 1056 ipso
1627 985 1747 1043 Domino

77 1073 115 1122 tas
128 1069 302 1136 traderetur,
316 1074 433 1141 propter
445 1069 569 1126 haeresin
582 1070 786 1142 amputandam
801 1086 887 1143 qnam
937 1073 1070 1144 loquente
1085 1089 1149 1128 cum
1169 1073 1278 1130 femina
1296 1075 1434 1144 dubitare,
1455 1075 1507 1132 nisi
1525 1093 1574 1134 eos
1592 1080 1748 1150 majestatis

77 1163 208 1235 superius
225 1161 391 1228 taxavimus,
408 1163 443 1217 de
457 1163 635 1219 assumendis
652 1164 782 1234 leminis;
800 1180 885 1236 quam
937 1167 1039 1222 notitia
1071 1167 1194 1239 probata
1226 1176 1437 1241 compesceret,
1469 1170 1542 1226 sicut
1575 1171 1749 1245 evangelista

76 1255 129 1310 sive
148 1271 204 1326 per
224 1255 419 1326 semetipsum,
438 1255 496 1310 sive
518 1271 572 1328 per
591 1273 687 1312 servos
703 1273 769 1312 suos
790 1257 885 1313 Domi·
936 1260 1032 1327 relert,
1051 1260 1168 1317 dicens:
1185 1281 1199 1314 s
1216 1263 1293 1318 lnter
1311 1262 1383 1330 haec,
1407 1263 1510 1336 inquit,
1531 1271 1673 1321 venerunt
1692 1265 1748 1322 dis·

74 1364 125 1404 nus
139 1348 290 1419 paululum
311 1349 458 1417 relaxavit,
476 1365 512 1406 ne
532 1349 621 1406 nimio
640 1351 733 1423 rigore
748 1350 776 1406 in
794 1354 886 1406 totum
936 1353 1021 1425 cipuli
1041 1353 1113 1424 ejus,
1137 1359 1165 1408 et
1187 1353 1366 1410 mirabantur
1381 1356 1459 1427 quod
1480 1372 1546 1413 cum
1566 1358 1688 1414 muliare
1709 1359 1747 1415 lo·

76 1440 188 1496 homini
208 1441 314 1497 lebrica
334 1442 531 1514 damnaretur3
552 1443 784 1516 praevidebantur
797 1461 814 1499 a
834 1445 886 1500 no·
934 1448 1175 1519 queretur.Nemo
1190 1452 1283 1504 umen
1297 1447 1368 1504 dixit
1383 1448 1422 1504 illi
1439 1466 1473 1504 :a
1484 1449 1557 1515 Quid
1571 1452 1684 1523 quoeris,
1698 1457 1748 1510 aut

74 1535 150 1588 mino
165 1533 292 1590 haeretici
306 1535 354 1607 qul
369 1535 482 1607 nuptias
496 1537 643 1608 aularunt3
661 1542 690 1592 et
706 1553 777 1609 quos
795 1537 885 1592 Domi·
935 1540 1002 1612 quid
1021 1539 1147 1612 loqueris
1163 1556 1228 1597 curn
1243 1558 1277 1597 eu
1292 1539 1390 1613 (ioan,
1404 1559 1440 1611 tv,
1454 1542 1519 1614 27))
1533 1564 1547 1594 n
1561 1545 1632 1610 Ouid
1649 1549 1746 1602 autem

74 1643 124 1682 nus
146 1627 247 1699 junxit
279 1629 344 1700 (53),
366 1631 466 1685 eontra
496 1633 606 1685 naturae
637 1630 831 1704 principium,
856 1633 885 1686 et
934 1633 1035 1706 loquar
1047 1649 1189 1688 accessum
1208 1633 1325 1689 lemine
1345 1635 1380 1690 ad
1403 1635 1490 1707 pedes
1512 1636 1625 1691 Domini
1647 1653 1746 1710 provo

73 1727 170 1776 contra
193 1721 381 1793 Evangelium
407 1739 539 1794 separare
561 1723 747 1780 contendunt.
775 1693 1011 1794 QisibusBlutse,
1033 1726 1115 1798 cnjm
1134 1727 1225 1782 luctus
1247 1730 1276 1782 et
1296 1727 1424 1798 planctus
1440 1729 1474 1782 ad
1499 1728 1690 1786 defensionem
1708 1732 1747 1788 la·

72 1815 244 1870 interdicens
257 1815 319 1886 jam
338 1821 406 1872 tunc
424 1817 579 1872 auctoritas
592 1817 753 1890 parabatur,
769 1835 805 1873 ne
823 1833 886 1874 ma·
935 1819 1028 1874 scivias
1063 1835 1122 1874 sme
1148 1836 1206 1875 non
1244 1820 1415 1875 erubescunt
1445 1821 1569 1894 improbi
1593 1823 1747 1895 flagitaret

72 1909 161 1963 ritates
182 1909 315 1963 mulieres
338 1909 464 1965 accidere
486 1915 651 1966 vetarentur
670 1911 705 1966 ad
728 1909 884 1982 Christum,
934 1913 1027 1984 Usque
1046 1913 1115 1968 adeo
1137 1913 1198 1968 illos
1217 1913 1333 1985 propria
1358 1915 1466 1972 caecihs
1485 1915 1569 1988 rapit,
1585 1923 1617 1972 ut
1637 1933 1689 1974 nec
1711 1918 1746 1975 de

74 2001 112 2054 rui
129 2002 159 2056 in
181 2001 334 2074 prasentia
350 2001 518 2058 servierunt.
534 2002 589 2059 Sed
605 2020 662 2059 non
676 2003 736 2060 eine
752 2005 883 2061 modern·
934 2005 1075 2060 similibus
1096 2007 1186 2061 causis
1210 2006 1336 2062 audeant
1355 2005 1497 2077 reluctari,
1522 2007 1557 2064 de
1578 2009 1681 2082 quibus
1701 2001 1746 2068 sa-

72 2095 144 2149 mine
168 2095 222 2150 luit
235 2095 318 2150 etiam
332 2095 394 2167 ipsa
408 2095 558 2167 permissio
570 2103 731 2168 procurata,
746 2114 810 2170 qun
826 2116 882 2154 non
933 2098 1031 2154 lomon
1046 2115 1052 2153 :
1070 2099 1262 2170 «Excaecavit,
1281 2099 1384 2172 inquit,
1403 2117 1450 2156 eos
1462 2101 1572 2158 malitia
1586 2120 1697 2172 eorrrm,
1713 2109 1747 2162 ut

71 2187 119 2241 sibi
139 2187 316 2259 operabatur
339 2189 417 2261 quod
444 2189 570 2262 gerebat,
596 2189 645 2245 sed
672 2191 792 2246 arcteris.
812 2195 883 2248 Nam
933 2191 1320 2249 nescirentsacramentallei
1335 2194 1422 2264 [Sap.
1434 2195 1587 2268 n,m,2e).
1600 2200 1746 2254 »loannes

71 2280 106 2336 sic
131 2281 274 2338 allocutus
297 2281 433 2338 Dominus
463 2281 689 2352 samaritanam,
720 2284 757 2340 ad
782 2284 881 2341 horam
932 2289 1028 2341 autem
1046 2291 1166 2342 matrem
1183 2285 1292 2342 [lomrni
1314 2287 1468 2359 suscepisse
1485 2288 1744 2358 videtur‚sedma·

70 2374 165 2428 docuit
187 2380 216 2430 et
238 2375 362 2444 recessit,
388 2392 440 2431 nec
464 2375 659 2433 defensionem
682 2377 881 2435 continuandis
930 2383 1005 2435 trem
1037 2379 1118 2450 cujus
1150 2395 1246 2434 mores
1285 2383 1451 2435 maternum
1484 2380 1593 2437 indicat
1625 2401 1743 2444 nomen.

69 2467 229 2522 excessibus
264 2468 341 2524 lecit.
375 2468 415 2526 sd
452 2469 555 2524 boram
589 2485 703 2543 qaoque
742 2471 881 2527 llartham
931 2472 1036 2527 Tamen
1063 2487 1121 2526 non
1141 2487 1257 2544 possum
1279 2471 1333 2544 (57)
1359 2476 1388 2526 et
1411 2473 1483 2527 allas
1506 2473 1610 2530 Christi
1636 2483 1744 2535 matres

68 2575 165 2630 passus
184 2565 228 2615 est
244 2561 463 2618 ministrantem.
486 2561 541 2618 Sed
561 2562 630 2634 quid
650 2567 712 2619 erat
729 2565 805 2620 aliud
827 2567 880 2620 Do·
929 2565 1091 2634 admittere,
1118 2581 1171 2620 nac
1195 2563 1337 2637 equando
1361 2570 1404 2620 est
1427 2566 1593 2624 mulieribus
1615 2572 1742 2642 cunctis,

68 2658 157 2728 mino,
185 2658 238 2712 nisi
269 2659 349 2732 regni
375 2658 473 2733 856
500 2661 621 2716 coelestis
648 2663 768 2733 prandia
796 2663 880 2719 mini·
931 2675 995 2730 quae
1015 2657 1313 2731 genuitllajestatem.
1330 2657 1404 2714 Elias
1421 2675 1535 2732 qnoque
1552 2661 1648 2734 jussus
1665 2666 1744 2721 asta

68 2752 177 2806 strare?
194 2752 338 2824 Numquid
353 2753 405 2808 snb
424 2754 540 2809 llomino
559 2771 615 2809 non
638 2754 720 2810 tuere
738 2757 882 2815 convivia?
931 2751 1053 2808 D⁰mi¹1⁰
1075 2749 1237 2822 relinquere
1259 2750 1443 2807 ⁸⁰¹ii1¹di¹¹²ffl
1463 2757 1491 2808 θ)
1511 2753 1625 2825 ingredi
1646 2756 1742 2814 ither-

67 2847 118 2900 lut
138 2843 195 2900 sub
215 2843 364 2916 majestate
380 2845 441 2917 ejus
459 2849 522 2902 erat
535 2847 605 2902 alius
626 2847 705 2903 cibus
724 2855 772 2906 aut
786 2855 879 2922 potus,
932 2847 1064 2900 naculum
1083 2845 1184 2901 vidnae.
1206 2845 1261 2900 Pro
1282 2844 1405 2916 imperio
1426 2846 1535 2902 Domini
1553 2846 1690 2905 laboravit
1711 2853 1744 2906 ut

68 2953 150 3009 quam
168 2937 317 3010 disciplina
337 2939 538 2997 tantummodo
559 2957 622 3013 qnae
641 2941 796 3014 pascebat?
813 2945 879 3000 Tes-
931 2938 959 2993 in
975 2938 1058 2993 domo
1074 2936 1232 3004 mansisset,
1248 2937 1293 2992 cui
1307 2937 1428 2993 solitudo
1442 2938 1572 2997 solatium
1589 2943 1743 3014 praestabat

69 3035 142 3086 tante
166 3032 228 3104 ipso
250 3032 371 3087 Domino
392 3049 424 3088 nc
448 3033 580 3090 dicente:
598 3055 612 3085 a
630 3035 705 3090 Meus
727 3036 805 3092 cibus
826 3039 958 3124 sancet
982 3031 1131 3104 requiem;
1155 3029 1329 3086 occasionem
1359 3031 1398 3086 ilii
1425 3033 1562 3090 llominus
1583 3033 1687 3092 obtulit
1705 3037 1740 3094 ad

68 3131 96 3180 ut
110 3126 214 3181 iselam
230 3127 404 3182 voluntatem
420 3126 481 3198 ejus
499 3128 548 3200 qui
567 3127 644 3183 misit
664 3129 877 3202 metloon.‚1v,
930 3125 1074 3198 magnalia
1095 3123 1235 3192 facienda,
1256 3129 1288 3180 ut
1310 3124 1401 3196 magis
1424 3125 1505 3182 lamis
1529 3129 1660 3200 tempore
1682 3133 1742 3188 tam

67 3220 117 3288 il).
139 3241 153 3270 a
182 3219 229 3275 Sic
254 3220 397 3292 apostolus
428 3220 582 3276 mulierum
613 3221 764 3278 comitatus
794 3223 879 3279 dece·
927 3219 981 3292 ipsi
995 3217 1087 3274 vidue
1100 3233 1188 3290 quam
1206 3217 1321 3290 pupillis
1337 3217 1398 3289 ejus
1416 3219 1585 3276 sufficientia
1602 3221 1743 3280 tribueret

65 3311 111 3366 bat
130 3313 187 3384 (54)
208 3328 267 3368 non
289 3315 321 3367 ut
336 3310 499 3385 perderent,
520 3313 570 3369 sed
591 3316 623 3369 ut
641 3315 783 3371 discerent
802 3333 879 3372 reve·
927 3314 1072 3377 alimenta,
1087 3307 1264 3384 quijejuniis
1277 3327 1483 3385 usquequaque
1497 3313 1619 3370 sillictus
1636 3316 1742 3374 tolcra-

65 3405 199 3474 rentiam,
223 3408 253 3461 et
270 3412 390 3478 propter
410 3406 597 3463 humanitatis
617 3407 811 3465 exhibendum
827 3410 878 3466 rni-
927 3408 1005 3463 verat
1031 3402 1127 3478 857
1156 3403 1361 3476 indigentiam
1387 3411 1415 3461 et
1436 3406 1485 3479 qui
1508 3407 1610 3464 missus
1627 3415 1745 3467 venerat

65 3499 217 3556 dietarium
237 3501 440 3573 sequebantur,
454 3501 525 3556 sicut
545 3501 575 3556 in
596 3502 748 3574 Evangelio
769 3503 804 3560 de
823 3506 877 3559 llo·
928 3500 1015 3574 pasci,
1036 3502 1134 3571 pastus
1154 3497 1284 3570 quinimo
1302 3498 1452 3554 conterens
1473 3498 1597 3572 miseris,
1613 3503 1743 3561 miserias

64 3593 141 3648 mino
160 3599 189 3649 st
207 3593 325 3666 deipsis
344 3594 452 3666 paritor
471 3597 670 3651 memoratur:
687 3618 701 3648 a
717 3597 751 3653 Et
770 3597 878 3654 tactum
927 3592 1058 3666 egestatis
1079 3591 1148 3648 lecit
1169 3590 1289 3646 excludi.
1317 3591 1351 3648 lit
1373 3592 1428 3648 hoc
1453 3609 1510 3649 non
1532 3599 1627 3667 potest
1648 3597 1742 3670 cajus·

64 3693 114 3754 est,
134 3686 243 3760 inquit,
262 3693 325 3759 post
340 3688 402 3743 hac
423 3693 451 3744 et
472 3688 531 3760 ipse
551 3688 606 3745 iter
626 3689 749 3746 faciebat
764 3707 816 3764 per
837 3690 878 3747 ci·
927 3703 1014 3759 quam
1034 3686 1130 3742 lavere
1152 3685 1291 3753 luxurire;
1312 3701 1377 3740 cum
1401 3687 1479 3742 nulla
1498 3686 1585 3744 fuerit
1604 3693 1741 3762 apporto·

64 3781 166 3836 vitates
188 3786 217 3836 et
240 3782 355 3837 castella
382 3783 578 3855 evangelizans
606 3799 729 3855 regnum
758 3785 822 3856 liei,
850 3791 879 3843 at
927 3781 1001 3837 nitas
1015 3779 1139 3835 scandali
1158 3778 1206 3834 ubi
1222 3783 1403 3834 transeunter
1416 3779 1493 3853 quod
1507 3781 1589 3853 pejus
1607 3791 1649 3840 est
1664 3801 1743 3857 eges·

63 3873 214 3931 duodecim
236 3891 301 3932 cum
319 3875 379 3945 illo,
399 3880 429 3932 et
448 3875 584 3932 mulieres
602 3893 666 3949 quse
681 3880 878 3936 erantcuretae
927 3887 1021 3938 tosam
1040 3881 1095 3954 (58)
1113 3879 1247 3937 habuerit
1264 3879 1455 3948 mansionem,
1471 3897 1558 3954 quam
1577 3882 1741 3956 quicunque

61 3986 77 4026 a
94 3969 246 4042 spiritibus
264 3969 417 4026 immundis
434 3975 463 4026 et
480 3969 699 4041 infirmitatibus,
713 3972 799 4028 liaris
813 3989 878 4048 quae
927 3975 1029 4046 hospes
1047 3973 1197 4046 effugeret.
1212 3974 1249 4028 itt
1264 3972 1310 4029 hio
1324 3972 1401 4044 apud
1419 3989 1491 4046 quos
1507 3973 1669 4048 hospitatus
1686 3981 1739 4049 est,

62 4071 179 4120 vocatur
192 4063 367 4135 magdalene,
385 4063 420 4119 de
439 4080 497 4136 qna
510 4063 653 4120 daemonia
672 4070 780 4138 septem
797 4067 876 4124 exie·
927 4065 1056 4141 implevit
1072 4071 1101 4124 et
1113 4065 1215 4136 rediit;
1234 4065 1283 4138 qui
1303 4065 1415 4123 edumei
1436 4069 1608 4138 moraretur,
1629 4086 1742 4145 suspec-

62 4163 134 4226 rant,
163 4163 194 4214 et
218 4159 336 4226 loanna,
363 4173 433 4212 uxor
455 4157 557 4214 Chuzse
580 4161 771 4231 procuratoris
790 4161 876 4218 llere·
926 4166 972 4218 tus
989 4177 1049 4218 esse
1068 4176 1125 4216 non
1146 4159 1249 4233 potuit.
1270 4159 1367 4226 Qualis
1382 4160 1440 4216 illic
1459 4161 1513 4218 tuit
1526 4163 1741 4222 communitatis

62 4254 111 4324 dis,
128 4255 160 4308 et
173 4255 312 4321 Susanna,
329 4255 359 4306 et
370 4251 434 4306 alie
449 4251 547 4307 multas
558 4268 622 4326 quas
636 4257 664 4308 et
676 4253 879 4312 ministrabant
927 4255 1051 4325 allartus,
1066 4255 1114 4310 nbi
1132 4270 1190 4311 non
1208 4253 1390 4311 asstrictus?
1402 4254 1436 4311 Et
1448 4256 1562 4328 qualem
1575 4259 1611 4314 ad
1624 4259 1741 4318 viduam

61 4348 85 4402 ei
100 4347 137 4403 dc
151 4343 334 4402 lacultatibus
347 4344 405 4400 suis
420 4345 508 4417 (buc,
524 4361 583 4415 vui,
601 4347 666 4420 1-3).
681 4369 696 4402 n
926 4349 1027 4406 habuit
1039 4349 1114 4406 Elias
1127 4347 1286 4419 introitum,
1301 4347 1348 4405 cui
1364 4348 1455 4405 fames
1468 4350 1547 4408 dedit
1564 4351 1740 4425 hospitium?

93 4440 241 4515 Numquid
260 4439 445 4496 adherebant
462 4440 654 4514 singularibus
673 4441 803 4516 singulae,
827 4417 1056 4517 autDQuisquis
1076 4459 1107 4498 es
1122 4441 1172 4516 qui
1189 4448 1217 4498 te
1241 4441 1281 4497 vis
1298 4441 1367 4499 Etim
1388 4443 1424 4498 de
1448 4445 1677 4503 commoratione
1699 4449 1739 4503 vi·

61 4537 282 4610 indisciplinatas
303 4539 519 4606 commorantes,
541 4538 763 4610 perseverabant
780 4539 874 4598 illece-
926 4537 991 4593 dues
1011 4537 1103 4593 vorari
1124 4535 1303 4607 discipulum,
1327 4535 1407 4607 prius
1428 4536 1589 4595 solitudinis
1613 4539 1740 4596 sillia-tio·

60 4631 147 4688 broso
175 4631 317 4687 consortio
342 4631 560 4686 conversantes?
585 4631 637 4687 Ubi
663 4635 725 4688 tota
756 4633 877 4690 Ecclesia
926 4648 986 4700 nes,
1003 4636 1031 4687 et
1048 4629 1236 4704 quadraginta
1256 4629 1367 4684 dierum
1390 4630 1479 4686 tolera
1497 4630 1601 4704 jejunii
1620 4633 1738 4704 exitum,

60 4724 273 4798 propemodum
292 4723 436 4780 videbitur
460 4723 531 4797 (55),
554 4729 587 4781 ut
607 4741 664 4781 non
687 4724 724 4781 ad
749 4727 877 4783 conviva·
926 4729 955 4783 et
971 4731 1090 4782 autnon
1107 4739 1218 4798 queres
1230 4721 1381 4794 feminam,
1398 4728 1520 4782 autnon
1536 4723 1591 4782 erit
1608 4722 1658 4798 qui
1670 4741 1739 4784 eum

60 4821 152 4878 dones
170 4819 325 4893 improbas,
347 4817 397 4874 sed
414 4817 451 4874 ad
470 4816 602 4876 discenda
624 4819 709 4876 hones
729 4835 876 4878 conuersa-
924 4819 1032 4876 lomina
1058 4821 1261 4887 commoratur,
1294 4821 1323 4874 et
1352 4819 1451 4874 tamen
1482 4817 1506 4875 si
1537 4819 1655 4878 valueris
1686 4819 1738 4880 tibi

737 5007 818 5080 Edit.
837 5013 942 5082 Oxou.
957 5017 1060 5078 notos.

84 5191 141 5258 (aa)
160 5185 231 5256 Quos
251 5189 376 5246 Dominus
386 5183 488 5258 iuneti.
503 5187 562 5246 aut
576 5185 618 5248 stc
636 5185 787 5262 legendum
808 5203 874 5251 otim
955 5191 1006 5260 isi)
1017 5189 1078 5250 ideo
1092 5203 1145 5248 aaa
1160 5183 1221 5248 inde
1234 5181 1369 5248 scribitur.
1387 5183 1449 5248 iios
1468 5197 1503 5249 et
1516 5184 1578 5249 cod.
1598 5191 1653 5250 v'et.
1666 5211 1739 5262 exc..

55 5264 185 5328 Erasmo,
197 5266 246 5315 aut
259 5277 325 5316 cum
340 5266 395 5316 vet.
409 5278 470 5317 exc.
483 5268 511 5317 et
524 5265 687 5330 ltemholdo,
704 5268 776 5333 quod
786 5267 875 5321 Demi·
923 5283 973 5336 pro
987 5282 1043 5335 quo
1060 5265 1239 5330 ltemboldus,
1256 5267 1337 5331 odeo,
1351 5267 1483 5319 Erasmus
1493 5281 1570 5331 vero,
1585 5269 1621 5321 od
1634 5283 1666 5321 sc
1676 5269 1740 5323 tens

54 5351 103 5389 eus
113 5337 216 5402 iussin
227 5337 304 5400 prius
320 5339 412 5388 tamen
427 5336 529 5390 arridet
543 5340 638 5404 magis.
654 5340 764 5392 Panna.
923 5339 1088 5394 describitur.
1108 5338 1210 5392 lloretl.
1227 5337 1293 5390 adso
1306 5352 1360 5390 noa
1375 5338 1446 5390 bens.
1460 5340 1572 5406 Pausi..

84 5409 138 5474 (iit)
155 5407 346 5472 Siropostclee
365 5407 507 5459 motionem
527 5411 666 5462 comitatus
682 5410 796 5463 decadot.
811 5412 872 5466 Vet
954 5413 1003 5475 (57)
1025 5409 1120 5462 Temen
1142 5421 1198 5461 nost
1222 5421 1337 5475 possum.
1367 5409 1443 5462 Istud
1468 5424 1580 5462 rursum
1610 5423 1645 5465 οἳ
1671 5412 1738 5465 illo-

54 5477 280 5544 010.Apt)8witi8‚
293 5482 357 5543 ete,
372 5479 488 5532 maslot.
505 5480 615 5532 Pausa.
923 5497 984 5534 rum
1017 5487 1155 5548 utroque,
1186 5495 1237 5545 pro
1268 5494 1302 5533 eo
1338 5481 1413 5546 quod
1451 5481 1585 5534 Erasmus
1618 5489 1735 5548 possunt.

83 5553 135 5616 (55)
162 5549 210 5600 tibi
228 5555 281 5601 tota
299 5549 415 5602 nansia
425 5553 614 5618 propemodum
627 5551 767 5606 videbitur.
782 5553 874 5607 Locus
924 5556 1034 5607 Pausa.
1667 5595 1669 5600 -

53 5635 172 5690 prorsus
192 5621 337 5675 obscurus.
357 5623 418 5676 Vet.
433 5637 556 5678 excusus
573 5637 639 5677 vero
655 5627 682 5677 et
702 5625 874 5678 Remboldus
955 5627 1004 5690 (ss)
1019 5625 1180 5691 qustosom.
1197 5621 1245 5676 Stc
1263 5625 1337 5675 recte
1353 5623 1504 5688 lioralllus,
1521 5623 1693 5679 Remholdus
1709 5625 1736 5682 et

53 5695 155 5762 legunt
177 5695 376 5760 conjurationes
395 5695 585 5760 improbrosos,
606 5710 656 5764 pro
676 5697 875 5750 mesinationes
922 5701 977 5750 vet.
991 5709 1051 5750 exc.
1064 5709 1151 5765 quum
1163 5695 1211 5747 stit
1222 5699 1393 5764 sputantem.
1408 5695 1518 5752 Pausa.

53 5765 206 5838 improbus,
221 5779 278 5820 non
289 5769 372 5821 reete.
390 5767 492 5822 Persen
