4012 6192
260 303 311 365 82³
657 376 660 382 .
713 295 740 359 S.
762 299 920 359 CYPRlle
940 297 1079 360 orendil
1097 301 1184 359 PARS
1202 299 1236 359 ll.
1251 331 1285 348 ·-·
1305 305 1485 364 OPUSCPLA·
1861 311 1904 370 ili
1969 245 1970 264 Χ

253 435 376 492 ahenum
397 448 414 488 a
432 435 547 488 terrena
568 431 738 504 contagione
756 431 882 488 versarii
897 431 970 496 Quid
990 431 1067 490 enim
1078 441 1264 514 Aprcspere,
1281 453 1361 494 arma
1377 437 1455 497 inter
1471 442 1501 496 et
1517 439 1590 508 tela;
1611 439 1733 514 hincque
1747 443 1773 498 tc
1785 443 1905 502 iaculans

180 589 181 595 ,
255 529 306 584 tibi
325 543 390 585 aum
406 527 460 583 hac
481 525 554 594 luce,
578 525 624 580 cui
644 525 694 580 lux
717 529 826 581 aeternu
844 525 983 598 promisse
1005 526 1069 581 esti
1120 533 1249 604 ambitio,
1264 534 1796 608 indoeoelestifladmonetmagntuudo,

255 623 329 688 Quid
352 638 417 678 cum
441 621 497 678 1100
519 621 584 676 vite
603 622 769 692 naturaque
793 620 963 676 commercio
985 636 1070 692 quem
1156 631 1199 686 ιιι.
1212 629 1240 687 ει
1253 629 1376 686 alutem
1387 630 1470 686 times
1484 630 1617 701 perdere,
1634 629 1702 686 scito
1714 632 1743 686 te
1753 631 1817 687 mod
1830 650 1906 704 posse.

189 764 192 770 .
252 716 315 772 coeli
345 715 505 788 amplitudo
533 712 681 785 deposcli‘i
708 713 781 770 Sitne
812 717 908 770 teneat
929 713 1070 786 cupiditas
1120 724 1207 780 Porro
1219 727 1317 780 aulem
1332 722 1545 779 contemnenda
1560 722 1613 779 tibi
1628 725 1906 793 morsesi‚0uisshpig.

251 813 306 869 ista
333 813 456 880 uiuendi,
482 813 531 868 sed
558 828 627 883 quos
650 811 815 883 inexpiabili
845 812 921 867 malo
953 811 1070 868 seviens
1119 819 1165 872 tus
1178 818 1285 873 occisus
1304 823 1355 874 est.
1374 819 1447 874 huie
1475 817 1569 873 oculos
1592 817 1653 886 tibi,
1681 833 1785 889 queso,
1809 835 1905 876 concur-

255 907 331 978 ignis
353 912 458 962 aterna
484 905 622 961 scelerum
653 905 762 961 ultione
786 904 938 976 torquebit.
966 905 1070 960 Teneai
1118 908 1186 962 rant
1204 907 1359 963 [lominica
1379 907 1518 979 passionis
1532 907 1586 979 (hil
1603 907 1745 979 exempla,
1765 913 1909 964 coucnrrant

255 1000 395 1071 cupiditas
408 1001 463 1055 ista
480 999 603 1067 vivendi,
618 999 666 1055 sed
681 999 782 1071 quibus
796 1003 825 1054 et
839 999 911 1054 mori
926 1013 1008 1071 poena
1026 1005 1070 1056 ast
1119 999 1210 1055 oblate
1226 999 1383 1072 etpraamia
1397 1003 1426 1056 et
1439 1005 1538 1072 parata
1559 999 1732 1069 discrimina,
1750 1005 1778 1056 ct
1793 1005 1908 1074 quantum

254 1096 284 1150 ct
305 1094 407 1150 durare
429 1097 614 1149 tormentum.
637 1092 698 1148 Tibi
719 1093 781 1164 jam
806 1095 835 1148 et
858 1093 982 1150 mundus
1008 1094 1068 1164 ipse
1117 1089 1195 1145 iuter
1209 1105 1239 1146 se
1256 1089 1383 1146 habeant
1400 1089 1598 1148 difficultatem
1611 1093 1801 1163 rasutrasque
1815 1092 1909 1164 conspi-

254 1187 412 1243 succumbit
433 1190 463 1242 et
480 1192 558 1243 terra
580 1185 665 1254 cedit,
683 1185 732 1258 qui
753 1185 941 1242 morientibus
960 1185 1069 1242 cunctis
1117 1184 1181 1240 cito.
1197 1185 1254 1239 Nee
1268 1184 1346 1240 enim
1368 1183 1473 1256 poteris
1481 1183 1623 1252 cantitari,
1638 1183 1694 1240 nisi
1706 1183 1777 1240 scias
1790 1188 1908 1257 quantun

253 1279 289 1336 ad
306 1281 359 1337 hoc
378 1284 537 1337 reservatus
556 1296 586 1336 es
606 1283 637 1334 ut
651 1285 761 1350 martyr
779 1295 840 1334 esse
856 1279 1005 1350 potuisses.
1026 1283 1068 1336 dn
1118 1293 1221 1333 noceas
1231 1277 1255 1314 ²⁸
1283 1277 1307 1332 si
1334 1277 1495 1350 negaveris.
1525 1277 1602 1334 Coelo
1629 1283 1770 1350 martyres
1796 1279 1908 1350 gaudent,

252 1387 312 1428 non
329 1370 495 1444 quotidiana
519 1369 662 1424 cernimus
683 1369 794 1437 lunera,
811 1369 957 1424 cernimus
979 1383 1067 1424 novos
1117 1372 1243 1426 veritatis
1274 1371 1405 1426 inimicos
1437 1371 1513 1443 ignis
1546 1372 1684 1428 absumet.
1708 1372 1846 1428 Paradisus
1870 1374 1910 1430 ilai

254 1469 348 1524 exitus
361 1466 416 1539 (18)
435 1467 561 1536 corporis
576 1466 626 1521 diu
644 1465 728 1521 tracti
743 1466 778 1535 ²³,
792 1466 974 1522 sarientibus
988 1483 1065 1522 mor·
1116 1465 1232 1520 testibus
1244 1464 1340 1532 ilorci,
1352 1468 1501 1536 negatores
1514 1466 1647 1538 gehenna
1658 1467 1909 1538 complemetsmus

252 1561 297 1616 bis
317 1561 474 1631 inexpertae
492 1559 640 1630 cujusdam
658 1559 748 1614 cladis
770 1559 869 1628 exitia,
885 1577 917 1615 ac
940 1565 1066 1631 stragem
1116 1558 1192 1630 ignis
1218 1557 1390 1615 inardescet.
1413 1561 1457 1628 Et,
1472 1564 1503 1615 ut
1525 1559 1635 1616 castoris
1663 1563 1781 1629 taccam,
1802 1561 1850 1616 boc
1867 1579 1910 1617 nos

253 1654 453 1726 populatarum
477 1652 591 1708 urbium
614 1653 772 1722 intuemur,
793 1655 869 1709 unde
885 1655 909 1690 ²⁶
926 1655 1066 1726 possimus
1115 1652 1215 1724 utique
1237 1653 1328 1725 magis
1351 1653 1436 1710 debet
1452 1653 1571 1718 hortari,
1593 1652 1672 1726 quod
1698 1654 1910 1711 confesionis

253 1762 409 1818 agnoscere
423 1751 527 1818 quanta
541 1746 671 1818 martyrii
681 1746 812 1803 habenda
828 1747 865 1802 sit
876 1747 1012 1819 dignitas,
1030 1748 1065 1803 ad
1116 1746 1200 1802 unius
1219 1746 1325 1804 Christi
1344 1750 1485 1818 perpetua
1505 1745 1682 1804 confessione
1701 1753 1832 1812 serretur,
1849 1749 1909 1804 sicut

255 1837 336 1908 cujus
357 1835 478 1908 gloriam
501 1851 554 1891 nos
577 1851 679 1907 cogere
702 1836 789 1892 etiam
804 1836 866 1894 lues
888 1836 974 1909 caepit
997 1805 1253 1912 (lilssscriptum
1274 1842 1318 1895 est
1334 1855 1341 1895 :
1360 1842 1414 1908 Qui
1425 1856 1467 1896 ma
1482 1842 1620 1909 consessus
1640 1843 1729 1909 suomi
1748 1843 1776 1897 ia
1791 1843 1909 1898 11111111-

289 1931 332 1986 ΙΧ.
356 1929 479 1998 Etenim,
496 1929 656 1985 charissimi
673 1929 783 1998 iratres,
801 1929 933 2001 respicite
946 1930 983 1986 ad
998 1931 1066 2000 hoc,
1114 1949 1174 1990 rom
1196 1933 1354 1998 bominibus,
1377 1939 1403 1990 el
1420 1949 1467 2004 epo
1489 1935 1631 2004 molliebat·
1653 1949 1714 1991 cum
1736 1950 1822 1991 ocrem
1839 1937 1910 1992 Patre

254 2040 352 2097 quaeso
376 2040 435 2091 vos,
455 2023 578 2095 plenius,
593 2022 622 2079 in
639 2039 695 2096 quo
710 2028 737 2080 et
751 2024 827 2079 salus
845 2023 968 2081 vertitur
980 2031 1008 2081 et
1017 2041 1065 2082 su·
1115 2041 1172 2082 mco
1188 2033 1214 2083 et
1234 2042 1323 2082 cerum
1345 2027 1450 2097 enectis
1472 2027 1531 2097 ejas
1557 2026 1644 2098 (Luc,
1673 2045 1691 2082 x
1712 2043 1743 2096 ιι,
1768 2027 1805 2098 8).
1826 2027 1911 2082 hdhue

251 2117 377 2173 blimitas
396 2119 589 2190 computatur,
611 2116 677 2172 licet
696 2132 754 2172 non
775 2117 829 2172 sim
849 2119 959 2174 nescius
979 2119 1066 2174 etiam
1116 2119 1254 2175 accedunt
1270 2119 1306 2174 sd
1325 2119 1423 2192 gloria
1438 2119 1586 2176 cumulum
1599 2124 1769 2176 ornamenta
1781 2120 1911 2176 virtutum.

251 2227 301 2266 ros
321 2210 486 2283 plenissime
509 2225 590 2266 nosse
617 2209 753 2266 stantium
780 2211 836 2282 (tol
859 2211 989 2268 omnium
1013 2229 1066 2268 nos
1115 2212 1161 2270 ait
1185 2213 1262 2268 enim
1291 2231 1297 2268 ε
1330 2213 1485 2282 Fulgebuiat
1503 2214 1576 2284 justi
1602 2217 1738 2284 tunquam
1756 2214 1912 2270 sciatitlaia

247 2303 363 2376 judiciis
385 2303 533 2372 contineri,
554 2319 648 2376 neque
668 2303 802 2376 ignorare
815 2304 890 2359 hanc
908 2320 970 2360 esse
985 2305 1067 2362 nobis
1117 2305 1279 2362 arundineto
1320 2305 1514 2374 absumentes,
1541 2306 1711 2377 judicabunt
1741 2309 1867 2369 natione,
1892 2312 1913 2362 rt

252 2398 386 2454 traditam
403 2395 592 2470 disciplinam,
614 2400 645 2453 ut
664 2397 725 2453 sine
748 2397 805 2453 ullo
827 2401 934 2454 terrore
956 2399 1066 2456 militiae
1116 2399 1445 2470 dominabunturpopulir
1459 2399 1546 2472 (Sap.
1561 2415 1600 2469 m,
1612 2400 1649 2470 7).

251 2493 311 2547 vim
326 2492 396 2548 tanti
406 2491 529 2546 nominis
552 2495 700 2560 tueamur;
716 2491 822 2564 quippe
838 2507 910 2564 quos
926 2492 1066 2566 pridem
1151 2492 1206 2549 llll.
1221 2493 1322 2565 Magna
1343 2496 1387 2548 est
1398 2493 1486 2564 enim,
1507 2493 1608 2548 iratres
1631 2492 1798 2561 charissimi,
1818 2493 1914 2549 claritas

158 2623 161 2628 -
253 2585 391 2641 desiderio
417 2584 487 2640 lucis
508 2584 589 2640 istius
613 2584 752 2658 cupiditas
778 2588 893 2643 eterna
919 2587 1067 2644 memorias
1115 2586 1204 2642 vitam
1233 2585 1330 2643 salutis
1347 2589 1464 2642 aeternae
1487 2586 1636 2643 honestate
1657 2587 1797 2660 passionis
1814 2601 1913 2654 ornare,

252 2679 418 2748 deduxerit,
453 2693 526 2751 quos
557 2678 720 2735 iuturomm
752 2683 817 2735 rota
851 2680 1015 2737 divellerint
1029 2681 1064 2750 ²⁸,
1116 2695 1223 2752 magna
1247 2678 1406 2737 sublimitas
1434 2684 1500 2736 ante
1523 2695 1575 2736 ora
1593 2679 1706 2736 Domini
1726 2684 1914 2753 aspectumque

221 2777 222 2780 ’
252 2789 379 2846 quosque
396 2772 431 2827 ab
452 2771 583 2828 omnibus
604 2771 678 2827 vitiis
687 2773 814 2847 optanda
828 2772 931 2830 Christi
946 2775 1065 2832 societas
1115 2772 1218 2832 Christi
1245 2773 1391 2844 potestatis
1411 2773 1548 2830 humanae
1572 2779 1718 2830 tormenta
1745 2777 1914 2830 contemnere

252 2866 420 2939 segregarit,
441 2865 495 2920 nisi
517 2867 539 2921 si
565 2865 653 2922 exitio
678 2866 873 2936 succumbere,
896 2868 981 2925 morti
1001 2868 1064 2924 ani·
1116 2866 1308 2923 nechorrere.
1323 2867 1369 2923 Sic
1387 2866 1483 2922 Daniel
1500 2867 1592 2924 minas
1612 2867 1689 2939 regis
1705 2869 1858 2925 etleuuum
1868 2868 1913 2922 tre·

251 2977 332 3017 mam
357 2959 520 3016 dubitamus
538 2959 653 3028 oderre,
677 2977 729 3016 nec
744 2961 805 3033 jam
826 2960 979 3018 retinenda
999 2965 1066 3018 suut
1115 2960 1255 3017 mentium
1277 2959 1645 3033 rabiemperccnstantiam
1659 2961 1730 3018 ildei
1743 2961 1768 2998 ¹⁷
1781 2978 1837 3016 sne
1850 2959 1914 3024 uicit,

250 3055 333 3110 nobis
344 3057 372 3110 et
384 3054 581 3126 amplectende
592 3053 731 3110 beneficia
745 3055 838 3110 divina
853 3071 976 3128 quorum
990 3055 1062 3112 ultra
1116 3055 1185 3110 dum
1210 3053 1388 3110 adorandum
1412 3054 1523 3110 nullum
1548 3055 1636 3110 alium
1659 3070 1722 3110 esse
1738 3070 1822 3127 quam
1840 3056 1914 3110 Deum

250 3165 346 3204 rernm
357 3149 571 3204 ardoremtanln
584 3148 620 3203 sit
634 3152 892 3221 mercesquantum
905 3149 934 3204 in
944 3149 1063 3205 dicendo
1075 3169 1103 3246 C
1115 3147 1246 3204 credidit.
1261 3147 1305 3204 Sic
1318 3146 1349 3204 in
1362 3146 1474 3203 camino
1487 3147 1583 3220 pueris
1602 3147 1764 3204 constitutis
1777 3147 1806 3202 in
1820 3163 1846 3202 sc
1859 3145 1915 3201 arsit

252 3243 379 3298 humane
400 3241 583 3297 mediocritas
603 3243 646 3297 vir
665 3243 754 3314 possit
773 3244 902 3316 implere.
928 3243 1066 3317 sanguini
1116 3240 1294 3308 incendium,
1313 3239 1382 3295 dum
1397 3239 1478 3312 ignes
1489 3239 1558 3311 justi
1570 3240 1691 3296 tolerant
1706 3257 1780 3313 quos
1791 3241 1815 3276 ¹⁸
1831 3241 1863 3296 de
1875 3255 1914 3310 ge·

251 3343 348 3392 nostru
363 3339 440 3407 patet
451 3336 566 3398 coslum.
580 3334 719 3408 Sanguini
733 3343 831 3392 nostro
845 3337 1068 3412 gehenneecadit
1117 3334 1213 3390 henna
1222 3333 1341 3390 Domino
1355 3332 1500 3389 credendo
1514 3333 1691 3391 metuebant.
1709 3333 1790 3392 Unde
1804 3335 1832 3388 et
1848 3335 1913 3387 retu-

251 3430 454 3499 habilaculum,
474 3434 503 3486 et
523 3431 600 3485 iuter
622 3430 717 3486 omnia
734 3431 832 3503 gloria
849 3432 903 3504 (11)
923 3430 1068 3503 pulchrior
1116 3427 1177 3483 lere
1190 3427 1341 3500 condigna,
1357 3442 1416 3482 uon
1429 3426 1458 3481 in
1471 3430 1619 3498 posterum
1641 3427 1738 3496 tracti,
1757 3443 1814 3483 nou
1832 3425 1915 3481 salutis

250 3523 397 3595 sanguinis
410 3523 507 3579 titulus
521 3525 551 3578 et
563 3522 703 3596 integrior
716 3539 820 3580 corona
831 3523 971 3596 signatur.
1117 3525 1230 3578 eternae
1243 3521 1362 3594 premio
1371 3522 1515 3576 reservati.
1531 3520 1629 3576 Fidem
1639 3521 1754 3577 illorum
1765 3523 1835 3578 haus
1847 3517 1914 3583 vidit,

288 3619 319 3672 ll.
340 3617 394 3685 Sic,
422 3617 534 3688 quoties
563 3616 599 3671 de
624 3617 704 3672 hoste
726 3617 944 3689 triumphalibus
973 3617 1068 3691 spoliis
1117 3619 1149 3671 ut
1161 3615 1239 3688 quod
1251 3614 1303 3670 sihi
1317 3619 1379 3686 post
1391 3614 1498 3670 exitum
1519 3614 1715 3685 promiserant
1727 3615 1822 3670 videre
1840 3627 1916 3667 mere·

252 3717 370 3766 onustus
390 3709 470 3765 miles
491 3708 660 3781 ingreditur,
682 3709 846 3766 uulneribus
868 3711 927 3766 suis
952 3711 1066 3783 gaudet.
1117 3713 1216 3764 rentur
1230 3708 1260 3763 iu
1274 3709 1465 3780 corporeitas
1479 3706 1917 3778 enimpoteritcestimariquanta

252 3804 306 3871 Sic,
326 3803 437 3876 quoties
454 3803 672 3874 tempestatibus
690 3801 740 3858 diu
762 3805 849 3858 nauta
867 3804 1004 3876 fatigatus
1023 3805 1068 3862 lit·
1117 3803 1146 3858 in
1169 3802 1303 3874 praesenti
1326 3800 1513 3856 tribulatione
1539 3801 1576 3855 sit
1602 3802 1760 3872 merces¹⁹,
1784 3799 1808 3855 si
1825 3796 1918 3854 sevitia

252 3901 318 3952 tora
333 3900 394 3952 luta
416 3896 576 3968 contigerit,
598 3894 766 3952 felicitatem
786 3913 867 3952 suam
883 3897 917 3953 de
935 3912 1067 3970 perpesso
1117 3895 1202 3968 iugit,
1225 3895 1249 3950 si
1274 3893 1357 3950 cessit
1379 3892 1498 3948 flamma
1513 3895 1547 3949 ³⁰.
1575 3895 1641 3948 Erat
1666 3895 1747 3950 enim
1770 3909 1827 3949 una
1848 3905 1917 3946 mens

251 3991 379 4064 periculo
391 3990 477 4046 ducit.
493 3991 541 4046 Est
556 3989 633 4046 enim
653 3989 790 4062 proiecto,
805 3990 860 4046 nisi
872 3989 963 4060 iallor,
988 3991 1069 4047 labor
1118 3988 1260 4056 omnihus,
1283 4003 1370 4060 quam
1395 4002 1448 4042 nec
1470 3985 1602 4042 violentia
1627 3987 1786 4059 frangeret,
1815 4001 1864 4041 uec
1884 3983 1919 4038 ira

252 4086 334 4141 lictus
355 4100 407 4156 per
429 4083 526 4158 793
539 4100 625 4156 quem
645 4085 782 4140 securitas
802 4084 956 4141 invenitur.
978 4087 1069 4157 igitur
1118 4082 1304 4148 subverteret,
1318 4095 1370 4136 nec
1383 4097 1400 4134 a
1412 4079 1570 4135 devotionis
1584 4079 1681 4153 794
1696 4080 1832 4153 obsequio
1847 4077 1920 4132 timor

252 4177 403 4234 toleranda
415 4183 481 4232 sunl
493 4177 598 4244 omnia,
610 4176 746 4248 patienda
760 4181 861 4233 cuncta
870 4195 922 4234 nec
933 4184 1069 4252 appeten·
1117 4175 1216 4232 mortis
1230 4174 1383 4230 inhiberet.
1397 4173 1477 4228 Unde
1496 4189 1547 4244 per
1560 4176 1685 4244 gratiam
1701 4173 1813 4230 Domini
1825 4172 1919 4228 lactum

253 4271 322 4326 dum
339 4270 484 4342 quomodo
501 4269 580 4325 brevi
594 4269 730 4340 gaudeas,
745 4272 875 4342 tempore
888 4276 915 4326 et
928 4276 1067 4345 perpetuo
1118 4273 1160 4325 est
1174 4273 1207 4324 ut
1219 4266 1297 4324 sicin
1311 4267 1368 4322 illis
1380 4283 1428 4321 res
1452 4265 1547 4337 potius
1566 4266 1713 4322 uideretur
1731 4267 1845 4341 punitus
1857 4277 1917 4329 esse,

254 4363 383 4436 puniaris
398 4362 509 4419 ardore.
528 4362 687 4418 Meminisse
708 4361 786 4420 euim
801 4363 886 4420 debes
900 4366 977 4422 velut
998 4383 1066 4439 qua·
1119 4362 1189 4420 dum
1201 4360 1326 4417 eradunt
1338 4375 1411 4432 quos
1424 4375 1454 4414 se
1465 4358 1622 4416 crediderat
1634 4361 1766 4416 occidere
1776 4359 1839 4432 (td).

251 4457 316 4511 dum
330 4459 359 4511 te
374 4455 489 4511 foederis
514 4456 644 4527 pactione
671 4457 866 4525 constrictum,
889 4475 925 4513 ex
941 4471 998 4531 qua
1017 4465 1066 4516 ant
1153 4457 1221 4512 lllll.
1235 4455 1315 4510 Nunc
1324 4453 1385 4524 jam
1400 4452 1437 4508 ad
1453 4468 1519 4508 cam
1536 4467 1610 4520 rem,
1630 4452 1735 4509 iratres
1759 4446 1915 4514 charissimi,

253 4549 437 4622 capessendae
460 4551 557 4605 salutis
580 4549 616 4605 sit
635 4549 713 4622 justa
737 4549 873 4622 conditio,
900 4555 950 4607 aut
974 4536 1104 4626 poenaeD
1115 4549 1230 4605 veniam
1245 4563 1348 4619 exque
1362 4543 1513 4602 ostendere
1526 4546 1594 4602 satis
1608 4547 1718 4618 possim
1733 4553 1838 4619 quauta
1851 4557 1917 4598 mar-

251 4644 355 4700 marita
387 4642 617 4713 formidolositas,
651 4643 727 4701 inter
756 4644 874 4700 adversa
900 4645 1007 4717 pariter
1033 4663 1066 4702 ac
1116 4643 1182 4718 tyrii
1205 4641 1294 4698 uirtus
1316 4639 1472 4708 habeatur;
1498 4655 1562 4711 qua
1589 4641 1705 4696 tametsi
1733 4639 1863 4696 omnibns
1883 4637 1919 4691 est

936 4779 1042 4846 Varia
1071 4781 1240 4847 lectiones.

283 4903 303 4931 ¹³
316 4899 415 4951 Exitus
427 4901 549 4964 corporis
558 4899 607 4952 diu
622 4903 731 4954 tractati
745 4903 816 4954 dom.
834 4901 908 4952 litor.
948 4903 969 4935 ¹⁴
984 4902 1063 4954 Unde
1077 4900 1218 4966 possimus
1232 4899 1301 4950 mm.
1316 4897 1393 4950 ditor.
1411 4900 1465 4948 din.
1512 4896 1547 4948 Ut
1560 4896 1699 4960 possimus
1713 4897 1793 4947 oxon.
1837 4897 1857 4928 ¹⁵
1868 4891 1915 4943 Diu

252 4971 399 5026 fefellerint
416 4973 469 5022 diri.
487 4971 510 5006 ¹⁸
525 4973 628 5023 Naccat
641 4973 804 5024 tumidior.
816 4975 868 5026 NG.
885 4975 907 5024 1.
924 4972 946 5008 ¹⁷
958 4974 1010 5026 Per
1021 4973 1204 5024 substantiam
1213 4968 1279 5020 fidel
1290 4970 1360 5019 Lam.
1373 4968 1447 5018 liter.
1467 4967 1524 5017 Liri.
1539 4966 1594 5022 NG.
1609 4966 1631 5015 l.
1650 4965 1758 5030 ”Quos
1770 4967 1836 5018 dum.
1847 4963 1916 5040 litor.

252 5041 305 5090 tie.
324 5043 415 5092 Nc.t.
454 5040 475 5075 ⁹
492 5042 623 5092 Praesenti
639 5043 816 5095 tribulatione
831 5046 899 5095 dom.
915 5044 990 5094 dior.
1006 5047 1060 5098 NG.
1084 5045 1107 5095 1.
1170 5042 1201 5092 ln
1215 5039 1345 5104 praesenti
1358 5038 1459 5090 tributa
1469 5037 1505 5088 sit
1518 5049 1625 5089 merces
1634 5037 1719 5092 ,Oeam
1768 5030 1917 5088 ¹‘Consedit

250 5109 321 5160 tum.
334 5111 414 5162 Ebur.
428 5115 482 5165 NG·
498 5113 521 5164 l.
540 5111 569 5165 Si
581 5114 689 5164 saevitia
701 5115 754 5165 mit
770 5116 868 5176 cessit;
883 5116 906 5166 ai
918 5115 1030 5166 flamma
1044 5111 1169 5166 constitit
1185 5111 1263 5161 Ocea.

900 5232 1012 5315 Steph.
1032 5230 1156 5296 baluzii
1177 5231 1275 5294 notae.

285 5359 331 5424 (18)
343 5362 428 5414 Nouos
444 5363 540 5417 scitus.
553 5365 616 5417 Duo
637 5364 703 5416 libri
724 5367 831 5417 sclarea
852 5369 880 5418 et
899 5367 985 5420 editio
1003 5367 1062 5419 ido·
1143 5361 1195 5428 (11)
1216 5363 1288 5414 later
1308 5359 1400 5412 omnia
1422 5359 1523 5424 perse.
1547 5357 1643 5411 Codex
1668 5358 1758 5411 sancti
1782 5353 1915 5422 ernulpho

252 5433 322 5491 relli,
334 5432 420 5484 accitas
433 5433 548 5487 diversos
561 5435 637 5500 iactis
651 5436 858 5489 circuientibus.
1112 5435 1182 5486 iuter
1194 5433 1283 5486 omniu
1295 5431 1454 5498 gloriarum.
1470 5429 1517 5483 Sic
1529 5431 1614 5482 etiam
1627 5429 1772 5494 Thuanns,
1787 5429 1839 5480 nial
1850 5423 1914 5492 qnod

284 5505 332 5564 (19)
359 5503 422 5554 sues
448 5505 532 5570 coepit.
560 5507 592 5558 ln
625 5503 794 5572 quibusdem
819 5507 897 5561 libris
922 5509 1063 5562 veteribus
1112 5505 1337 5558 hebetomoium.

250 5575 384 5637 scriptum
397 5577 437 5626 est
450 5577 563 5641 caeperit.
576 5577 699 5643 Respicit
710 5581 803 5630 autem
812 5583 911 5631 auctor
930 5580 965 5631 ad
988 5581 1063 5631 luem
1145 5578 1194 5642 (11)
1224 5575 1365 5627 Dominicis
1388 5575 1528 5640 poscaenia.
1566 5573 1653 5626 iidem
1677 5573 1789 5625 cedices
1812 5571 1913 5635 proriis·

251 5650 278 5698 et
294 5649 401 5710 pestem
418 5661 481 5713 quae
497 5652 563 5700 tunc
579 5649 691 5714 depasta
706 5651 747 5702 est
767 5650 872 5713 orbem,
888 5653 968 5715 cujus
980 5665 1063 5702 occa·
1112 5649 1206 5700 sionis.
1897 5709 1901 5720 ,

250 5716 329 5768 sione
342 5715 500 5782 Cyprianus
512 5719 621 5783 scripsit
634 5720 737 5771 librum
749 5720 781 5770 dc
794 5721 972 5773 mortalitate.
1146 5719 1193 5783 (13)
1216 5717 1343 5770 Occidere.
1368 5717 1456 5770 Iidem
1477 5715 1588 5771 codices
1609 5719 1638 5770 et
1659 5715 1773 5784 quidam
1794 5715 1839 5768 alil
1854 5723 1911 5764 occi·

248 5785 329 5910 ⁸¹30)
346 5787 488 5841 Statilium.
505 5789 600 5843 Codex
615 5792 704 5842 sancti
723 5791 862 5857 Arnulphi
876 5796 903 5844 et
927 5792 1062 5844 Thuanus
1115 5789 1191 5842 diras.

289 5889 290 5894 κ
303 5871 329 5908 a.
