4076 6190
39 355 40 360 ,
105 307 133 364 tt
863 300 1052 364 PEAEFATIO.
1747 305 1788 369 41

39 458 40 504 ι
105 433 198 487 mento
209 429 381 486 nascantur?
395 451 409 481 ιι
426 427 501 495 Quid
514 423 591 486 aliud
604 447 666 486 esse
680 431 776 504 potest
792 433 945 503 utrumqne
961 431 1030 486 illud
1046 433 1269 500 sacramentum,
1284 431 1338 489 nisi
1355 429 1512 506 Baptismus
1526 437 1555 490 et
1573 433 1786 496 confirmatior

106 523 163 575 bec
178 519 330 574 difficultas
347 519 415 574 solvi
431 525 524 591 potest
541 537 548 574 :
568 519 755 593 nequeenim
774 523 917 592 repugnat
929 526 962 575 ut
975 519 1143 592 Cyprianus,
1157 535 1227 575 ansa
1241 520 1276 576 ab
1293 521 1461 578 adversariis
1474 529 1601 594 accepta,
1621 541 1783 582 sacramen-

105 615 160 664 turn
174 609 402 664 Confirmationis
420 609 584 665 iterandum
597 625 658 665 esse
672 609 863 676 concluderet,
880 608 1011 680 quamvis
1026 608 1096 664 illud
1111 609 1146 664 ab
1161 609 1331 666 adversariis
1345 611 1439 667 iterari
1458 613 1576 670 minime
1591 615 1783 687 suspicaretur

39 693 40 712 ¹
105 705 210 754 amotus
223 699 387 769 Stephanus
400 703 430 754 et
445 697 494 770 qui
509 697 544 753 ab
567 697 615 752 illo
630 698 753 762 stabant,
773 697 825 752 etsi
840 697 980 770 baptisma
999 698 1200 754 hereticorum
1217 705 1309 756 ratum
1333 699 1492 770 habebant,
1508 701 1673 759 latabantur
1688 709 1785 762 temen

104 787 234 858 Spiritum
243 791 376 842 sanctum
389 786 419 840 in
432 785 575 857 ejusmodi
585 785 729 859 4142
741 785 883 858 baptismo
893 802 951 842 non
961 788 1104 858 conferri;
1119 805 1151 843 ac
1160 789 1281 862 proinde
1292 789 1479 846 redeuntibus
1492 790 1528 846 ab
1541 792 1644 849 heresi
1657 810 1784 852 neccssa-

103 877 174 931 rium
187 892 249 931 esse
270 875 347 931 aliud
363 877 586 944 sacramentum,
602 881 632 930 ut
647 873 785 947 Spiritum
800 873 929 932 sanctum
944 876 1115 948 acciperent,
1132 895 1219 951 quem
1234 879 1265 935 in
1279 880 1380 936 haeresi
1395 881 1529 952 consequi
1545 898 1603 937 non
1616 887 1780 954 potuerant.

39 953 40 968 ³
104 967 155 1020 boc
168 971 266 1020 autern
281 965 489 1019 sacramentum
504 968 565 1018 erat
575 979 678 1019 manus
691 963 837 1036 impositio
849 965 878 1020 in
892 965 1104 1037 poenitentiam,
1120 969 1179 1024 sire
1190 974 1401 1025 sacramentum
1414 969 1603 1040 Paenitentia,
1620 972 1695 1042 quod
1710 975 1781 1030 teste

39 1055 40 1064 ’
104 1061 250 1133 Cypriano,
270 1061 406 1132 Spintum
427 1061 560 1114 sanctum
582 1058 786 1132 poenitentibus
808 1061 928 1116 conlert.
956 1064 1018 1118 Non
1040 1063 1115 1118 inter
1137 1059 1206 1115 alias
1228 1075 1326 1116 causas
1344 1059 1447 1130 quibus
1466 1058 1606 1115 adductus
1625 1060 1784 1131 Cyprianus

104 1167 197 1222 pacem
210 1147 414 1220 prenitentihus
428 1154 614 1215 concesserat,
633 1150 707 1205 hanc
721 1155 850 1206 recenset
859 1168 867 1220 3
884 1151 962 1223 quod
975 1167 1092 1206 necesse
1107 1165 1167 1206 esse
1183 1146 1296 1204 duxerit
1309 1147 1480 1220 prenitentes
1501 1148 1537 1204 ad
1556 1149 1782 1222 persecutionem

104 1238 293 1294 sustinendam
309 1251 480 1308 praeparare,
496 1239 525 1292 et
544 1237 664 1309 Spiritus
683 1238 773 1294 sancti
795 1238 877 1294 donis
891 1239 1044 1296 instruere.
1068 1261 1082 1290 ιι
1095 1238 1212 1304 Quando
1224 1241 1320 1294 autam
1341 1237 1499 1309 (Dominus)
1522 1237 1607 1306 dicat,
1629 1236 1732 1309 inquit,
1751 1240 1782 1294 in

104 1327 209 1382 traditis
219 1331 307 1398 atque
326 1326 355 1380 in
373 1326 549 1381 malassione
562 1326 687 1381 nominis
702 1327 863 1383 constitutis
875 1328 1008 1400 spiritum
1027 1327 1118 1383 Patris
1136 1328 1225 1400 loqui,
1244 1329 1387 1400 memorio
1405 1332 1500 1398 potest
1518 1329 1554 1384 ad
1573 1331 1780 1388 cenfessionem

104 1419 215 1488 paratus
227 1419 279 1470 aut
288 1415 535 1471 idoneusinreniri
544 1415 594 1486 qui
608 1431 665 1470 non
679 1416 767 1488 prius,
782 1433 850 1488 pace
862 1422 988 1489 accepta,
1001 1417 1142 1485 receperit
1155 1417 1293 1490 Spiritum
1307 1419 1406 1483 Patris,
1421 1418 1480 1490 qui,
1491 1421 1677 1476 corroborans
1687 1439 1783 1478 servos

105 1522 173 1573 suos,
196 1507 257 1577 ipse
276 1505 403 1576 loquitur
421 1509 451 1559 et
470 1503 621 1559 confltetur
643 1505 672 1560 in
692 1505 773 1561 nobis
793 1505 854 1578 (Ep.
874 1508 938 1578 arv).
962 1527 976 1557 ιι
996 1506 1187 1570 Quamobrem
1208 1507 1375 1578 Cyprianus,
1396 1523 1461 1563 cum
1482 1508 1591 1564 videret
1609 1509 1784 1568 adversarios

106 1613 205 1668 negare
218 1613 292 1668 opus
305 1613 365 1652 esse
382 1597 526 1668 baptismo
539 1597 681 1653 hereticis
695 1597 889 1668 redeuntibus,
904 1600 954 1656 sed
967 1603 1080 1654 tantum
1096 1613 1197 1652 manus
1210 1596 1406 1668 impositione,
1422 1601 1453 1653 ut
1466 1598 1630 1670 acciperent
1643 1601 1780 1673 Spiritum

105 1693 237 1755 sanctum,
252 1686 320 1742 inde
333 1701 432 1741 ansam
444 1686 600 1758 arripiebat
613 1686 720 1760 duplex
735 1688 903 1744 sacrementi
916 1703 1007 1759 genus
1022 1687 1164 1744 haereticis
1185 1685 1368 1742 redeuntibus
1381 1703 1453 1758 opus
1466 1703 1525 1744 esse
1545 1690 1692 1758 statueret,
1713 1691 1781 1746 alte·

107 1791 163 1829 rum
177 1775 213 1830 ad
227 1779 410 1847 peccatorum
420 1775 629 1845 remissionem,
642 1777 766 1833 altemm
781 1777 817 1833 ad
837 1777 1037 1850 accipiendum
1050 1777 1186 1849 Spiritum
1201 1780 1340 1831 sanctum.
1357 1775 1387 1830 ln
1410 1792 1466 1848 quo
1480 1777 1596 1848 quidem
1618 1779 1781 1851 generatim

106 1863 271 1935 cyprianum
285 1863 362 1920 inter
372 1869 401 1919 et
413 1864 590 1920 adversarios
605 1865 790 1922 conveniebat
802 1867 994 1922 necessarium
1009 1883 1069 1922 esse
1082 1864 1224 1920 hereticis
1234 1863 1418 1920 redeuntibus
1430 1864 1547 1943 aliquod
1557 1871 1778 1937 sacramentum,

107 1957 134 2006 ut
151 1951 315 2024 acciperent
332 1952 470 2022 Spiritum
492 1957 641 2021 sanctum;
660 1954 710 2009 sed
732 1969 846 2010 neccsse
870 1972 927 2011 non
950 1960 1011 2011 erat
1030 1955 1083 2011 hoc
1103 1959 1316 2010 sacramentum
1339 1952 1509 2009 nominatim
1529 1955 1693 2027 designare.
1717 1955 1779 2012 Non

106 2041 217 2096 absimili
230 2041 318 2096 modo
341 2041 501 2097 Vincentius
521 2041 649 2098 aTiburi
660 2041 691 2096 in
705 2043 824 2100 concilio
837 2043 1068 2115 Carthaginensi,
1085 2042 1237 2100 assentitur
1252 2041 1420 2098 adversariis
1433 2044 1622 2100 necessariam
1636 2061 1697 2100 esse
1715 2061 1775 2102 ma-

107 2149 186 2187 nuum
198 2130 433 2204 impositionem
450 2132 500 2187 sed
519 2147 584 2187 eam
598 2132 682 2188 aliter
695 2149 728 2188 ac
743 2133 783 2189 illi
802 2134 1008 2206 interpretatur
1023 2151 1029 2190 :
1046 2153 1060 2184 ιι
1076 2129 1227 2189 llaereticos
1241 2127 1356 2194 scimus,
1370 2127 1473 2199 inquit,
1488 2129 1599 2201 pejores
1613 2145 1673 2185 esse
1692 2145 1780 2201 quam

107 2221 265 2277 ethnicos...
279 2221 354 2292 Ergo
375 2220 468 2292 primo
490 2235 542 2292 per
564 2237 664 2276 manus
678 2221 890 2294 impositionem
907 2223 938 2278 in
967 2223 1137 2289 exorcismo,
1160 2217 1284 2275 secundo
1303 2233 1354 2288 per
1374 2216 1511 2288 baptismi
1534 2219 1780 2290 regenerationem

107 2315 167 2366 tunc
179 2313 303 2383 possrmt
315 2309 351 2364 ad
365 2310 470 2367 Christi
482 2308 719 2382 pollicitationem
734 2313 842 2368 venire.
857 2330 870 2362 ιι
884 2311 1046 2368 assentitur
1057 2308 1223 2367 adversariis
1236 2305 1400 2362 Vincentius
1413 2305 1447 2362 de
1463 2321 1565 2362 manus
1578 2305 1758 2379 impositione
1773 2327 1783 2378 ;

109 2398 151 2454 scd
171 2399 210 2453 illi
232 2414 335 2454 manus
355 2397 569 2470 impositionem
589 2394 836 2470 inpoenitentium
858 2398 1067 2471 intelligebant,
1092 2399 1145 2454 ista
1165 2399 1195 2453 in
1220 2395 1387 2452 exorcismo.
1410 2393 1524 2450 Minime
1543 2411 1614 2468 ergo
1630 2395 1736 2452 mirum
1757 2397 1781 2452 si

108 2487 239 2558 Cypriane
255 2503 321 2544 cum
338 2487 505 2544 adversariis
515 2488 648 2544 convenit
660 2489 695 2544 de
709 2493 889 2544 sacramento
905 2487 942 2543 ad
952 2489 1088 2560 Spiritum
1103 2492 1236 2544 sanctum
1250 2483 1454 2541 conferendum
1467 2485 1639 2555 necessario,
1650 2487 1782 2559 quamvis

108 2578 212 2649 utrique
227 2578 298 2633 illud
311 2579 524 2632 sacramentum
538 2577 620 2632 aliter
632 2577 872 2648 interpretentur.

140 2669 177 2722 Ex
197 2667 240 2722 his
262 2672 359 2722 antem
380 2666 550 2738 perspicitur
573 2667 824 2723 Confirmationem
846 2684 959 2740 semper
980 2667 1010 2724 in
1033 2666 1155 2724 Ecclesia
1179 2664 1345 2721 distinctum
1365 2679 1381 2717 a
1401 2663 1542 2734 baptismo
1568 2671 1780 2722 sacramentum

109 2755 196 2810 inisse.
219 2757 378 2828 Utrumque
398 2762 515 2811 vocatur
534 2759 742 2812 sacramentum
765 2762 794 2812 et
814 2757 939 2813 diversos
959 2759 1076 2813 sortitur
1097 2756 1235 2811 effectus:
1259 2753 1310 2810 etsi
1334 2752 1412 2808 enim
1434 2753 1463 2808 in
1480 2753 1626 2824 baptismo
1643 2753 1783 2828 accipitur

112 2843 221 2915 Spiritus
232 2851 357 2915 sanctus,
374 2847 406 2900 ut
426 2847 468 2901 tot
487 2844 554 2901 locis
576 2845 733 2918 Cyprianus
752 2847 893 2916 observat,
910 2851 1007 2902 tamen
1026 2845 1171 2919 praecipue
1190 2841 1405 2899 Confirmationi
1425 2841 1601 2912 attribuitur,
1620 2859 1685 2915 qun
1702 2845 1781 2900 novis

112 2933 236 3003 presidiis
258 2937 289 2990 at
309 2934 431 3006 Spiritus
452 2935 540 2989 sancti
565 2934 647 2991 donis
669 2934 800 2991 corrobat
820 2951 868 2990 eos
890 2936 939 3007 qui
956 2935 1019 3007 jam
1040 2935 1069 2989 in
1094 2933 1238 3006 baptismo
1259 2931 1401 2987 Christum
1421 2929 1586 2986 induerunt.
1611 2932 1681 2988 llinc
1705 2933 1781 2990 idem

109 3020 263 3094 Cyprianus,
287 3039 353 3078 cum
375 3023 402 3079 ei
425 3022 597 3095 objiceretur
613 3045 627 3074 ιι
650 3022 691 3079 eis
705 3023 797 3097 quiin
818 3023 947 3080 Samaria
961 3023 1094 3096 baptizati
1115 3024 1238 3090 fuerant,
1257 3019 1474 3077 advenientibus
1494 3018 1626 3090 apostolis
1648 3021 1732 3077 Petro
1754 3029 1784 3079 et

108 3110 218 3181 toanne,
242 3116 355 3168 tantum
372 3128 491 3168 manum
509 3111 673 3185 impositam
690 3127 764 3181 csse,
779 3116 812 3168 ut
826 3113 987 3183 acciperent
1006 3112 1144 3184 Spiritum
1166 3112 1317 3178 sanctum;
1340 3107 1378 3164 sic
1392 3107 1544 3178 respondet
1556 3108 1586 3162 in
1614 3109 1734 3181 Epistola
1747 3111 1785 3168 od

108 3201 285 3257 scamnum:
302 3223 316 3252 ιι
329 3204 363 3258 Et
372 3201 485 3270 idcirco,
501 3201 593 3274 inquit
604 3203 612 3269 t
614 3217 681 3273 pag.
693 3205 764 3270 1321,
780 3201 847 3274 quia
860 3201 1022 3273 legitimum
1036 3206 1065 3258 st
1078 3199 1299 3257 ecclesiasticum
1310 3196 1488 3269 Baptismum
1498 3197 1643 3254 consecuti
1655 3198 1782 3270 fucrant,

109 3287 235 3361 baptisari
246 3307 297 3346 eos
315 3291 391 3346 ultra
404 3307 465 3347 non
484 3290 645 3363 oportebat,
659 3291 708 3348 sed
724 3289 927 3347 tantummodo
940 3290 1018 3362 quod
1035 3291 1133 3348 deerat
1148 3289 1204 3345 ida
1218 3289 1302 3343 Patro
1315 3291 1343 3342 at
1356 3287 1465 3342 loanne
1481 3285 1653 3355 factumest,
1669 3291 1700 3343 ut
1717 3303 1781 3344 ora-

108 3377 178 3434 tione
190 3395 243 3451 pro
254 3380 297 3435 eis
312 3379 410 3434 habita
419 3385 448 3435 et
462 3395 551 3435 manu
565 3379 696 3450 imposita
708 3380 889 3436 invocaretur
902 3385 930 3436 et
943 3379 1144 3436 infunderetur
1167 3393 1254 3451 super
1268 3392 1317 3432 ecs
1329 3375 1450 3448 Spiritus
1471 3379 1594 3430 sanctus.
1607 3376 1687 3440 Quod
1705 3393 1783 3434 nunc

108 3483 211 3539 qnoque
226 3468 258 3522 in
274 3467 395 3525 Ecclesia
407 3468 525 3538 geritur,
541 3468 631 3539 utqui
643 3467 674 3524 in
685 3468 808 3525 Ecclesia
820 3467 1015 3541 baptizantur,
1036 3469 1197 3542 praepositis
1212 3467 1345 3525 Ecclesia
1361 3465 1528 3535 offerantur,
1545 3467 1575 3520 et
1587 3481 1638 3538 per
1655 3471 1782 3524 nostram

108 3556 258 3613 orationem
267 3573 301 3612 ac
312 3571 413 3612 manus
422 3555 617 3628 impositiones
626 3555 765 3628 Spiritum
775 3564 907 3614 sanctum
915 3565 1134 3632 consequantur,
1148 3560 1178 3614 et
1186 3555 1333 3629 signaculo
1349 3553 1496 3611 [lominica
1507 3557 1753 3614 consummentur.
1766 3579 1780 3608 ιι

106 3644 167 3708 buis
186 3661 221 3701 ex
236 3645 284 3702 his
303 3662 361 3702 non
381 3645 533 3718 perspiciat
552 3645 678 3704 Conllrm
686 3645 813 3701 ationem
827 3663 885 3702 non
904 3663 964 3704 esse
983 3646 1206 3720 appendiculam
1225 3643 1379 3718 quamdam
1402 3642 1548 3714 baptismi,
1569 3643 1619 3699 scd
1638 3659 1736 3702 verum
1755 3651 1784 3702 et

106 3731 267 3789 distinctum
281 3751 297 3789 a
316 3735 461 3806 baptismo
475 3736 703 3802 sacramentum,
723 3735 800 3807 quod
814 3752 831 3791 a
845 3734 973 3792 diaconis
992 3736 1109 3792 omnino
1126 3733 1322 3790 administrari
1337 3749 1395 3788 non
1408 3731 1509 3800 possit,
1529 3731 1661 3805 quodque
1676 3748 1735 3788 non
1746 3733 1782 3790 ad

107 3823 241 3879 exteriora
253 3826 366 3879 tantum
380 3825 453 3880 dona
465 3825 615 3896 pertineat,
635 3823 686 3879 sed
698 3824 824 3881 maxime
836 3825 873 3882 sd
885 3824 1027 3896 agendam
1041 3828 1071 3881 et
1084 3824 1225 3880 intentius
1238 3821 1427 3878 roborandam
1441 3820 1580 3892 baptismi
1592 3819 1725 3892 gratiam,
1741 3820 1782 3878 ita

105 3915 134 3966 ut
145 3916 265 3985 unoque
280 3915 457 3968 sacramento
477 3912 589 3968 renasci
604 3912 743 3969 dicamur.
764 3914 857 3985 Atque
874 3912 904 3968 id
920 3912 1036 3984 quidem
1051 3913 1171 3969 mirilloe
1191 3911 1363 3969 confirmant
1381 3909 1539 3982 Qprianus
1562 3914 1591 3964 et
1611 3909 1659 3964 alii
1679 3909 1782 3968 since

106 3999 223 4072 episcopi
238 3999 269 4054 in
281 4000 400 4072 epistola
412 3999 449 4055 ad
461 4001 600 4056 Numidas
613 4018 620 4056 ε
636 4022 651 4052 ιι
662 4001 737 4074 Ungi
753 4017 868 4075 qnoque
882 4016 997 4058 nemeae
1010 4003 1064 4069 est,
1080 4000 1225 4074 inquiunt,
1241 4016 1307 4056 eum
1320 3999 1369 4072 qui
1381 3999 1541 4071 baptizatus
1550 3999 1596 4068 sit,
1609 4005 1652 4070 ut,
1666 4009 1782 4076 accepto

107 4087 263 4158 chrismate,
278 4087 309 4144 id
324 4094 367 4144 est
382 4087 526 4158 unctione,
542 4105 603 4145 ease
614 4093 716 4146 unctus
731 4089 780 4146 bei
793 4094 822 4147 et
833 4090 940 4146 habere
953 4089 984 4146 in
997 4107 1027 4146 ae
1040 4091 1161 4163 gratiam
1176 4091 1279 4146 Christi
1295 4090 1391 4162 possit.
1408 4110 1423 4142 ιι
1436 4090 1503 4154 Quae
1518 4096 1678 4162 sequuntur
1690 4093 1783 4148 obiter

105 4178 236 4248 explicare
249 4178 384 4234 conabor.
402 4200 417 4228 ιι
435 4181 522 4235 Porro
536 4186 632 4236 autem
653 4181 827 4238 Euchanstia
846 4186 898 4246 est,
912 4203 927 4232 ιι
944 4180 1079 4254 inquiunt
1096 4181 1185 4238 iidem
1208 4181 1343 4254 episcopi,
1360 4203 1374 4232 ιι
1388 4180 1465 4237 uude
1484 4179 1619 4253 baptizati
1635 4187 1783 4254 unguntur

107 4267 161 4322 oleo
170 4269 200 4324 in
209 4267 293 4323 altari
309 4267 494 4324 sanctificato.
505 4269 685 4326 sanctificare
698 4275 793 4328 autem
808 4287 865 4327 non
879 4271 971 4343 potuit
981 4269 1037 4326 olei
1046 4273 1209 4328 ereaturam
1219 4271 1268 4344 qui
1279 4286 1331 4326 nec
1344 4270 1434 4326 altare
1448 4269 1549 4326 habuit
1560 4285 1612 4326 nec
1625 4271 1781 4328 ecelesiam.

107 4353 179 4411 L'nde
194 4373 248 4412 nec
263 4355 359 4411 unctio
374 4357 508 4429 spiritalis
526 4357 602 4430 apud
618 4358 765 4415 hereticos
787 4364 962 4430 potestesse,
979 4357 1094 4430 quaudo
1108 4363 1219 4415 constet
1231 4359 1327 4415 oleum
1341 4357 1513 4414 sanctificari
1531 4363 1561 4414 et
1574 4358 1782 4420 Eucharistiam

106 4443 162 4500 fleri
182 4444 260 4518 apud
279 4444 344 4500 illos
359 4445 478 4502 omnino
497 4463 555 4502 non
568 4462 660 4518 posse.
680 4469 695 4499 ιι
716 4447 830 4520 Optime
846 4448 921 4503 hunc
936 4448 1029 4503 locum
1043 4448 1207 4504 emendavit
1220 4447 1356 4519 baluzius,
1377 4463 1427 4520 pro
1445 4463 1479 4502 eo
1499 4447 1576 4519 quod
1589 4447 1781 4520 legebaturin

39 4570 40 4589 ι
107 4531 226 4606 antiquis
238 4531 422 4602 editionibus,
437 4553 452 4584 ιι
465 4534 642 4592 Eucharistia
653 4539 682 4592 et
694 4535 768 4592 unde
781 4535 917 4609 baptizati
932 4539 1079 4610 unguntur
1094 4537 1189 4594 oleum
1199 4537 1228 4594 in
1244 4538 1324 4593 altari
1337 4535 1538 4593 sanctificetur.
1552 4557 1566 4588 ιι
1583 4537 1670 4592 Porro
1684 4553 1741 4592 non
1751 4537 1781 4593 id

105 4619 166 4677 dicit
182 4622 340 4696 Cyprianus
356 4621 434 4694 quod
454 4622 489 4679 ab
508 4639 543 4680 ao
564 4640 616 4696 per
636 4624 836 4698 metaphoram
851 4625 959 4682 dictum
974 4625 1140 4682 existimant
1158 4625 1298 4698 bigaltius
1319 4629 1348 4682 et
1369 4625 1470 4696 bellus,
1494 4624 1700 4682 Eucharistiam
1719 4640 1780 4683 esse

106 4711 194 4768 oleum
210 4727 267 4784 quo
277 4717 435 4784 unguntur,
447 4713 497 4769 sed
506 4713 603 4786 potius
614 4714 822 4770 Eucharistlam
832 4730 892 4770 esse
905 4713 933 4770 id
944 4714 1020 4770 unde
1031 4714 1129 4770 oleum
1141 4730 1198 4786 quo
1211 4713 1347 4786 baptizati
1355 4719 1514 4785 unguntur,
1524 4712 1780 4770 sanctificationem

105 4798 232 4870 deducit;
246 4801 315 4874 qrris
329 4800 460 4858 videlicet
473 4801 569 4858 oleum
581 4803 611 4858 in
625 4802 706 4859 altari
723 4801 955 4860 sanctificabatur
966 4801 1036 4859 inter
1054 4803 1130 4876 ipsas
1144 4803 1273 4860 sacrificii
1283 4818 1390 4874 preces.

105 4995 166 5056 tllt.
186 5028 224 5043 -
242 5013 414 5062 mnemia
432 5015 631 5062 accuremus
657 5017 691 5060 ar
709 5015 835 5060 creamur
852 5015 1019 5062 rmrruonns
1045 5017 1222 5062 parmenus.
1246 5033 1272 5046 -
1302 5015 1377 5067 cusu
1397 5015 1582 5063 errassemus
1599 5015 1780 5084 subruamur,

249 5105 324 5154 onan
342 5107 443 5150 mucra
466 5108 659 5150 marmarium
676 5109 810 5152 voaorsn
828 5109 1001 5152 osrsumrna.
1021 5125 1056 5137 -
1075 5111 1216 5154 scurnum
1240 5109 1327 5151 scaros
1346 5107 1424 5152 ascri
1442 5109 1631 5154 cressoneres.

39 5225 40 5292 ἶ
136 5235 208 5293 lllnd
225 5238 314 5296 etiam
335 5255 368 5296 ex
386 5232 560 5298 testimoniis
577 5241 669 5298 allatis
691 5241 772 5298 facilc
792 5239 964 5314 perspicitur
980 5242 1184 5299 Paenitentiam
1201 5242 1277 5300 inter
1297 5240 1429 5298 Ecclesia
1447 5242 1628 5297 sacramenta
1645 5253 1780 5300 numera·

39 5357 40 5362 ι
106 5327 157 5380 tam
175 5321 272 5396 luisse,
289 5327 312 5383 si
331 5325 449 5400 quidem
464 5332 637 5403 generatim,
658 5336 689 5389 ut
707 5333 841 5402 diximus,
861 5333 937 5390 inter
955 5335 1130 5406 Cyprianum
1150 5331 1268 5404 ejusque
1283 5330 1459 5387 adversarios
1477 5329 1666 5387 conveniebat
1684 5333 1778 5389 Pteni-

105 5412 219 5472 tentiam
234 5415 265 5472 et
277 5409 530 5476 Confirmationem
544 5435 606 5476 esse
619 5427 794 5478 sacramenta
812 5423 907 5479 :unde
920 5423 1065 5496 conceptis
1078 5423 1173 5480 verbis
1186 5420 1312 5477 declarat
1320 5419 1487 5491 Cyprianus,
1501 5424 1534 5476 ut
1546 5418 1634 5475 modo
1648 5418 1782 5492 vidimus,

106 5499 240 5574 Spiritum
254 5499 347 5560 Patris
360 5501 390 5560 in
404 5506 581 5566 Paenitentioe
596 5516 777 5570 sacramento
795 5513 906 5570 donari.
930 5516 966 5572 tit
977 5515 1154 5588 baptismum
1167 5507 1398 5576 catechumenis,
1413 5507 1453 5562 sic
1466 5507 1554 5579 lapsis
1569 5507 1779 5566 absolutionem

106 5589 131 5644 ct
141 5608 240 5662 pacem
253 5592 445 5650 necessariam
458 5587 607 5667 judicabat
621 5601 779 5675 Cyprianus
794 5620 801 5656 ι
823 5618 902 5673 narn,
916 5618 982 5659 cum
998 5603 1091 5660 latens
1103 5601 1135 5656 ln
1155 5613 1264 5655 seoesm
1285 5595 1394 5652 rideret
1406 5611 1436 5651 se
1451 5610 1511 5651 non
1527 5599 1587 5653 tam
1601 5595 1657 5654 cito
1669 5598 1779 5654 reditu-

106 5692 165 5734 rum
180 5681 279 5752 etjam
293 5681 423 5740 aestatem
436 5685 564 5758 cepisse,
585 5689 660 5762 quod
673 5695 785 5764 tempus
799 5690 1011 5748 infirmitatibus
1024 5689 1144 5748 assiduis
1156 5691 1185 5743 et
1205 5683 1336 5758 gravibm
1348 5683 1510 5752 infestatur,
1524 5686 1585 5740 um
1599 5685 1781 5744 audientibus

108 5781 191 5838 mam
210 5769 295 5842 lapsis
315 5771 524 5842 providendum
547 5775 730 5849 existimarit,
754 5783 786 5836 nt
808 5796 861 5838 nec
875 5780 972 5854 ⁴primi
993 5781 1056 5837 sine
1075 5775 1229 5851 baptismo,
1250 5787 1304 5831 nec
1324 5772 1396 5844 lapsi
1416 5771 1477 5828 sine
1498 5785 1569 5845 pace
1588 5778 1779 5831 morarentur.

107 5853 185 5914 Tanti
196 5857 320 5916 taciehm
335 5859 493 5934 Cyprianus
508 5862 585 5922 banc
603 5865 802 5926 remissionem
822 5867 917 5928 delicti
932 5885 986 5947 per
999 5867 1159 5932 sacerdotes
1175 5865 1281 5921 tactam
1303 5862 1353 5936 (sic
1366 5860 1443 5918 enim
1464 5861 1525 5934 ipse
1541 5861 1666 5934 appellat
1683 5861 1733 5920 lib.
1748 5864 1782 5923 ds

260 5955 467 6030 Peruenit.
1619 5963 1639 6026 2

1018 6073 1023 6140 t
