4080 6200
259 224 261 232 ⁴
326 257 377 314 333
788 256 816 315 S.
838 218 993 319 CYPllthl
1012 215 1149 319 ernnust
1170 262 1255 318 PARS
1274 262 1294 315 l.
1311 290 1345 300 -
1360 259 1541 318 EPlS'l'OLAE.
1819 279 1822 283 ¹
1934 263 1980 317 tte

325 385 515 441 sidereveram
536 390 651 457 possent
671 385 799 457 diligenti
809 388 832 424 ³⁹
847 388 1058 444 examinatione
1078 389 1134 444 dis·
1150 385 1279 474 3331
1307 389 1336 440 et
1355 384 1509 457 augendus
1527 383 1595 456 (3ι(,
1613 383 1672 456 qui,
1696 398 1747 438 nec
1767 377 1921 456 episcopum
1938 403 1982 442 nec

324 481 412 547 cerni,
435 480 624 535 comminatus
643 480 679 534 sit
701 482 787 536 etiarn
810 482 944 537 iratribus
966 483 1070 538 uostris
1090 484 1139 556 qui
1189 480 1340 537 Ecclesiam
1363 480 1500 552 cogitans,
1524 478 1629 550 pariter
1651 495 1680 532 se
1704 494 1767 532 cum
1791 477 1837 532 illo
1858 480 1985 550 conspira-

324 574 409 644 primi
428 574 554 644 expungi
576 578 753 629 accesserant
774 577 826 646 (29)
841 580 985 647 potentatu
1009 577 1138 648 improbe
1188 575 1265 631 tiene
1280 578 1308 630 et
1324 573 1446 629 factione
1466 572 1593 640 sociavit,
1607 572 1631 626 si
1651 571 1726 626 ultra
1740 588 1803 626 curn
1820 588 1852 627 ee
1871 589 1983 643 perseve-

326 669 354 723 et
378 672 486 722 terrore
513 668 638 723 violente
664 670 737 741 qued
762 687 858 725 secum
882 670 912 725 in
934 671 1062 727 mortelo
1085 671 1138 743 (30)
1188 668 1302 736 raverit,
1319 667 1490 723 sententiam
1507 666 1580 721 ierat
1598 682 1686 737 quam
1705 665 1752 720 ille
1773 666 1801 720 iu
1820 682 1849 720 se
1867 666 1986 722 factiosus

323 776 383 816 non
396 762 638 819 communicarent
653 764 703 836 qni
717 764 799 819 nohis
818 764 1015 837 obtemperare
1032 766 1137 821 voluis·
1189 768 1217 818 et
1239 763 1405 818 temerarius
1425 761 1597 833 provocavit.
1618 759 1672 829 Sed
1692 763 1721 815 et
1740 758 1865 832 quisquis
1883 777 1910 816 se
1929 777 1987 816 cen·

323 859 395 914 sent.
1189 856 1335 929 spirationi
1360 859 1389 911 et
1411 855 1528 912 factioni
1549 856 1610 926 ejus
1635 853 1806 925 adjunxerit,
1829 855 1895 910 sciat
1914 872 1940 910 se
1961 855 1986 911 in

355 953 387 1006 H.
402 953 530 1022 Cumque
544 958 606 1024 pest
620 953 680 1007 haec
694 954 801 1022 omnia,
819 970 871 1009 nec
886 954 940 1010 leci
957 955 1014 1009 mei
1027 955 1138 1010 honore
1189 951 1306 1006 ecclesia
1321 950 1467 1005 nobiscum
1488 966 1544 1005 nen
1565 965 1625 1004 csse
1641 948 1925 1016 communicaturum,
1943 950 1987 1021 qui

324 1049 427 1114 metus,
450 1061 504 1101 nec
525 1050 616 1102 restra
641 1048 809 1103 auctoritate
835 1051 864 1102 et
887 1049 1040 1119 praeseutia
1063 1048 1136 1105 irae·
1188 1050 1289 1116 sponte
1320 1044 1422 1101 maluit
1447 1044 1482 1099 ah
1512 1043 1628 1100 ecclesia
1651 1041 1785 1114 separari.
1812 1042 1865 1097 llas
1889 1043 1987 1098 litteras

323 1144 379 1211 tus,
395 1140 528 1196 instinctu
548 1157 599 1197 sue
618 1142 744 1214 quietem
765 1143 886 1197 fratrum
906 1142 1026 1198 turbans
1046 1145 1136 1215 prori-
1189 1155 1269 1194 meas
1287 1139 1424 1194 iratribus
1448 1139 1549 1193 nostris
1571 1139 1667 1210 legite,
1683 1143 1711 1192 et
1731 1136 1923 1208 Carthaginem
1940 1138 1985 1207 (ιι)

325 1234 419 1307 puerit
447 1252 476 1291 se
505 1251 570 1291 cum
598 1235 743 1306 plurimis,
771 1236 870 1291 ducem
897 1252 926 1291 se
953 1237 1083 1293 factionis
1109 1242 1138 1294 et
1187 1232 1223 1288 ad
1243 1233 1351 1289 elerum
1370 1249 1484 1305 queque
1504 1232 1695 1299 transmittite,
1716 1229 1820 1285 additis
1839 1230 1987 1285 nominibus

323 1329 468 1386 seditionis
487 1330 649 1402 principem
670 1330 821 1385 temerarie
842 1331 938 1387 lurore
958 1335 1135 1403 contestans;
1187 1343 1286 1383 eorum
1301 1327 1428 1399 quicum
1443 1326 1614 1382 Felicissimo
1633 1343 1662 1380 se
1675 1326 1842 1397 junxerunt.
1856 1324 1922 1394 Opto
1935 1340 1986 1391 res,

324 1425 353 1479 in
374 1442 430 1497 que
451 1424 568 1496 quidem
591 1425 720 1496 gratuler
742 1425 880 1497 plurimes
902 1426 1006 1481 iratres
1028 1427 1063 1482 ab
1084 1428 1137 1484 hac
1187 1421 1289 1476 iratres
1312 1420 1482 1491 charissimi,
1507 1436 1620 1493 semper
1644 1420 1716 1474 bene
1741 1419 1833 1475 valere
1859 1420 1886 1472 et
1910 1417 1988 1472 uestri

324 1519 439 1574 audacia
465 1518 612 1575 recessisse
639 1523 667 1574 et
693 1519 770 1575 vebis
792 1520 969 1591 acquiescere
994 1522 1134 1593 maluisse,
1188 1515 1362 1572 meminisse·
1379 1516 1482 1570 Valele·

323 1618 353 1668 ut
362 1629 429 1668 eum
443 1613 568 1668 Ecclesia
581 1617 672 1669 matre
684 1619 868 1670 remanerent
882 1617 911 1668 et
923 1615 1064 1686 stipendia
1075 1617 1137 1688 ejus
1413 1638 1571 1694 EplgTOLA
1589 1637 1688 1692 χχχχχ
1710 1635 1775 1707 (33)Ι

322 1707 452 1779 episcopo
470 1707 652 1778 dispensante
667 1707 863 1780 percipereut;
880 1709 955 1780 qumi
972 1710 1088 1780 qnidem
1108 1715 1137 1766 et
1187 1760 1285 1819 ll‘amel
1322 1759 1350 1809 ιιι
1371 1759 1407 1808 alt
1447 1760 1520 1808 lintea
1559 1769 1656 1808 xxxix·
1673 1743 1745 1807 Paris
1782 1756 1978 1806 eximi-oxon.

322 1806 439 1856 caeteros
457 1817 510 1873 pre
532 1806 611 1857 certo
631 1803 687 1856 scie
711 1819 774 1857 curn
800 1819 870 1874 pace
891 1803 1016 1860 facturos
1035 1808 1063 1858 et
1083 1775 1175 1859 citeB
1289 1796 1307 1821 '’
1354 1774 1370 1823 Β
1421 1797 1427 1818 ’
1512 1795 1678 1894 ripamaris
1747 1790 1765 1815 '²
1886 1793 1932 1818 '‘
1982 1790 1990 1814 '

324 1894 469 1950 aberrare
488 1897 640 1952 temerario
658 1913 827 1952 recessuros.
842 1897 968 1968 lnterim,
985 1914 1050 1954 cum
1066 1899 1135 1954 Feli·

339 1988 345 1999 .
380 1989 384 1999 .
573 1990 577 2000 .
702 1989 706 2000 .
965 1993 970 2002 .
1110 1994 1114 2003 .
1206 1960 1341 2012 ceceanu,
1369 1959 1520 2000 nanceium
1545 1959 1576 1998 cr
1601 1957 1768 1998 cnrrnonuu
1797 1956 1921 1996 rrrsrom
1944 1957 1974 1994 ae

322 2004 453 2044 crssrmus
477 1994 670 2045 comminatus·
686 1996 722 2045 ιιι
747 2007 805 2046 ιιοιι
826 1997 1083 2048 communicaturos
1109 2011 1137 2049 m

590 2084 595 2094 .
677 2084 682 2094 .
987 2086 992 2095 ,
1235 2042 1396 2095 urrunnun,
1417 2041 1450 2079 ee
1470 2039 1606 2081 eesrenre
1626 2037 1793 2079 remorssuro
1813 2037 1866 2077 corr
1885 2037 1948 2077 surs.

323 2089 414 2139 morte
433 2099 527 2138 secum
548 2100 596 2156 qur
618 2085 698 2139 nobis
714 2084 969 2156 obtemperassent,
985 2086 1014 2140 ιιι
1032 2088 1137 2159 estqui

322 2176 403 2232 nobis
426 2177 684 2246 communicarent,
709 2178 829 2249 accipiat
855 2180 1025 2234 sententiam
1052 2198 1136 2252 quam

322 2271 401 2343 prior
416 2271 494 2339 dixit,
514 2276 545 2326 ut
565 2273 727 2327 abstentum
748 2288 778 2327 se
795 2288 812 2325 a
829 2273 910 2326 nobis
926 2274 1004 2342 sciat,
1020 2275 1136 2346 quande

322 2367 356 2420 ad
379 2366 493 2420 fraudes
514 2366 575 2436 ejus
597 2367 626 2420 et
644 2366 766 2437 rapinas,
784 2382 853 2438 quas
875 2366 999 2422 dilucida
1019 2368 1136 2423 veritato
1223 2367 1376 2424 Caldenius
1388 2383 1453 2422 cum
1469 2366 1626 2421 herculane
1640 2368 1669 2421 et
1677 2364 1789 2421 Victore
1799 2364 1921 2435 collegis,
1931 2363 1990 2418 item

321 2459 515 2532 cognevimus,
531 2458 663 2515 adulterii
682 2461 769 2515 etiam
790 2459 900 2516 crimen
920 2462 1038 2530 accedit,
1060 2463 1136 2534 qued
1188 2461 1287 2537 332
1300 2461 1458 2533 Regaliano
1471 2477 1536 2514 cum
1551 2458 1703 2515 Numidico
1717 2458 1900 2531 presbyteris.
1913 2457 1993 2511 Absti-

1187 2151 1442 2203 decursurum-
1462 2145 1537 2211 Quod
1552 2145 1674 2213 jusserat
1694 2145 1750 2198 illis
1771 2143 1885 2214 epistole
1901 2157 1989 2212 pracc-

1223 2238 1298 2305 dens,
1311 2239 1454 2307 perficiunt
1470 2235 1628 2301 Culdonius,
1643 2235 1815 2289 decennus
1828 2247 1859 2287 ec
1871 2234 1959 2286 caten:

127 2606 138 2638 Ι,
220 2590 222 2593 -
322 2554 422 2609 iratres
440 2554 531 2609 nestri
551 2570 651 2626 graues
670 2553 719 2609 viri
739 2555 956 2626 deprehendisse
975 2573 1003 2610 sc
1022 2556 1135 2612 norrtia·
1187 2553 1826 2613 uuimusacommunicationeFelicissimum
1846 2555 1990 2622 ellingen-

322 2653 435 2715 verunt,
451 2652 480 2703 et
497 2647 667 2720 probaturos
682 2665 711 2703 se
727 2655 934 2705 asseverarunt.
952 2650 1021 2715 Qua
1041 2651 1137 2706 emnia
1188 2652 1268 2719 dum,
1284 2651 1351 2706 item
1366 2650 1519 2721 llepostum
1536 2648 1572 2702 de
1588 2648 1759 2716 extorribus,
1776 2653 1805 2703 ct
1820 2648 1926 2701 trencin
1940 2646 1990 2699 liu·

323 2746 390 2797 tunc
413 2758 614 2814 cognoscemus
637 2742 799 2814 quandoid
824 2760 915 2799 unum
935 2761 1001 2800 curn
1021 2747 1137 2817 collegis
1188 2746 1315 2812 tilorum,
1337 2748 1365 2799 et
1391 2743 1506 2799 Paulam
1532 2741 1744 2797 sarcinatricem
1770 2740 1842 2812 (Sl);
1865 2738 1937 2812 quod
1961 2752 1990 2790 er

322 2836 451 2907 pluribus
475 2837 659 2908 permittente
683 2837 803 2893 Domine
827 2840 1054 2911 convenerimus.
1080 2840 1138 2896 Sed
1188 2837 1371 2894 adnotatione
1385 2837 1437 2909 (35(
1455 2852 1520 2891 mea
1532 2835 1603 2891 scire
1617 2835 1738 2892 debuisti
1754 2836 1820 2909 (36).
1836 2837 1904 2890 ltem
1918 2831 1994 2886 absti-

1007 2951 1112 3015 llariae
1140 2951 1310 3015 lectiones.

355 3056 375 3091 ³⁹
385 3057 542 3122 Diligentlre
558 3059 657 3109 vestris
668 3055 731 3106 lied-
747 3059 769 3107 l.
803 3059 824 3090 *ι
837 3057 881 3106 Sic
892 3057 951 3109 edd.
966 3062 991 3108 et
1008 3059 1063 3108 Vnt.
1078 3059 1109 3108 ln
1124 3062 1219 3111 mente
1233 3059 1333 3109 Monet.
1345 3058 1435 3109 lieret.
1446 3057 1544 3108 Parcet.
1560 3057 1639 3108 Oeen.
1652 3057 1722 3120 Lapa.

970 3161 1082 3245 Steph.
1106 3163 1230 3227 Baluzii
1251 3169 1351 3227 notae.

351 3272 400 3331 (29)
422 3272 596 3323 Accesserant.
621 3269 717 3322 Codex
740 3272 829 3321 sancti
857 3272 993 3335 Dionysii,
1020 3286 1173 3360 arcesse-C
1186 3273 1220 3324 ad
1243 3286 1327 3338 quem
1347 3274 1392 3323 vel
1411 3272 1445 3323 ed
1471 3285 1541 3338 quos
1563 3273 1667 3336 scripta
1684 3272 1729 3322 sit.
1746 3271 1809 3337 Ege
1830 3283 1884 3321 non
1905 3267 1991 3318 dubito

321 3342 427 3393 bantur.
1187 3346 1255 3411 quin
1288 3345 1325 3394 sit
1356 3343 1483 3396 Caldouli
1519 3343 1662 3395 reddentis
1694 3343 1837 3409 Cypriane
1869 3341 1991 3391 rationem

352 3414 402 3477 (30(
421 3417 452 3464 ln
468 3419 560 3464 morte.
577 3413 617 3463 lta
641 3416 750 3464 veteres
766 3411 837 3464 libri.
864 3414 1015 3475 Manutius,
1037 3416 1137 3467 Merel-
1186 3430 1283 3468 eorum
1295 3429 1359 3482 quae
1371 3414 1406 3467 ab
1426 3429 1458 3467 ee
1474 3420 1501 3466 et
1519 3416 1582 3466 aliis
1603 3416 1714 3466 vicariis
1727 3415 1845 3480 collegis
1857 3414 1913 3464 suis
1925 3414 1991 3476 gesta

321 3486 376 3536 llus
401 3488 429 3537 et
452 3484 590 3536 Pamelius
616 3484 834 3551 malueruntnn
863 3490 958 3536 mente.
982 3488 1024 3537 lta
1052 3489 1136 3538 etiam
1186 3487 1659 3539 inerantadrersusFelicissimum
1679 3488 1811 3538 etsocios
1827 3486 1991 3550 ejusltaque

323 3557 414 3620 Angli,
428 3557 537 3608 tametsi
550 3560 682 3606 moneant
694 3556 722 3604 in
738 3555 835 3607 codice
849 3557 985 3608 Vaticano
1002 3559 1136 3623 scriptum
1187 3560 1291 3624 optima
1302 3563 1345 3610 est
1356 3559 1442 3610 lectio
1453 3558 1588 3609 librorum
1600 3560 1648 3623 qui
1660 3558 1766 3610 habent
1785 3557 1902 3609 debuisti.
1918 3554 1991 3605 Solus

323 3641 383 3680 esse
406 3629 435 3677 in
460 3634 552 3678 merie.
577 3629 676 3679 Nescio
700 3631 793 3678 autern
816 3641 901 3692 quem
927 3629 989 3680 istic
1013 3634 1135 3681 mentem
1187 3631 1262 3679 enim
1285 3628 1436 3680 Caldonius
1458 3629 1555 3681 scribit
1569 3631 1682 3679 nemine
1705 3643 1758 3680 sue
1784 3635 1812 3680 et
1836 3629 1991 3691 collegarum

323 3699 398 3764 apud
432 3699 627 3764 Carthaginem
661 3699 889 3750 comminiscetur
922 3701 1071 3752 Pamelius.
1103 3701 1138 3750 Et
1187 3714 1311 3751 suorum.
1332 3700 1457 3751 Arbitror
1478 3703 1571 3751 autern
1593 3700 1697 3752 litteras
1718 3699 1882 3765 scriptesad
1897 3700 1991 3750 clerum

322 3776 414 3822 tamen
428 3771 564 3836 Rigaltius
577 3771 698 3821 multum
719 3770 882 3834 approbavit
895 3773 955 3835 ejus
965 3774 1135 3837 opinionem.
1187 3771 1342 3822 Romanurn
1369 3771 1501 3823 habuisse
1527 3773 1610 3822 aliam
1643 3772 1759 3822 termam
1795 3777 1823 3823 et
1851 3770 1992 3835 explicasse

323 3842 393 3894 Vide
407 3842 556 3907 quaeidem
579 3842 716 3908 Rigaltius
736 3842 771 3893 de
794 3846 887 3894 monte
903 3844 1025 3895 Bellonae
1040 3846 1138 3897 scribit
1186 3842 1279 3903 latius,
1298 3845 1330 3892 ut
1346 3845 1474 3905 parerat,
1496 3855 1610 3892 causam
1626 3842 1804 3906 Felicissimi,
1820 3840 1992 3904 additaperre

322 3917 349 3965 in
368 3914 511 3965 Addendis
533 3914 567 3964 ad
587 3914 872 3982 ohservationessnas
887 3916 915 3966 iu
931 3916 1136 3967 Tertullianum
1186 3915 1271 3964 luisse
1292 3914 1406 3964 nemina
1424 3927 1519 3964 serum
1533 3915 1580 3978 qui
1599 3927 1629 3965 se
1648 3913 1823 3966 Felicissimo
1842 3913 1991 3978 junxerant,

323 3999 383 4050 pag.
407 3986 460 4036 tar.
488 3987 623 4037 Bareuius
652 3998 724 4035 anne
751 3985 798 4036 aar
831 3985 898 4049 legit
923 3988 952 4036 in
980 3994 1082 4050 mersu,
1109 3993 1137 4039 et
1186 3986 1228 4036 uti
1239 3985 1396 4050 Cyprianus
1411 3986 1624 4050 praescripserat.
1640 3986 1719 4038 Hanc
1732 4000 1826 4038 meam
1847 3986 1992 4050 opinionem

322 4058 388 4108 hinc
410 4058 508 4120 repetit
531 4058 666 4121 originem
689 4056 877 4106 Montensium
897 4058 956 4108 sive
981 4059 1136 4110 Donatista·
1187 4056 1334 4108 confirmet
1357 4056 1446 4108 codex
1472 4057 1642 4108 Bodleianus
1669 4057 1703 4108 ah
1732 4058 1921 4108 illustrissime
1943 4056 1993 4117 epi·

323 4143 394 4179 rum.
417 4130 487 4178 Vide
510 4133 589 4178 netas
616 4130 723 4178 nostras
744 4126 778 4176 ad
798 4133 881 4191 ceput
901 4130 927 4179 lt
951 4130 1088 4180 Lactantii
1106 4132 1137 4181 rie
1187 4141 1271 4193 scope
1305 4129 1456 4180 Oxeutensi
1490 4128 1637 4189 laudatus,
1664 4129 1691 4179 in
1721 4142 1776 4193 que
1811 4128 1924 4194 epistola
1948 4127 1993 4174 ista

322 4201 450 4251 Mortibus
463 4206 659 4264 persecutorum
672 4203 699 4249 et
721 4198 756 4249 ad
780 4203 841 4250 acta
858 4202 1033 4264 purgationis
1047 4201 1136 4255 Caeci·
1187 4200 1290 4251 dicitur
1311 4201 1413 4264 scripte
1439 4199 1474 4250 ad
1503 4198 1682 4263 Cypriorum.
1711 4199 1852 4251 Caeterum
1877 4196 1991 4253 assentiri

323 4272 400 4322 lieni.
1187 4285 1243 4322 non
1259 4285 1372 4336 pessum
1387 4271 1422 4321 iis
1442 4272 1489 4334 qui
1511 4274 1611 4334 putant
1632 4272 1708 4321 illam
1722 4283 1787 4322 esse
1804 4270 1931 4322 tabellam
1947 4281 1992 4332 pu-

354 4343 564 4406 (3llAuqendas.
588 4343 643 4393 Hie
666 4341 750 4392 homo
774 4341 989 4392 contundendus
1015 4356 1071 4394 non
1095 4350 1137 4396 est
1186 4344 1378 4395 bliceatflxem
1393 4343 1633 4407 etpropositamin
1647 4343 1767 4394 ecclesia
1781 4339 1991 4408 Carthaginensi.

323 4427 389 4465 cum
402 4412 537 4479 Augendo
559 4414 726 4473 confessore,
749 4415 830 4477 cujus
853 4413 959 4464 mentio
975 4419 1018 4466 est
1033 4415 1062 4465 iu
1078 4418 1136 4480 epi·
1186 4415 1236 4466 Est
1250 4417 1325 4466 enlm
1344 4419 1419 4467 certe
1441 4415 1557 4478 epistola
1580 4413 1715 4466 Caldenii.
1739 4415 1816 4466 lstud
1838 4420 1991 4466 tamennon

323 4487 447 4548 stelatS,
463 4486 580 4551 pugili.
1187 4487 1305 4552 impedit
1325 4488 1393 4552 quin
1414 4485 1520 4550 aliquid
1541 4487 1632 4537 simile
1657 4486 1832 4550 publicatum
1853 4489 1887 4537 sit
1907 4487 1933 4535 in
1952 4496 1991 4533 ec·

352 4558 403 4621 (32)
418 4558 613 4621 Carthaginem.
630 4556 695 4607 Fuit
706 4569 796 4620 nuper
809 4557 850 4606 vir
867 4556 981 4622 quidam
994 4557 1096 4609 doctus
1109 4565 1137 4610 et
1188 4560 1281 4610 clesla.

323 4630 447 4683 eruditus
456 4630 504 4694 qui
516 4631 611 4680 lecum
624 4629 707 4678 istum
722 4627 884 4678 existimans
898 4642 958 4680 esse
972 4629 1176 4734 mendosumD
1219 4629 1267 4694 (34(
1283 4629 1497 4680 sarcinatricem.
1510 4628 1664 4680 Salmasius
1678 4628 1712 4679 ad
1725 4631 1874 4695 scriptores
1883 4627 1992 4679 illatoris

323 4704 432 4755 censuit
455 4701 528 4752 hanc
549 4714 647 4752 vocem
670 4713 734 4752 esse
755 4700 939 4751 amovendam
961 4701 995 4752 ab
1009 4702 1137 4753 hocloco
1188 4702 1320 4764 dispectae,
1340 4713 1402 4764 pag.
1418 4701 1474 4761 408,
1490 4701 1601 4764 scripsit
1612 4700 1811 4764 {arcistetrrcem
1828 4702 1898 4752 terte
1910 4711 1991 4749 errore

321 4780 348 4824 et
363 4772 543 4826 scribendum
563 4786 624 4823 esse
640 4773 756 4822 Romam.
770 4771 806 4821 Et
817 4785 886 4824 sane
903 4777 1064 4838 argumenta
1077 4777 1138 4839 ejus
1187 4771 1360 4837 typographi.
1392 4772 1497 4822 Nonius
1531 4772 1679 4823 Marcellus
1714 4788 1719 4822 :
1748 4790 1763 4823 <r
1797 4771 1990 4828 Sarciuatricis‚

321 4847 450 4896 italortia
472 4849 538 4895 suut
557 4844 688 4895 etvalida
708 4842 1053 4897 utnecessariavldeatur
1076 4845 1138 4896 haec
1187 4857 1254 4904 nen,
1278 4847 1309 4893 ut
1331 4843 1445 4907 quidam
1471 4842 1581 4901 velunt,
1606 4844 1771 4906 sarsitricis,
1794 4846 1874 4910 quasi
1898 4858 1913 4893 a
1940 4854 1991 4890 ser-

322 4917 487 4979 cmendatio,
511 4917 641 4981 quamvis
661 4929 758 4968 omues
780 4917 918 4969 editiones
942 4922 969 4970 et
983 4918 1076 4969 omnia
1090 4933 1138 4970 ve·
1187 4914 1296 4976 ciendo,
1313 4914 1362 4964 sed
1378 4914 1493 4977 magisa
1514 4915 1643 4974 sarcinis,
1668 4916 1742 4979 qnod
1766 4917 1917 4981 plurimum
1936 4925 1991 4962 res·

324 4995 381 5039 tera
405 4990 594 5051 exemplaria,
619 4993 650 5039 ut
674 4989 733 5052 ipse
757 4993 873 5041 annotat
900 4993 928 5041 et
953 5004 1049 5041 verum
1077 4996 1136 5053 est,
1188 4986 1257 5035 tium
1279 4990 1400 5048 sumant,
1420 4986 1702 5050 Varroeneslyras:
1724 4988 1860 5040 Homines
1883 4986 1991 5036 rusticos

323 5059 443 5111 habeant
470 5059 666 5122 Carthaginem.
679 5059 750 5121 Quae
777 5060 915 5111 sententia
935 5060 1002 5112 hinc
1025 5074 1138 5126 quoque
1187 5059 1216 5109 in
1247 5056 1386 5107 vindemia
1426 5056 1569 5108 incondita
1601 5062 1714 5109 cantare
1752 5059 1935 5110 sarcinatricis
1967 5054 1991 5102 iu

323 5133 481 5183 confirmari
504 5145 585 5195 posse
605 5129 714 5182 videtur
729 5130 805 5195 quod
830 5132 944 5195 epistola
971 5133 1023 5182 ista
1036 5133 1138 5197 scripta
1186 5128 1362 5179 machinis.»

324 5208 365 5254 est
378 5204 405 5252 ln
417 5203 503 5253 initiis
514 5202 699 5254 schismaticis
712 5201 888 5263 Feliclssiml,
902 5203 950 5268 qui
963 5203 997 5254 de
1013 5203 1137 5254 Romano
1218 5200 1268 5263 (35)
1289 5200 1472 5250 adnotatione.
1491 5199 1522 5250 ld
1554 5203 1597 5250 est
1613 5199 1827 5265 subscriptione.
1851 5200 1920 5251 Vide
1947 5210 1991 5246 ne·

324 5275 422 5325 itinere
443 5274 590 5338 cogitabat,
613 5277 644 5323 ut
667 5273 696 5322 in
719 5275 835 5338 epistola
858 5276 899 5335 55,
920 5289 980 5339 pag.
1002 5275 1139 5337 andacer
1186 5285 1248 5321 vam
1270 5274 1391 5320 nostram
1418 5271 1613 5322 collectionem
1635 5271 1822 5335 Consiliorum,
1849 5285 1910 5336 pag.
1926 5268 1990 5322 toti,

323 5345 489 5410 Cyprianus.
509 5346 544 5396 Et
566 5344 629 5396 ideo
642 5357 732 5408 eperae
756 5347 873 5409 pretium
889 5346 1035 5397 videbatur
1057 5346 1137 5397 illurn
1187 5342 1256 5394 1090.

324 5417 476 5483 prevenire
503 5421 530 5468 et
560 5416 710 5467 admonere
741 5416 846 5468 clerum
870 5417 1025 5469 Romanum
1048 5430 1083 5467 ne
1108 5428 1138 5466 se
1218 5414 1265 5478 (36(
1293 5411 1417 5463 Debuisti.
1445 5414 1486 5463 lta
1510 5412 1594 5465 editio
1611 5413 1727 5465 Manutil
1750 5419 1778 5465 et
1799 5414 1862 5465 libri
1882 5416 1988 5464 veteres.

324 5490 416 5555 decipi
443 5503 476 5541 ac
498 5489 557 5539 ialli
581 5490 684 5540 sineret
707 5488 804 5540 fraude
827 5494 853 5541 et
877 5488 992 5552 perfidia
1016 5487 1138 5539 heminis
1187 5484 1328 5535 Merelllus
1349 5487 1376 5536 et
1400 5484 1541 5535 Pamstlus
1554 5491 1708 5550 posueruut
1721 5486 1854 5549 debuistis,
1876 5486 1990 5547 itemque

324 5561 459 5613 scelerati.
1187 5555 1270 5607 editio
1288 5557 1449 5622 anglicana.
1469 5556 1523 5608 Sed
1547 5558 1599 5608 ista
1614 5559 1698 5610 lectio
1711 5572 1766 5610 nen
1782 5563 1822 5609 est
1837 5559 1916 5609 bona.
1930 5554 1989 5617 lipi-

354 5633 402 5697 (33(
424 5633 504 5683 Hanc
525 5632 686 5696 epistolam,
716 5633 797 5696 cujus
825 5631 880 5681 due
908 5636 1015 5682 tanturn
1042 5635 1138 5684 velera
1186 5629 1256 5680 stela
1276 5629 1350 5680 enim
1373 5634 1415 5681 est
1437 5629 1566 5682 Caldonii
1588 5631 1743 5693 scribentis,
1759 5631 1867 5691 uldini,
1888 5628 1989 5679 nomine

324 5704 491 5770 exemplaria
506 5704 603 5763 habui,
623 5716 712 5753 unum
736 5718 770 5756 ex
787 5702 956 5755 bibliotheca
971 5717 1044 5765 mea,
1061 5703 1137 5754 aliud
1186 5713 1237 5751 sue
1249 5706 1277 5751 et
1293 5700 1462 5765 collegarum
1475 5717 1590 5755 suerum
1605 5704 1640 5754 ad
1658 5703 1836 5769 Cyprianum.
1853 5698 1988 5763 Rigaltiou

323 5792 356 5828 ex
383 5776 451 5827 urhe
478 5775 743 5840 Gratianepelltana,
770 5775 889 5840 primurn
918 5773 1019 5839 prodiit
1039 5787 1073 5824 ex
1093 5778 1135 5838 ty·
1187 5773 1333 5823 tamenetsi
1348 5775 1471 5837 posuerit
1484 5774 1514 5823 in
1528 5778 1662 5826 contextu
1673 5773 1804 5834 debanna
1820 5774 1850 5824 iu
1867 5771 1988 5824 observa·

119 5821 158 5842 ⁸*
188 5815 232 5903 'ff'
321 5848 472 5916 pegraphia
498 5847 624 5900 Manutii.
648 5846 740 5900 Varia
772 5849 837 5898 suut
869 5848 962 5897 autem
991 5844 1137 5911 opiniones
1187 5843 1310 5899 tionibus
1322 5850 1420 5898 censet
1432 5845 1584 5912 legendum
1598 5859 1659 5901 esse
1674 5845 1794 5900 ιιοιιιιιιι.
