4076 6190
136 281 184 336 153
810 282 886 342 VITA
905 283 932 340 S.
952 282 1119 343 creamur.
1772 289 1823 349 sel

134 403 181 456 siae
195 403 345 462 catholice
361 403 470 460 unimte
487 403 669 477 discessisset,
690 405 777 462 servis
796 408 845 462 Oei
864 409 953 480 peani-
962 411 1097 494 Aleerrm
1111 410 1278 466 substitutos
1296 412 1392 468 tuisse.
1415 413 1494 468 lilius
1514 413 1590 471 Felix
1614 415 1650 470 de
1677 416 1822 474 cesarau-

135 497 265 552 lentibus
290 505 318 553 et
345 495 506 554 dolentibus
531 505 560 554 et
588 499 740 556 Ecclesiam
769 501 900 573 lacrymis
927 509 955 562 et
1007 509 1098 575 gusta,
1114 520 1200 577 quem
1219 506 1377 578 Cyprianus
1396 507 1463 563 iidei
1484 509 1625 565 crrlterem
1642 525 1674 564 ae
1696 510 1823 566 veritatis

134 589 243 662 gemitu
259 599 287 646 ct
306 591 407 648 delore
426 593 601 664 pulsantibus
614 594 716 650 divinas
733 595 845 667 pietatis
864 598 953 652 subsi-
1005 598 1185 654 defensorem
1200 607 1289 668 venat,
1301 601 1403 655 litteris
1414 602 1472 656 suis
1485 603 1668 658 confirmavit
1681 603 1822 676 quidquid

136 685 182 738 dia
197 685 351 740 claudebat
356 701 365 755 ;
380 689 409 740 et
421 702 485 742 cum
500 687 535 742 ab
551 687 690 759 episcopis
704 689 832 744 nendum
846 691 955 746 absten-
1006 693 1131 748 ecelesiae
1154 693 1208 748 illae
1233 694 1406 765 scripserant
1427 711 1459 749 ac
1484 696 1584 766 legatis
1604 697 1820 753 mandaverant.

134 783 179 832 tus
193 779 352 847 rideretur,
362 779 486 850 jactabat
505 796 535 836 se
558 787 585 836 et
605 781 779 852 praedicabat
800 785 886 854 quod,
901 785 953 840 Ne·
1005 787 1097 842 Lecta
1112 790 1179 842 sunl
1191 787 1293 843 litterae
1307 793 1334 842 et
1346 787 1435 844 auditi
1448 788 1539 860 legali
1553 789 1582 844 in
1598 791 1716 845 concilio
1729 807 1822 848 xxxvn

134 871 247 927 retiano
276 874 393 930 studens
418 880 446 928 el
477 876 538 945 ejus
565 875 748 946 pervicaciam
776 893 910 948 sequens,
940 895 955 934 a
1005 879 1217 952 episcoporum.
1232 882 1393 954 Cyprianus
1405 882 1454 954 qui
1467 888 1588 954 praeerat
1601 883 1821 957 etaliiepiscopi

132 967 341 1022 communiens
362 983 392 1023 se
411 969 611 1040 episcoporum
632 977 818 1042 segregasset.
839 971 957 1043 Scripsit
1006 974 1215 1045 responderunt
1229 991 1282 1048 per
1296 975 1378 1046 epist.
1393 978 1437 1042 68,
1455 975 1580 1031 Basilidis
1599 992 1656 1032 non
1675 979 1732 1032 tam
1754 977 1821 1034 abe·

132 1076 167 1114 ea
178 1059 216 1114 de
229 1077 263 1115 re
288 1061 378 1116 semel
391 1067 418 1116 et
433 1063 537 1118 iterum
553 1061 592 1119 ad
613 1063 787 1134 Cyprianem
807 1065 955 1121 Faustinus
1004 1067 1055 1122 lita
1069 1083 1230 1139 essequam
1243 1069 1388 1124 cumulata
1404 1069 1516 1138 delicta,
1534 1085 1584 1124 nec
1601 1069 1725 1125 rescindi
1740 1086 1823 1142 pesse

133 1154 347 1225 lmgdnnensis.
364 1153 430 1226 Ejus
450 1155 552 1211 litteris
565 1157 702 1228 acceptis,
715 1157 872 1230 Cyprianus
887 1160 956 1214 seri·
1005 1159 1216 1217 ordinationem
1227 1162 1292 1234 jure
1304 1163 1479 1233 perlectam
1495 1179 1589 1234 neque
1604 1163 1692 1218 etiam
1703 1163 1823 1219 Martiali

130 1246 173 1301 bit
199 1247 237 1302 ad
266 1248 446 1320 Stephanum
472 1265 588 1320 papam,
611 1265 735 1322 eumque
753 1252 841 1306 etiam
870 1255 955 1324 atque
1004 1253 1141 1309 fallaciam
1156 1255 1293 1326 predssse
1309 1255 1527 1327 pesse;lrustra
1539 1255 1609 1310 tales
1623 1256 1820 1328 episcopatum

132 1339 218 1396 etiarn
245 1341 379 1396 hortatur
393 1347 425 1398 ut
449 1342 631 1415 plenissimas
653 1343 765 1400 litteras
788 1345 818 1401 in
839 1346 953 1417 prerin·
1008 1346 1060 1402 sibi
1075 1364 1213 1420 usurpare
1229 1349 1334 1418 conari,
1350 1365 1415 1404 cum
1432 1349 1618 1405 manifestum
1633 1350 1669 1404 sit
1684 1349 1823 1421 ejusmodi

132 1435 208 1489 mam
231 1439 261 1490 et
286 1435 322 1490 ad
344 1435 458 1506 plebem
481 1437 591 1493 Arelate
611 1437 815 1494 consistentem
838 1440 953 1512 dirigat,
1004 1441 1138 1496 hemines
1161 1459 1211 1498 nee
1234 1443 1364 1499 Ecclesiae
1387 1443 1492 1500 Christi
1516 1459 1637 1516 praeesse
1657 1459 1749 1516 pesse,
1770 1457 1825 1498 nee

131 1529 238 1600 quibus
252 1529 388 1586 abstento
402 1530 545 1586 Marciano
567 1531 638 1586 alius
654 1531 682 1586 in
698 1533 759 1605 ejus
780 1533 953 1589 lecum'suB·
1005 1536 1063 1590 Bee
1079 1535 1214 1592 sacrificia
1232 1535 1335 1592 efferre
1358 1537 1470 1593 debere.
1486 1537 1716 1612 indignationem
1739 1553 1819 1592 suam

129 1623 289 1690 stitnatur;
309 1628 339 1678 et
362 1639 428 1678 cum
456 1623 538 1679 multi
565 1641 597 1679 ex
622 1622 756 1680 tratribus
776 1627 859 1682 annis
873 1643 955 1699 supe-
1004 1627 1165 1699 significant
1179 1630 1313 1685 adversus
1327 1631 1473 1702 episcopus
1486 1631 1535 1703 qui
1555 1630 1694 1702 depositis
1706 1630 1823 1702 collegis

130 1715 265 1770 rioribus
284 1716 346 1772 sine
366 1733 435 1788 pace
456 1718 638 1788 excesserint,
659 1719 702 1774 vel
723 1719 834 1775 celeris
853 1719 953 1776 subre-
1005 1722 1147 1792 favebant,
1162 1739 1193 1778 ac
1207 1723 1282 1794 plebi
1294 1724 1348 1795 ipsi
1359 1725 1531 1780 denuntiant
1545 1739 1611 1778 cum
1626 1723 1733 1780 talibus
1745 1739 1823 1779 com·

130 1809 234 1864 niatur
257 1812 307 1882 qni
332 1814 496 1883 supersunt,
517 1813 565 1884 qui
592 1815 621 1866 el
645 1811 743 1868 diebus
770 1829 802 1868 sc
824 1814 1215 1886 nectibusBmunicandnm
1230 1834 1286 1872 nen
1298 1834 1368 1887 esse,
1381 1825 1541 1889 eorumque
1552 1817 1726 1873 contactibus
1736 1816 1823 1889 pollui

129 1904 340 1974 ingemiscunt.
356 1905 450 1976 Rogat
464 1907 552 1961 etiam
566 1909 599 1960 ut
613 1905 667 1962 sibi
683 1906 825 1978 significet
845 1908 908 1980 quis
926 1909 955 1964 in
1007 1911 1055 1982 qui
1081 1927 1154 1974 cum,
1171 1911 1226 1966 illis
1250 1912 1345 1967 illicita
1369 1911 1629 1968 communicatione
1653 1910 1821 1966 miscentur.

129 1999 230 2053 lecum
248 1999 388 2054 liarciani
406 2000 521 2056 Arelate
537 1999 624 2056 tuerit
644 2000 869 2070 substituerent
888 2002 958 2058 sciat
1007 2005 1077 2070 One
1089 2006 1206 2078 quidem
1219 2007 1427 2062 seutentianon
1440 2006 1526 2061 mede
1539 2005 1664 2062 habenas
1677 2020 1733 2060 nen
1745 2005 1825 2062 laxat

127 2091 166 2146 ad
190 2107 285 2164 quem
307 2091 411 2148 iratres
434 2092 559 2164 dirigere
582 2098 610 2150 et
632 2094 678 2150 eni
698 2093 822 2150 scribere
845 2095 955 2151 debeat.
1007 2097 1128 2154 licentiae
1157 2099 1305 2170 populari,
1333 2099 1384 2154 sed
1409 2099 1496 2154 etiam
1522 2113 1586 2154 eam
1614 2098 1758 2167 refrenat,
1785 2114 1823 2153 na

126 2187 212 2240 Bane
225 2185 378 2258 epistelam
393 2187 533 2259 Cypriane
547 2189 688 2244 Launeius
707 2189 887 2260 abjudicavit,
907 2189 956 2245 sed
1006 2191 1143 2248 arbitratu
1157 2209 1207 2248 sue
1228 2193 1369 2264 judicium
1391 2193 1426 2249 de
1450 2193 1584 2264 episcope
1604 2209 1654 2248 sue
1678 2193 1759 2260 serat,
1776 2195 1825 2247 aut

129 2279 198 2350 ejus
211 2279 312 2353 opinio
330 2281 370 2336 sie
382 2279 459 2338 inter
478 2282 605 2338 eruditos
619 2283 734 2354 explosa
753 2285 805 2352 est,
818 2287 847 2338 ut
862 2289 956 2340 actem
1006 2285 1134 2357 legitime
1146 2285 1312 2342 ordinatum
1326 2287 1362 2341 ab
1384 2287 1446 2341 aliis
1466 2286 1605 2358 episcopis
1619 2287 1761 2357 rejiciens,
1775 2288 1826 2341 aut

127 2378 201 2446 agat
217 2373 269 2446 qui
283 2389 348 2430 eam
361 2375 492 2432 refellere
508 2377 585 2432 velit.
1006 2379 1133 2452 legitime
1146 2379 1305 2453 depositum
1318 2379 1456 2436 retinens.

165 2469 252 2525 Cim
276 2467 355 2523 ΜΘΗ]
376 2470 566 2541 ί9111211831Ῑᾶ
591 2485 635 2526 “³⁵
657 2471 686 2526 1¹¹
712 2469 853 2543 ffi⁵P³¹¹fi³
875 2473 957 2543 8¹³⁵tii
1006 2491 1091 2547 llell.
1110 2523 1145 2532 -
1158 2494 1341 2547 Dissensiones
1355 2493 1388 2547 de
1408 2493 1541 2563 baptismo
1557 2496 1657 2547 ceorlas
1678 2507 1752 2547 enne
1772 2493 1824 2546 253

128 2563 310 2618 charitatem
324 2563 467 2635 Cypriani,
484 2579 548 2636 quae
563 2562 664 2620 Africae
684 2564 788 2620 linibus
808 2581 867 2620 nen
883 2581 952 2620 cen·
1041 2578 1171 2629 exeunte:
1191 2587 1224 2627 ec
1243 2573 1272 2628 S.
1294 2575 1447 2644 Stephanus
1469 2579 1533 2628 sinte
1555 2587 1615 2626 enm
1641 2572 1825 2629 Orientalibus

129 2656 297 2724 tinebatur,
310 2657 344 2712 ad
366 2659 588 2714 succurrendum
610 2657 717 2714 exteris
736 2658 860 2714 eeclesiis
878 2675 955 2714 com·
1042 2669 1124 2723 quesn
1138 2669 1197 2708 eum
1210 2654 1421 2721 Asrtseerteoit.

131 2750 240 2807 mevit.
254 2750 318 2806 Due
337 2751 472 2823 episcopi,
486 2752 618 2808 Basilides
637 2757 666 2808 et
683 2753 825 2820 Martialis,
838 2754 873 2808 eb
889 2769 954 2825 gra·
1041 2753 1166 2810 Tandem
1179 2755 1342 2810 disserendo
1356 2755 1538 2826 pervenimus
1552 2753 1589 2808 ad
1604 2752 1820 2809 celeberrimam

129 2845 259 2899 sissima
275 2845 377 2900 delicta
391 2845 524 2917 depositi,
540 2845 729 2902 sacerdotium
747 2847 813 2918 jure
829 2845 956 2902 ablatum
1007 2849 1086 2903 illam
1111 2848 1148 2904 de
1166 2848 1367 2904 haereticorum
1385 2847 1525 2919 baptismo
1542 2847 1776 2916 controversiam,
1793 2847 1823 2902 in

129 2939 188 2994 sibi
205 2937 353 2993 vindicare
375 2939 532 2994 audebunt.
549 2941 673 3011 Uterque
694 2941 818 2996 nefande
835 2941 952 2997 idolola·
1006 2959 1062 3015 qua
1075 2957 1129 2996 nen
1145 2940 1753 3014 parrahrereticerumautschismaticerum
1766 2955 1825 2996 ma·

129 3033 202 3088 triae
228 3031 328 3088 libelle
351 3035 588 3102 contaminatus;
611 3033 743 3090 Basilides
762 3034 854 3090 adhuc
876 3035 955 3090 insu·
1007 3051 1061 3091 nus
1074 3035 1214 3090 universa·
1230 3035 1357 3090 Ecclesiae
1379 3035 1486 3092 bellum
1502 3033 1616 3101 indixit,
1632 3033 1682 3088 sed
1697 3033 1828 3106 insignes

130 3141 204 3198 per,
226 3129 331 3197 praeter
358 3126 446 3182 lihelli
472 3127 621 3194 maculam,
645 3143 709 3182 cum
735 3127 765 3181 in
791 3127 956 3183 infirmitate
1009 3128 1143 3196 ecclesiae,
1173 3128 1275 3196 sirica,
1301 3129 1494 3200 Cappadocia,
1522 3127 1619 3183 Cilicia
1645 3131 1674 3182 et
1695 3127 1826 3184 tlnitimae

131 3217 329 3275 decumberet
345 3220 375 3276 iu
397 3221 488 3276 Oeam
504 3218 600 3294 152
617 3219 873 3292 blasphemaverat,
889 3226 917 3277 et
928 3237 958 3276 se
1010 3222 1161 3295 pmvinciae
1175 3221 1211 3277 de
1226 3239 1257 3278 re
1281 3223 1368 3294 lenge
1391 3221 1554 3293 gravissima
1568 3237 1634 3276 eum
1653 3221 1716 3277 aliis
1738 3221 1826 3276 eecle-

130 3313 354 3384 blaspbemasse
386 3313 534 3370 consessus
562 3315 678 3382 tuerat,
707 3320 736 3371 et
766 3315 959 3388 episcopatum
1009 3314 1168 3391 siis153
1190 3317 1381 3372 decertarunt.
1398 3315 1566 3370 Etsiautem
1589 3315 1619 3370 in
1638 3313 1823 3387 ipsedissen-

131 3423 194 3478 pre
218 3407 397 3463 conscientiae
416 3423 476 3462 suas
491 3408 609 3463 vulnera
629 3413 728 3480 sponte
751 3409 909 3480 deponens,
922 3408 960 3464 ad
1009 3410 1096 3466 sienis
1125 3411 1259 3468 incendie
1290 3410 1418 3466 luctuosa
1448 3423 1547 3466 rerum
1579 3409 1665 3464 iacies
1697 3407 1823 3478 exstitit,

132 3500 286 3572 agendam
302 3501 499 3572 penitentiam
513 3516 665 3557 conversus
684 3501 789 3570 suerat,
803 3505 893 3558 Betim
909 3503 957 3558 de·
1008 3505 1104 3554 mmen
1117 3515 1150 3554 ex
1164 3499 1398 3572 commodisque
1425 3498 1454 3553 in
1475 3497 1624 3554 Ecclesiam
1640 3515 1673 3552 ex
1687 3497 1738 3554 bae
1753 3513 1823 3554 cen-

132 3611 274 3669 precsns,
292 3597 322 3649 et
347 3594 415 3650 satis
438 3595 582 3667 gratulans
603 3595 625 3649 si
646 3595 699 3650 sibi
721 3597 765 3651 rel
787 3595 860 3652 laice
878 3612 957 3652 eom-
1010 3593 1147 3649 lrorersia
1168 3593 1322 3660 fluxerunt,
1336 3592 1418 3648 facile
1440 3591 1610 3664 perspicitur
1632 3607 1694 3647 eam
1714 3591 1825 3649 Christo

133 3689 290 3744 manicare
315 3687 506 3760 contingeret.
535 3687 670 3744 ltartialis
697 3705 828 3761 quoqne,
855 3697 960 3760 prater
1009 3687 1176 3760 presidente
1193 3686 1416 3758 etdispensante
1429 3692 1528 3742 natam
1550 3685 1647 3753 inisse,
1662 3685 1826 3740 nenselum

133 3782 295 3855 gentilium
316 3781 410 3854 turpia
431 3784 460 3836 et
483 3782 624 3837 lutulenta
639 3781 766 3838 convivia
788 3783 816 3837 in
839 3783 959 3856 collegio
1010 3785 1042 3836 ut
1054 3797 1099 3836 res
1113 3780 1183 3836 tanti
1193 3780 1332 3836 momenti
1343 3779 1684 3852 censsateeteenspiranti
1693 3777 1825 3834 emnium

133 3878 188 3932 diu
203 3877 397 3948 frequentata,
410 3881 438 3930 et
456 3876 529 3932 filies
544 3877 573 3931 in
593 3877 694 3932 eodem
713 3876 832 3949 collegio
848 3880 958 3933 extera·
1010 3891 1148 3930 censensu
1169 3874 1323 3946 aliquande
1341 3873 1513 3942 firmaretur,
1526 3875 1575 3928 sed
1588 3874 1674 3930 etiam
1688 3877 1720 3929 ut
1741 3871 1828 3929 habe·

133 3988 206 4027 nam
221 3971 356 4042 gentium
372 3985 450 4025 mere
466 3971 540 4042 apud
557 3970 679 4042 profana
697 3972 826 4043 sepulcra
847 3971 958 4046 depesi·
1010 3971 1076 4024 rent
1088 3968 1194 4040 posteri
1213 3967 1281 4040 quid
1304 3967 1334 4022 in
1355 3967 1495 4038 ejusmodi
1519 3966 1741 4024 dissensionibus
1762 3967 1826 4022 imi-

135 4071 184 4122 tes
207 4069 239 4120 et
257 4063 431 4136 alienigenis
450 4066 639 4136 consepultos,
654 4065 723 4120 actis
744 4065 829 4120 etiarn
849 4066 960 4138 publice
1009 4065 1147 4118 tarentus.
1174 4063 1245 4118 Nam
1271 4061 1405 4134 baptismi
1433 4060 1632 4116 hereticorum
1661 4059 1826 4116 defensores

135 4159 246 4216 habitis
265 4158 340 4230 apud
366 4163 582 4230 procuratorem
600 4158 787 4214 ducenarium
813 4159 960 4232 obtempe·
1010 4157 1143 4212 fraterne
1157 4156 1305 4212 eharitatis
1320 4155 1412 4211 sudus
1425 4171 1482 4211 non
1504 4160 1644 4226 ruperunt
1662 4169 1729 4209 essm
1751 4153 1827 4219 iis,a

136 4270 218 4309 rasse
234 4269 266 4307 se
279 4251 639 4309 idololatriaeetChristum
654 4269 774 4324 negasse
787 4259 961 4309 contestatus
1010 4249 1114 4322 quihus
1133 4250 1284 4306 maximam
1304 4249 1489 4306 sacramentis
1509 4247 1646 4318 injuriam
1660 4246 1723 4302 lieri
1747 4247 1824 4303 ride·

138 4349 247 4403 lueret.
263 4347 333 4403 Cum
349 4349 469 4418 uterque
480 4345 725 4401 ebhrecetmults
738 4346 961 4402 eliadelietade·
1010 4343 1096 4411 bant;
1112 4343 1157 4399 isti
1172 4348 1268 4400 autem
1284 4349 1312 4400 et
1326 4360 1390 4400 cuns
1405 4343 1440 4398 iis
1459 4359 1530 4415 ques
1548 4359 1584 4398 ne
1601 4343 1744 4414 Baptisme
1764 4341 1825 4414 qni-

136 4441 253 4514 pesitus
271 4439 382 4506 luisset,
403 4438 548 4510 basilides,
573 4440 654 4511 eujus
674 4439 704 4495 in
727 4441 818 4496 locum
840 4439 961 4496 Sabinus
1011 4437 1077 4492 dem
1093 4437 1221 4493 initiatos
1234 4437 1383 4509 putabant,
1397 4439 1425 4492 et
1447 4451 1512 4492 eum
1536 4435 1570 4492 iis
1585 4435 1634 4507 qui
1650 4435 1826 4508 baptismum

136 4537 175 4591 de
186 4535 329 4590 universe
336 4533 523 4589 fraternitatis
533 4533 669 4606 suffragio
679 4539 707 4590 et
716 4534 751 4590 de
762 4534 959 4606 episcoporum
969 4553 999 4626 D
1011 4530 1200 4586 morientibus
1216 4531 1373 4586 infantibus
1391 4532 1548 4601 denegare,
1569 4534 1597 4585 et
1616 4528 1826 4584 Eucharistiam

132 4628 251 4700 jndicio
264 4627 433 4683 substitutus
444 4627 547 4696 iuerat,
565 4628 687 4684 Rumam
701 4643 835 4700 pergens,
844 4628 960 4699 Stephe·
1012 4640 1067 4678 nen
1090 4624 1237 4696 baptizatis
1257 4625 1402 4696 porrigere
1424 4623 1603 4692 ridebantur,
1616 4622 1828 4678 communicare

138 4739 213 4778 num
227 4723 314 4793 lenge
334 4720 459 4793 pesitum
475 4724 503 4776 et
518 4728 604 4793 gestae
616 4721 656 4776 rei
680 4738 712 4777 ac
732 4721 858 4776 veritatis
877 4722 959 4792 igna-
1011 4734 1070 4774 nen
1085 4717 1263 4774 dubitarunt.
1279 4717 1394 4772 initium
1408 4715 1515 4773 dissidii
1531 4715 1619 4770 relert
1631 4715 1827 4772 'tillemontius

138 4833 207 4872 mins
235 4815 346 4886 lelellit,
376 4819 406 4870 ut
428 4815 587 4872 exambiret
613 4816 712 4888 reponi
745 4831 775 4870 se
800 4815 904 4887 injuste
930 4815 961 4870 in
1011 4813 1046 4867 ad
1057 4828 1165 4868 annum
1181 4815 1243 4880 256,
1258 4810 1388 4883 quamvis
1400 4827 1458 4866 nen
1473 4808 1618 4882 improbet
1631 4808 1826 4877 Pearsonium,

137 4909 640 4984 episcopatumdequefueratjure
656 4909 959 4981 depesituaNemina·
1011 4907 1060 4980 qui
1089 4907 1216 4978 primum
1249 4905 1474 4978 Carthaginense
1504 4903 1656 4960 concilium
1688 4909 1827 4959 autumno

138 5007 194 5061 Bm
208 5021 267 5060 non
283 5004 352 5060 dicit
364 5004 524 5076 Cyprianus
539 5004 692 5060 Martialem
708 5019 824 5076 quoqne
839 5005 961 5060 Bensam
1011 5001 1081 5056 anni
1104 5003 1156 5056 255
1176 5000 1306 5056 habitum
1325 5004 1417 5072 putat.
1435 5000 1559 5072 Uterque
1583 4998 1662 5070 prius
1682 4998 1712 5054 in
1733 4996 1828 5054 Africa

139 5099 339 5165 contendisse,
363 5097 413 5152 sed
437 5097 467 5152 id
490 5097 558 5152 satis
578 5096 685 5152 indicat
702 5113 767 5152 eum
784 5096 845 5152 ait:
869 5119 882 5146 α
905 5097 962 5153 Sed
1012 5111 1098 5166 qnam
1120 5095 1281 5150 moriente
1302 5099 1459 5166 pugnatum
1479 5093 1623 5165 opinatur.
1637 5092 1690 5158 ent
1708 5093 1827 5164 Stepha-

140 5211 197 5249 nec
226 5190 344 5248 Martiali
369 5196 464 5263 petest
488 5191 626 5263 proluisse
656 5191 779 5258 fallacia,
808 5191 963 5262 queminus
1011 5204 1081 5244 num
1106 5203 1183 5244 anne
1210 5191 1260 5244 255
1287 5189 1390 5244 obiisse
1417 5189 1531 5258 velunt,
1565 5186 1715 5244 dissidium
1745 5186 1828 5242 eitius

139 5288 203 5358 ipse
216 5301 334 5360 queque
344 5284 456 5341 delictis
466 5284 602 5357 gravibm
615 5284 961 5358 inrotatusepiseopatnm
1012 5282 1149 5339 exarsisse
1173 5283 1361 5340 centendunt.
1379 5283 1513 5348 Quamvis
1524 5286 1620 5338 autem
1634 5280 1770 5354 gravibus
1793 5280 1829 5337 de

141 5387 241 5437 mucre
256 5397 313 5436 nen
326 5379 427 5451 possit.
441 5399 457 5430 n
1011 5377 1101 5434 causis
1115 5376 1293 5449 Stephanum
1307 5377 1506 5433 tillemontius
1525 5381 1554 5432 et
1566 5376 1737 5432 Pearsonius
1753 5391 1829 5432 aune

180 5475 319 5530 Videntur
332 5473 459 5545 episcopi
482 5472 613 5528 nonnulli
628 5472 656 5527 in
672 5471 806 5545 Bispania
825 5471 962 5545 depositis
1012 5474 1063 5526 257
1078 5469 1181 5527 obiisse
1201 5470 1373 5540 existiment,
1386 5471 1518 5528 ridentur
1531 5473 1629 5526 minen
1643 5468 1829 5526 dissensionis

139 5569 196 5624 illis
224 5566 365 5640 episrepis
391 5567 512 5633 favisse,
538 5565 590 5622 sed
614 5566 746 5622 Ecclesia
771 5567 905 5638 Legionis
933 5569 962 5621 et
1011 5565 1172 5638 primordia
1185 5565 1308 5622 nimium
1323 5581 1387 5621 sero
1406 5565 1554 5622 collocare.
1584 5563 1707 5622 Probare
1726 5579 1830 5636 aggre-

141 5661 462 5718 ssmrtcaeelmnerttae
480 5661 656 5733 scripserunt
675 5661 754 5716 eade
765 5676 797 5715 re
808 5661 842 5716 ad
854 5659 964 5734 episce·
1012 5660 1073 5716 diar
1094 5661 1313 5716 controversiam
1329 5675 1405 5715 anne
1419 5661 1472 5716 253
1487 5663 1610 5716 axenms
1632 5657 1746 5729 caepisse
1769 5656 1829 5726 agi·

140 5755 365 5829 pesAiricanos,
378 5772 411 5812 ac
426 5755 534 5826 legates
547 5755 688 5811 miserunt
707 5755 844 5811 Sabinum
867 5760 896 5810 et
913 5755 963 5810 Fe·
1012 5754 1077 5824 turi,
1094 5753 1235 5826 citiusque
1252 5754 1432 5826 Stephanum
1447 5769 1511 5809 earm
1532 5751 1723 5810 Orientalibus
1741 5765 1829 5822 quum

143 5851 239 5920 licem,
253 5867 324 5924 ques
345 5848 494 5923 probahile
516 5852 558 5906 est
578 5848 608 5906 in
629 5849 759 5906 Basilidis
779 5852 806 5904 et
826 5848 962 5904 Martialis
1011 5863 1076 5904 eum
1089 5847 1164 5906 liris
1179 5846 1345 5906 decertasse.
