4076 6190
211 263 244 317 st
885 263 963 319 vtTn
981 261 1193 320 S.'CYPltthl.
1292 288 1293 296 ι
1853 269 1902 325 88”

210 407 313 449 nanim
327 395 421 450 terror
433 393 636 450 intentabatur.
651 397 771 466 Jamque
782 392 883 448 aderat
895 393 1020 448 edictum
1031 391 1189 474 Aselutari
1206 391 1340 448 iratribus
1360 393 1525 452 tradidistis.
1544 415 1558 450 s
1577 395 1669 468 Negat
1689 397 1888 453 Tillcmontius

208 487 402 559 imperatoris,
425 493 479 544 etc.
497 509 511 538 u
537 488 616 544 ldem
638 491 780 544 testantur
799 487 967 552 Lactantius,
989 487 1021 542 in
1071 501 1104 540 es
1120 485 1163 541 his
1175 486 1267 542 verbis
1280 489 1361 559 sequi
1375 489 1492 561 lloysen
1507 494 1536 546 et
1550 489 1702 547 llaximum
1716 492 1814 547 Rome.
1827 507 1887 548 om·

211 580 284 637 libro
297 581 331 638 de
341 583 429 638 llorte
440 597 543 652 perseo.
559 599 583 637 c.
597 583 625 650 4,
640 588 668 639 et
680 582 802 650 Orosius,
818 581 868 636 lib.
884 597 921 647 rr,
934 598 959 636 c.
973 583 1020 636 tl.
1071 579 1151 634 nium
1166 579 1274 652 primos
1288 582 1429 638 confessos
1451 599 1523 652 esse,
1537 583 1644 656 quippe
1662 601 1727 640 cum
1745 584 1889 640 Fabianus

206 673 310 743 Quare,
324 691 390 732 cum
402 675 513 732 nullum
535 678 626 732 exstet
641 676 795 749 vestigium
812 675 1022 748 persecutionis
1072 676 1140 728 ante
1154 675 1261 746 martyr
1274 674 1377 730 obierit
1390 691 1478 748 quam
1492 675 1538 733 isti
1550 677 1579 731 in
1599 693 1743 733 carcerem
1763 677 1887 752 conJ'ice·

211 774 278 825 ante
301 785 431 826 mensem
450 769 618 842 Januarium
643 769 712 825 anni
732 771 795 839 250,
818 769 899 841 cujus
917 767 1022 825 mensis
1072 771 1181 835 rentur,
1195 767 1246 822 sed
1261 773 1372 824 tanturn
1386 769 1460 825 hanc
1474 785 1521 825 eos
1535 771 1649 826 laudem
1663 777 1729 828 ante
1742 773 1889 844 Carthagi-

210 861 257 918 dia
271 863 410 936 vigesimo
425 865 584 921 Fabianum
598 879 701 936 papam
715 863 812 919 Romae
829 879 946 934 passum
962 877 1023 917 esse
1073 875 1176 915 nenses
1191 861 1331 918 retulisse.
1352 861 1408 918 Sed
1426 869 1523 920 temen
1540 864 1685 921 neminem
1699 866 1801 938 excipit
1822 864 1887 940 88

209 960 328 1026 constet,
345 975 404 1015 non
416 958 568 1016 assentitur
579 958 776 1014 'tillemontius
798 956 909 1012 erudito
929 959 1024 1014 Aunu-
1073 953 1243 1026 Cyprianus,
1259 972 1292 1010 ac
1305 957 1489 1013 confessores
1501 958 1537 1012 ad
1553 974 1624 1030 quos
1637 958 1787 1027 scribebat,
1803 960 1888 1031 «pri-

212 1049 280 1106 lium
299 1051 527 1122 Cyprianicorum
543 1051 664 1120 auctori,
678 1051 728 1123 qni
745 1050 907 1123 Philippum
926 1065 1024 1106 mense
1075 1063 1169 1104 mores
1183 1051 1212 1102 et
1226 1049 1311 1104 duces
1325 1048 1361 1104 ed
1377 1051 1465 1106 nostri
1479 1053 1617 1124 temporis
1629 1051 1758 1124 praelium
1771 1075 1786 1105 ιι
1805 1055 1890 1125 signe

208 1146 335 1216 Augusto
368 1146 437 1201 anni
469 1147 522 1202 ule
561 1146 686 1201 occisum
721 1160 805 1212 esse,
839 1161 872 1199 ec
909 1144 1024 1200 Decium
1074 1142 1195 1197 movisse
1209 1141 1344 1198 declarat.
1360 1145 1445 1200 llulto
1459 1161 1529 1217 ergo
1544 1146 1800 1202 satiusesthaecde
1815 1163 1890 1202 mar·

211 1253 310 1294 mense
318 1239 390 1310 julio
405 1244 528 1295 exeunte
541 1254 697 1310 purpuram
707 1238 858 1310 sumpsisse
869 1237 1020 1293 existimat.
1078 1237 1175 1306 tyrum
1202 1225 1361 1292 constantia
1383 1237 1413 1292 in
1438 1238 1610 1294 cmcietibus
1636 1241 1832 1312 perferendis,
1860 1246 1891 1296 ut

212 1332 274 1388 llon
287 1331 433 1388 immerito
449 1333 567 1404 quidem
581 1333 717 1388 statuitur
729 1331 893 1404 Philippum
912 1335 1023 1387 utrum·
1074 1333 1137 1384 tota
1149 1328 1303 1384 verborum
1319 1331 1477 1402 complexio
1488 1334 1622 1402 postulat,
1635 1333 1772 1405 accipere.

210 1442 265 1497 que
280 1425 396 1498 periisse
409 1430 475 1482 ante
487 1427 576 1482 linem
591 1425 660 1482 anni
674 1427 737 1494 249,
747 1441 802 1481 nec
814 1429 923 1497 septem
934 1441 1025 1481 annos
1110 1423 1228 1478 Causam
1247 1424 1450 1495 persecutionis
1466 1427 1572 1497 repetit
1584 1427 1752 1499 Cyprianus,
1767 1427 1796 1483 in
1814 1427 1888 1484 libro

211 1519 425 1592 imperassent
448 1519 540 1574 visum
561 1523 603 1575 est
625 1518 763 1590 Eusebi03
778 1519 884 1591 quippe
907 1535 973 1574 oum
995 1519 1025 1574 in
1075 1517 1108 1572 de
1121 1517 1227 1587 lapsis,
1244 1533 1277 1572 ex
1300 1517 1529 1574 Christianorum
1547 1520 1676 1591 peccatis,
1690 1537 1814 1592 quorum
1833 1538 1888 1576 an-

210 1611 312 1669 Codice
326 1613 478 1670 lastiniani
491 1613 551 1686 (lib.
566 1629 603 1682 iv,
622 1613 665 1668 tit.
683 1612 726 1682 lu)
746 1615 837 1668 exstet
855 1612 1026 1684 rescriptum
1075 1609 1185 1682 tiquam
1206 1611 1342 1681 pietatem
1363 1612 1451 1684 longa
1472 1628 1525 1683 pax
1540 1613 1610 1668 adeo
1621 1620 1796 1685 cormperat,
1809 1621 1842 1670 ut
1858 1615 1890 1670 iu

211 1705 263 1762 sub
282 1705 357 1762 Decii
378 1707 496 1763 nomine
517 1706 617 1762 datum
639 1723 684 1763 nr
704 1706 762 1762 kal.
778 1722 853 1775 nov„
874 1705 1025 1762 AEmilieno
1076 1703 1218 1776 plerisque
1238 1705 1367 1776 pecunie
1389 1705 1492 1776 lanies,
1514 1706 1680 1786 deliciarum
1698 1723 1791 1777 amor,
1809 1709 1888 1763 irau-

214 1803 244 1858 et
256 1799 388 1873 Aquilino
402 1817 471 1857 coss.
486 1818 493 1869 ;
508 1800 641 1856 ridentur
658 1817 727 1872 ergo
741 1801 804 1873 jam
821 1804 884 1856 tum
902 1769 1065 1873 PhilippiB
1077 1797 1126 1852 des
1144 1799 1173 1852 et
1191 1797 1308 1869 rapinae,
1324 1799 1502 1856 matrimonia
1523 1815 1588 1856 cum
1606 1799 1778 1870 infidelibus,
1792 1802 1891 1874 periu-

212 1894 348 1968 periisse;
367 1893 458 1950 sedid
474 1896 707 1965 menseeugusto
720 1893 872 1966 contigisse
886 1910 943 1951 non
957 1909 1026 1967 pro·
1077 1889 1129 1958 ria,
1152 1890 1309 1948 inimicitie
1330 1897 1359 1948 et
1381 1892 1534 1949 meledicta
1560 1893 1661 1950 merito
1692 1896 1889 1967 culparentur.

212 1984 299 2045 batur
314 2005 321 2044 :
338 1987 495 2060 quinetiam
507 1988 577 2044 citat
588 1987 783 2044 'tillemontius
796 2005 831 2044 ex
844 1988 947 2046 Codice
963 1990 1026 2044 tus·
1078 1983 1217 2041 Plurimus
1239 1985 1326 2040 etiam
1343 1986 1490 2058 episcopos
1508 1987 1646 2044 iniecerat
1669 1988 1841 2061 corruptela,
1859 1989 1891 2044 in

215 2081 359 2154 tiniani(l.
374 2081 526 2153 v1,tit.3u)
542 2081 638 2152 legem
660 2098 676 2136 a
697 2081 826 2154 Philippo
844 2082 938 2138 datam
957 2081 1027 2138 idib.
1078 2077 1180 2148 quibus
1206 2078 1375 2150 Cyprianus,
1397 2096 1456 2135 non
1481 2081 1568 2137 modo
1592 2080 1772 2137 secularium
1794 2097 1893 2137 rerum

216 2175 326 2232 octobr.
339 2174 442 2232 eodem
462 2173 613 2231 AEmiliano
628 2175 751 2244 consule,
767 2175 812 2232 cui
831 2191 890 2231 non
907 2175 967 2232 sine
987 2191 1028 2231 er·
1078 2170 1293 2242 procurationes
1308 2177 1336 2228 et
1350 2189 1401 2244 per
1412 2172 1520 2230 alienas
1535 2175 1697 2246 provincias
1716 2175 1890 2248 negotiatio·

200 2299 203 2308 ι
217 2285 282 2326 rore
295 2269 404 2340 college
415 2269 577 2341 assignatur
588 2269 767 2341 Peregrinus.
1078 2263 1122 2318 nis
1134 2269 1301 2336 quaestuose
1315 2265 1469 2334 nundinas,
1483 2266 1533 2323 sed
1546 2267 1633 2324 etiam
1645 2267 1760 2324 iraudes
1771 2273 1800 2324 at
1811 2269 1891 2340 rapi·

251 2362 316 2432 Sed,
332 2377 510 2435 quaecunque
523 2361 609 2418 Decio
621 2361 785 2419 tribuantur
805 2363 921 2435 imperii
936 2361 1027 2433 initia,
1079 2373 1131 2412 uas
1144 2360 1173 2413 et
1185 2374 1287 2414 usuras
1301 2359 1431 2431 castigat.
1447 2362 1519 2416 Usus
1536 2367 1579 2418 est
1592 2362 1665 2417 [teus
1679 2361 1715 2418 ad
1739 2365 1783 2418 tot
1799 2362 1891 2419 malo·

216 2457 315 2528 negari
327 2470 387 2512 uon
401 2458 495 2528 potest
506 2455 732 2528 persecutionem
745 2455 904 2512 initioanni
916 2460 969 2513 neo
979 2473 1029 2512 sre—
1079 2467 1144 2506 rum
1170 2453 1400 2508 emendationem
1426 2454 1503 2510 Decii
1531 2455 1744 2526 persecutione,
1771 2472 1835 2528 quae
1863 2461 1892 2512 et

216 2549 310 2605 riisse.
326 2549 488 2606 Caruerunt
506 2549 662 2621 primordia
681 2547 848 2606 crudelitate
870 2554 1028 2606 tormento·
1078 2545 1220 2600 bonorum
1234 2545 1370 2616 pietatem
1385 2550 1413 2602 et
1424 2549 1611 2604 constantiam
1625 2548 1743 2604 mirilice
1753 2551 1891 2619 exercuit,

216 2659 295 2714 rum,
310 2659 368 2700 non
382 2642 412 2698 id
428 2643 544 2716 quidem
563 2642 696 2699 omnibus
716 2643 747 2699 in
768 2644 847 2714 locis,
864 2643 911 2700 sed
930 2644 1029 2701 saltem
1079 2640 1218 2693 eteorum
1241 2637 1291 2710 qui
1310 2639 1428 2696 numine
1447 2639 1540 2712 magis
1558 2657 1645 2713 quam
1669 2641 1723 2697 rite
1745 2643 1893 2698 christiani

215 2735 397 2808 Carthagine,
408 2735 458 2791 ubi
480 2735 574 2810 primo
592 2735 800 2792 confessoribus
821 2753 880 2793 non
902 2738 966 2793 alise
987 2737 1030 2793 in·
1079 2733 1171 2800 eraut,
1186 2731 1330 2803 ignaviam
1345 2738 1374 2789 et
1391 2733 1543 2790 interiores
1560 2735 1648 2790 animi
1669 2737 1747 2793 labes
1765 2737 1891 2792 nudavit.

216 2829 371 2885 llictrasunt
383 2845 579 2902 poenae,quem
588 2845 694 2898 carcer,
701 2830 834 2886 exsilium
843 2849 852 2902 ;
862 2831 919 2900 sed,
932 2833 1029 2905 paucis
1079 2825 1137 2880 linc
1148 2825 1227 2881 enim·
1238 2825 1336 2881 babuit
1346 2825 1492 2900 singulare
1502 2827 1563 2884 hec
1572 2831 1739 2901 persecutio,
1751 2835 1781 2885 ut
1792 2846 1894 2885 omnes

217 2923 364 2980 mensibus
385 2922 497 2997 elapsis,
516 2923 627 2979 nullum
647 2923 739 2980 abluit
761 2925 900 2980 cruciatus
924 2941 1026 2998 genus.
1080 2919 1198 2975 omnino
1217 2919 1391 2977 Christianos
1412 2923 1676 2994 comprehenderet,
1703 2925 1803 2980 saltem
1826 2925 1892 2980 Car-

218 3017 262 3074 sic
274 3015 417 3084 Aurelius,
430 3019 463 3071 ut
475 3016 514 3072 ait
526 3017 687 3089 Cyprianus
697 3017 782 3089 epist.
797 3021 842 3088 33,
852 3019 906 3075 suh
917 3042 931 3069 a
942 3021 1030 3077 oculis
1080 3012 1208 3084 thagine,
1224 3029 1276 3068 nec
1290 3013 1442 3086 quisquam
1455 3031 1490 3070 ex
1503 3031 1536 3072 ea
1549 3016 1772 3074 nisieuthristi
1782 3018 1893 3074 confes·

216 3115 282 3166 ente
305 3125 472 3181 paucomm,
496 3109 611 3182 quando
633 3110 752 3166 extorris
773 3111 869 3183 tiebat,
894 3129 1028 3186 congres-
1041 3131 1069 3207 c
1082 3123 1128 3162 sor
1143 3107 1287 3179 egregius,
1303 3115 1354 3164 aut
1367 3109 1583 3165 simulacrorum
1598 3109 1723 3183 pertidus
1739 3112 1839 3179 cultor,
1850 3113 1896 3168 rel

217 3219 264 3258 sus
279 3207 339 3273 ειη
354 3208 383 3258 at
397 3205 497 3274 postea
511 3203 619 3258 meruit
632 3209 662 3258 et
680 3203 710 3258 in
731 3203 793 3260 foro
813 3206 951 3278 congredi
970 3209 1028 3264 cla.
1081 3199 1248 3254 libellaticos
1274 3201 1442 3257 discederet.
1467 3203 1537 3257 Nam
1567 3201 1686 3274 singulis
1710 3204 1895 3276 explorandae

216 3295 291 3352 riore
302 3296 417 3363 virtute,
434 3299 465 3350 ut
486 3298 551 3366 post
567 3295 747 3367 magistratus
766 3295 852 3352 etiam
875 3315 1029 3370 proconsu.
1080 3292 1144 3348 iidei
1169 3293 1401 3364 praeliniehantur
1415 3295 1485 3365 dies,
1503 3300 1535 3351 ut
1547 3295 1586 3350 ait
1606 3297 1762 3369 Cyprianus
1776 3298 1803 3352 in
1822 3297 1895 3354 libro

216 3391 275 3444 lem
287 3388 412 3445 vinceret
424 3392 453 3443 et
472 3391 536 3459 post
551 3387 669 3443 exilium
685 3391 829 3446 tormenta
842 3397 1000 3463 superaret.
1014 3416 1027 3444 s
1080 3387 1113 3441 de
1125 3387 1221 3457 Lopsts
1234 3386 1274 3459 (p.
1288 3387 1359 3460 ree),
1376 3388 1471 3460 sicque
1492 3405 1552 3444 non
1574 3390 1665 3445 solum
1685 3391 1736 3463 qui
1754 3407 1817 3446 sese
1840 3409 1893 3446 au-

216 3481 368 3538 Existimat
381 3481 582 3537 Tillemontius
596 3482 824 3553 persecutionem
837 3485 919 3540 citius
934 3488 1031 3542 Romae
1081 3477 1177 3534 dflcler
1189 3479 1313 3549 diliebat,
1327 3481 1378 3536 Sed
1391 3481 1476 3538 “llam
1486 3483 1535 3554 <lui
1549 3503 1563 3532 u
1577 3483 1719 3555 Pt⁰f⁰⁵⁵t¹³
1731 3484 1805 3539 inim
1816 3485 1894 3540 diem

218 3591 303 3648 quam
325 3576 354 3630 in
376 3574 470 3630 Africa
490 3575 620 3645 saeviisse,
637 3591 668 3631 ee
684 3575 798 3647 lloysen
815 3582 844 3631 et
864 3579 1029 3648 llanimum,
1081 3589 1139 3627 non
1158 3579 1210 3642 est,
1228 3580 1255 3631 et
1277 3574 1451 3647 patrimonio
1470 3574 1608 3632 derelicto
1628 3578 1749 3647 secessit,
1761 3578 1893 3634 christia·

216 3669 396 3743 presbyteros
416 3671 567 3736 Romanos,
584 3669 644 3741 jam
665 3669 695 3724 in
722 3685 866 3726 carcarem
886 3673 1032 3744 conjectos
1082 3682 1196 3722 numae
1214 3669 1434 3724 esseconiessus
1452 3674 1533 3725 est.»
1554 3671 1651 3742 ltaque
1671 3661 1821 3727 nihil'erat
1833 3689 1894 3727 me·

218 3763 304 3819 fuisse
323 3780 388 3819 cum
411 3761 571 3835 persecutio
593 3763 624 3818 in
644 3761 739 3818 Africa
759 3764 876 3836 incepit,
901 3767 1031 3838 quamvis
1083 3760 1161 3815 dium
1178 3761 1243 3816 :vel
1256 3761 1313 3816 vita
1335 3777 1387 3834 pro
1409 3763 1519 3819 Christo
1540 3763 1742 3830 profundenda
1764 3768 1824 3820 erat
1846 3770 1896 3820 aut

217 3859 283 3929 post
296 3857 410 3912 Fabiani
428 3873 513 3928 pape
533 3855 703 3927 martyrium
726 3857 847 3928 conjecti
867 3858 984 3928 luerint,
1001 3863 1033 3915 ut
1082 3855 1182 3910 sellun
1204 3855 1411 3928 patrimonium
1432 3856 1654 3928 projiciendum,
1674 3858 1716 3913 rel
1742 3861 1894 3930 utrumque

219 3949 340 4006 habetur
354 3949 384 4003 in
397 3949 528 4004 Eucherii
544 3947 712 4004 Pontificeli.
731 3950 792 4004 Non
805 3967 872 4006 sane
892 3955 1033 4024 repugnat
1083 3963 1149 4003 cum
1163 3949 1270 4005 scelere
1282 3949 1473 4005 retinendum.
1489 3949 1565 4006 ldem
1579 3951 1705 4007 evenisse
1715 3952 1896 4009 alexandrie

218 4047 251 4098 ut
264 4042 421 4115 persecutio
435 4042 516 4098 citius
530 4043 629 4098 Romae
641 4058 729 4114 quam
743 4044 773 4098 in
792 4045 944 4116 provinciis
964 4063 1032 4102 eru-
1083 4041 1251 4114 perspicitur
1271 4057 1306 4097 ex
1327 4029 1463 4116 Dionysio
1477 4044 1676 4115 Alexandrino,
1694 4045 1771 4117 apud
1792 4047 1894 4101 Euseb.

219 4136 293 4209 perit
306 4155 315 4207 ;
329 4135 378 4192 sed
391 4141 488 4192 tamen
502 4135 635 4208 Cypriani
649 4136 734 4192 verba
751 4137 855 4209 quibus
868 4139 912 4194 vir·
925 4138 1032 4195 doctis·
1050 4193 1052 4197 ,
1082 4138 1154 4192 llist.
1169 4137 1197 4207 (t.
1213 4152 1250 4204 vr,
1264 4153 1325 4208 cap.
1342 4137 1399 4207 ll).
1417 4138 1570 4210 Deplorant
1584 4138 1706 4195 Romani
1719 4139 1896 4196 confessores

218 4231 308 4286 simus
331 4229 441 4298 nititur,
465 4245 524 4284 nou
544 4228 572 4284 id
595 4229 712 4286 omnino
734 4231 941 4302 demonstrent,
957 4232 1033 4304 quod
1085 4230 1265 4286 «multorum
1278 4231 1896 4306 pertotumpeneorbemruinas,etgrande

218 4323 271 4395 ipsi
291 4323 414 4393 videtur,
428 4324 604 4379 confessores
628 4326 772 4380 Romanos
792 4331 859 4382 aute
882 4326 912 4381 in
937 4340 1031 4382 carce·
1084 4322 1219 4379 delictum
1233 4338 1284 4395 per
1297 4326 1471 4396 totumpene
1482 4325 1579 4380 orbem
1592 4325 1750 4382 incredibili
1764 4327 1896 4384 vastatio

219 4432 280 4472 rem
302 4411 448 4488 ¹conjectos
473 4415 557 4473 luisse
583 4432 670 4488 quem
694 4417 955 4491 Carthaginenses3
983 4421 1032 4477 sed
1085 4434 1120 4472 ne
1137 4421 1297 4489 grossetum
1317 4416 1415 4490 (Epist.
1429 4419 1510 4490 26).»
1528 4439 1542 4468 a
1564 4419 1663 4490 Aspice
1684 4423 1775 4476 totum
1796 4421 1897 4476 orbem

219 4513 331 4566 tantum
350 4511 490 4566 cruciatus
513 4515 542 4566 et
564 4515 708 4566 tormenta
728 4511 807 4583 prius
831 4513 930 4568 Romae
955 4515 1030 4570 inca·
1042 4493 1071 4566 D
1083 4527 1157 4583 pene
1169 4515 1320 4578 vastatum,
1337 4510 1432 4582 inquit
1453 4512 1544 4567 clerus
1560 4515 1707 4570 Romanus
1730 4515 1821 4586 (epist.
1838 4517 1895 4586 tt),

218 4604 293 4675 pisse
311 4619 397 4676 quam
416 4603 597 4676 Carthagine.
613 4605 657 4661 Sic
676 4604 753 4661 enim
769 4604 898 4676 loquitur
913 4607 1031 4679 Cypria·
1082 4610 1110 4660 ct
1123 4605 1229 4677 ubique
1238 4605 1334 4677 jecere
1355 4605 1532 4676 dejectorum
1552 4606 1689 4678 reliquiae
1709 4609 1737 4662 et
1756 4608 1896 4663 ruinas.»

220 4714 273 4752 nus
288 4697 316 4752 in
332 4695 451 4768 epistola
463 4700 509 4765 25,
525 4697 562 4752 cd
580 4699 694 4766 lloysem
715 4704 740 4753 et
753 4701 904 4756 Maximum
925 4707 951 4755 et
966 4702 1032 4758 alies
1082 4699 1170 4754 Deilet
1183 4698 1269 4754 etiem
1281 4698 1438 4770 Cyprianus
1448 4700 1529 4771 epist.
1547 4703 1574 4768 6,
1590 4721 1604 4750 a
1617 4701 1754 4756 intestam
1767 4705 1896 4774 tempes-

218 4793 408 4860 ccnscssorcs:
438 4811 452 4842 a
479 4792 532 4846 llos
559 4790 638 4846 enim
663 4789 803 4862 primores
829 4797 857 4848 et
883 4793 969 4849 duces
995 4795 1032 4851 ad
1081 4793 1181 4859 tatem,
1203 4813 1218 4842 n
1240 4807 1305 4863 quc
1333 4791 1419 4863 ipsius
1444 4793 1570 4864 plebem,
1596 4794 1721 4850 maxima
1745 4809 1779 4850 ex
1802 4799 1896 4868 parte,

217 4885 307 4942 nostri
337 4885 472 4956 temporis
502 4884 636 4955 praelium
668 4883 736 4942 lecti
768 4885 888 4942 coelestis
922 4887 1032 4944 militiae
1082 4887 1280 4956 prostraverat,
1295 4903 1327 4941 ac
1342 4887 1426 4942 etiam
1444 4886 1512 4942 oleri
1531 4888 1695 4958 portionem
1715 4889 1896 4960 perstrinxe-

217 4979 299 5048 signe
313 4977 439 5034 movistis
451 4996 460 5048 ς
473 4995 524 5034 vos
541 4978 669 5050 spiritale
688 4984 845 5050 certarnen,
861 4982 936 5054 quod
954 4998 1032 5038 nunc
1081 4982 1134 5048 rat,
1151 4979 1278 5051 quamvis
1289 4981 1380 5036 serius
1392 4980 1487 5036 clerici
1500 4980 1666 5037 ceciderint.
1681 4983 1742 5037 Non
1756 4982 1817 5038 sine
1830 4999 1897 5054 gra·

219 5071 281 5143 geri
303 5073 377 5126 Deus
399 5071 496 5140 voluit,
510 5073 610 5128 vestris
629 5073 778 5129 virtutibus
798 5074 959 5145 imbuistis,
974 5092 1031 5133 -vos
1081 5073 1195 5128 sissimo
1209 5072 1306 5129 dolore
1320 5073 1454 5130 meminit
1465 5075 1494 5128 in
1510 5073 1583 5130 libro
1597 5075 1631 5130 de
1645 5075 1741 5146 lapsis
1764 5075 1802 5147 (p.
1821 5077 1896 5149 isa),

219 5163 361 5236 surgentis
379 5164 446 5220 belli
458 5165 582 5237 impetus
596 5166 704 5237 primos
716 5166 856 5223 immobili
870 5167 972 5224 robore
988 5174 1030 5226 at·
1084 5187 1098 5216 «
1112 5167 1146 5222 ed
1164 5167 1256 5239 prima
1276 5167 1372 5224 statim
1393 5167 1478 5224 rerba
1495 5167 1632 5223 minantis
1655 5168 1776 5238 inimici,
1798 5171 1898 5225 maxi-

217 5257 455 5331 queinconcuasa
469 5259 619 5315 stabilitate
638 5259 785 5331 fregistis:
808 5260 876 5316 inde
895 5262 1030 5319 initiale·
1082 5275 1162 5317 mum
1184 5261 1305 5317 fratrum
1331 5277 1485 5317 numerum
1507 5259 1596 5316 fidem
1618 5277 1700 5318 suam
1725 5261 1897 5334 prodidisse,

216 5350 281 5407 licia
302 5351 451 5424 pugnandi
472 5358 533 5409 orta
554 5355 638 5423 sunt3
663 5353 729 5408 inde
751 5353 882 5410 vincendi
905 5357 1031 5429 auspicia
1080 5369 1133 5410 nec
1147 5357 1318 5425 prostratum
1337 5369 1400 5410 esse
1419 5355 1626 5426 persecutionis
1643 5355 1764 5428 impetu,
1778 5357 1830 5413 sed
1843 5373 1895 5412 vo-

218 5448 376 5518 coeperunt.
389 5444 514 5519 Contigit
531 5445 578 5502 hic
598 5461 649 5518 per
668 5451 815 5502 tormenta
836 5451 1030 5506 consummari
1080 5447 1204 5503 lunmrio
1218 5448 1301 5518 lapsu
1314 5448 1438 5519 seipsum
1452 5447 1646 5520 prostravisse.
1667 5449 1729 5505 Non
1748 5453 1896 5521 exspecta·

216 5540 374 5612 martyria3
409 5539 459 5595 sed
491 5539 540 5612 qui
568 5539 598 5595 in
629 5540 833 5613 congressione
863 5542 1030 5614 praecedens
1080 5544 1191 5610 rerunt,
1213 5541 1317 5614 inquit,
1331 5542 1432 5598 saltem
1452 5545 1484 5597 ut
1503 5541 1673 5615 interrogati
1696 5548 1847 5615 negarent,
1865 5550 1898 5601 ut

214 5633 376 5706 exemplum
395 5633 506 5689 virtutis
526 5633 661 5690 fratribus
683 5635 773 5690 tactus
794 5637 847 5705 est,
864 5651 929 5692 cum
952 5652 1027 5692 mar·
1079 5634 1463 5708 ascenderentepprehensi3
1476 5637 1642 5693 anteaciam
1653 5636 1897 5707 multiricti,sine

212 5725 371 5799 tyribusin
392 5727 499 5784 honore
520 5729 751 5786 communisset.
774 5729 898 5786 Coronas
920 5735 1029 5785 vestras
1079 5729 1280 5800 congressione
1303 5731 1447 5801 prostrati,
1471 5747 1526 5786 nec
1552 5729 1605 5785 hoc
1628 5729 1681 5786 sibi
1703 5730 1894 5803 reliquerunt,

211 5836 300 5877 manu
331 5828 420 5877 sertas
448 5821 517 5878 inde
542 5823 598 5880 huc
624 5821 776 5880 tradidistis
800 5828 829 5880 et
857 5823 891 5881 de
921 5823 1025 5898 poculo
1080 5823 1895 5894 utsecrificareidolisriderenturinriti3ultroedlorum
