4012 6192
115 267 159 324 117
702 271 802 331 LIBER
821 273 865 332 DE
884 273 995 334 lauba
1013 275 1183 338 ldhli'll’llll.
1728 299 1781 360 818

114 381 259 450 intuebitur
271 395 299 452 et
316 391 430 450 animas
449 393 485 452 ab
504 395 564 470 ipsa
581 397 668 456 etiam
687 405 784 458 morte
802 417 917 459 revoca·
968 421 1020 477 per
1044 423 1124 480 spem
1153 426 1251 481 suam,
1283 420 1312 470 et
1336 416 1432 475 oculos
1458 419 1568 492 aperire
1594 424 1629 482 ad
1658 425 1779 488 selrrtsrn

114 495 160 542 tos.
176 486 370 543 considerabit
389 488 478 546 etiam
497 489 533 547 da
555 493 714 564 sepulchris
734 494 918 554 admirabiles
968 501 1071 556 suaml
1094 503 1149 558 lloc
1171 507 1216 560 est
1234 511 1427 578 spectaculum
1450 513 1545 589 787
1569 520 1645 592 quod
1667 521 1780 580 ridetur

112 583 227 653 ipsorum
252 586 487 654 consumptorum
507 584 570 656 jem
590 586 625 642 ad
649 587 734 643 vitam
762 604 916 662 corporum
968 592 1060 650 etiam·
1087 597 1245 654 luminibus
1275 602 1396 660 amissis.
1428 607 1484 662 lloc
1517 617 1558 666 est
1588 618 1780 684 spectaculum

113 675 242 746 redactas,
267 679 294 730 11
318 676 350 730 in
375 675 420 732 his
447 677 580 734 omnibus
606 680 698 752 rnaJas
722 682 783 752 jam
810 683 916 739 videbit
967 688 1042 759 qood
1058 704 1117 744 non
1131 691 1247 748 exhibet
1260 699 1427 764 praetoraut
1441 703 1548 768 consul,
1560 706 1665 778 sedqni
1679 713 1721 764 est
1735 725 1778 766 so-

112 768 305 840 spectaculnm,
320 768 466 825 diabolum
484 771 577 842 illum,
591 774 640 846 qui
662 778 755 831 totum
774 777 916 833 detrium-
966 780 1011 836 lus
1024 787 1053 836 et
1064 786 1130 839 ante
1140 785 1274 842 omniaet
1285 791 1487 862 superomnia,
1498 795 1557 850 imo
1568 796 1664 873 788
1674 817 1707 856 ex
1718 818 1775 875 qno

112 861 240 934 pharerat
265 861 319 932 (18)
347 865 499 934 mundum,
522 865 574 922 snb
598 866 718 938 pedibus
743 870 846 926 Christi
865 872 912 942 ja·
966 874 1072 942 omnia,
1088 877 1170 932 Pater
1192 879 1303 935 Domini
1327 885 1415 938 nostri
1434 887 1498 940 lesu
1516 889 1630 958 Christi,
1651 895 1695 948 cai
1713 897 1774 950 lans

112 957 227 1010 centem.
242 954 333 1020 Quam
353 955 406 1012 hoe
425 956 560 1014 decoram
583 962 785 1031 spectaculum,
802 963 913 1032 iratres,
965 972 993 1022 et
1014 968 1108 1024 honor
1126 970 1156 1026 iu
1174 973 1275 1028 saccula
1297 951 1477 1034 sucularum.
1491 979 1563 1052 Opto
1582 999 1641 1052 ros,
1661 986 1773 1058 iratres,

111 1063 187 1120 quana
204 1048 376 1120 jucundum,
397 1067 482 1124 quem
501 1053 702 1124 necessarium,
716 1056 821 1112 intueri
843 1073 914 1112 seru·
963 1077 1076 1132 semper
1088 1062 1160 1120 bane
1173 1065 1275 1122 velere.
1288 1069 1389 1124 tmen.

744 1209 858 1292 Steph.
880 1211 1005 1278 llelnzii
1026 1221 1124 1280 norae.

123 1350 179 1430 ι(111)
209 1349 464 1414 Detriurnpbauerot.
495 1353 685 1438 Tertullianus
718 1355 746 1406 in
783 1355 914 1422 ,1ροὶ191-
962 1373 1025 1410 mus
1040 1361 1067 1410 in
1082 1375 1154 1411 nora
1169 1365 1261 1414 nostra
1274 1365 1440 1421 collectione
1453 1369 1643 1426 Conciliornm
1656 1392 1701 1441 pp.
1717 1381 1764 1431 'ild

110 1421 279 1471 luroralllos
296 1435 442 1504 nunquam
461 1437 550 1506 magra
570 1425 811 1491 detriumphamus
829 1441 913 1492 quem
963 1429 1017 1480 lit.
1039 1429 1070 1480 ln
1092 1432 1208 1496 antiqua
1224 1435 1350 1488 versione
1371 1441 1483 1490 concilii
1502 1445 1583 1506 sexti,
1603 1447 1713 1500 actione
1733 1450 1762 1501 il

110 1505 166 1540 cum
186 1505 236 1555 pro
252 1491 317 1542 fider
339 1493 526 1546 obstinatione
546 1495 721 1546 damnamur.
742 1511 757 1541 s
780 1497 913 1548 Miuutius
963 1499 991 1551 ln
1007 1501 1129 1566 Epistola
1144 1503 1233 1568 Sergii
1248 1505 1301 1556 CP.
1317 1508 1354 1558 od
1372 1511 1519 1562 Honor-ium
1539 1517 1637 1579 Papam
1650 1487 1774 1584 legitur?

111 1561 201 1612 Felix:
222 1581 235 1608 1
256 1563 334 1626 Quos
349 1566 557 1648 ⁴populererant
577 1566 799 1632 detriumphatos
819 1569 912 1621 colere
962 1571 1064 1654 fnim
1080 1573 1267 1639 redarguisset
1280 1579 1365 1644 atque
1379 1579 1571 1648 depompesaet
1584 1600 1696 1652 pravam
1714 1593 1774 1656 ejus

109 1637 254 1696 ompernut.
284 1653 298 1680 s
326 1633 373 1686 Src
400 1641 484 1686 etiam
519 1635 651 1690 dicebant
680 1637 838 1702 depompora
863 1654 912 1704 pro
961 1643 1139 1708 impietatem.
1153 1663 1169 1692 s

108 1703 258 1755 autumatio
279 1706 390 1770 officere,
414 1707 455 1758 1111
481 1708 609 1773 pluribus
629 1710 764 1776 exemplis
787 1711 912 1762 ostendi-

534 2094 627 2204 DE
688 2096 929 2208 LAUDE
981 2099 1336 2214 MARTYRH

823 2383 993 2479 LIBER
1017 2371 1053 2435 (¹)

102 2801 307 2881 787-788
318 2811 514 2868 Anonusuruu.
528 2841 562 2852 -
577 2811 696 2868 Modern
708 2813 954 2882 martyriisublimi
963 2813 1073 2870 dicendi
1081 2828 1177 2882 penem
1185 2816 1371 2884 prosequitur,
1385 2817 1440 2870 trio
1448 2818 1620 2886 potissimum
1631 2821 1684 2876 toto
1698 2820 1767 2875 titre

132 2894 183 2950 late
193 2904 372 2966 pertractans
385 2919 394 2954 .·
408 2900 476 2969 quid
487 2917 582 2971 nempe
600 2904 647 2965 eit,
662 2908 796 2972 quonium
809 2904 855 2972 eit,
869 2907 895 2958 ei
907 2905 952 2958 cui
963 2905 1004 2958 rei
1021 2905 1118 2972 prosit.
1141 2902 1265 2958 Pulchris
1276 2904 1386 2958 interim
1398 2905 1621 2964 similitudinibus
1636 2913 1661 2962 et
1680 2924 1765 2979 orpu-

130 2990 214 3042 meato
240 3003 258 3040 o
280 2987 452 3057 quotidianis
471 2991 614 3058 funeribus
633 2995 750 3062 sumpto,
766 2991 804 3046 od
824 2997 936 3048 mortem
955 3005 1006 3062 pro
1028 2990 1134 3046 Christo
1148 2991 1267 3046 lubenter
1288 2992 1437 3048 obeundam
1459 2994 1595 3050 testatur.
1609 2999 1671 3052 Jam
1693 3000 1766 3054 inter

129 3076 240 3130 1111111111
255 3080 384 3146 martyrii
396 3084 545 3148 enumerat,
559 3081 632 3149 quod
647 3083 766 3136 uniuersi
780 3081 882 3137 doloris
903 3085 1023 3151 rapertus
1035 3085 1169 3150 martyres
1194 3081 1299 3136 Domini
1317 3083 1478 3151 propitiatio
1500 3090 1614 3148 coronet,
1638 3088 1679 3141 ito
1692 3093 1722 3142 ut
1735 3089 1767 3142 iu

130 3177 170 3218 eos
189 3179 246 3219 non
270 3171 402 3236 competat
426 3167 497 3222 illud
512 3167 622 3232 Christi,
643 3184 727 3240 usqae
750 3169 929 3240 quadrantem
951 3171 1077 3225 altimum
1097 3169 1219 3225 reddere.
1244 3171 1353 3224 Premit
1364 3186 1425 3226 aero
1448 3173 1503 3227 ioco
1521 3177 1660 3245 proponit,
1676 3181 1764 3232 tuma

129 3253 251 3320 aeternae
263 3260 334 3310 metu
349 3259 529 3321 securitatem,
544 3263 600 3314 tum
614 3261 678 3314 uita
690 3263 796 3314 etune
802 3263 1020 3326 consecutionem,
1035 3261 1130 3330 paucis
1138 3261 1242 3328 poetico
1258 3259 1375 3328 quodam
1387 3275 1459 3315 more
1471 3268 1589 3332 atroque
1601 3265 1761 3327 describens,

129 3342 223 3398 rteirrde
235 3345 309 3412 qaod
322 3346 483 3414 quibusdam
493 3350 530 3402 sit
542 3363 645 3403 corone
660 3349 713 3404 ioco
726 3351 903 3418 martyriam,
918 3349 981 3404 aliis
994 3351 1043 3419 qui
1055 3350 1187 3418 sanquine
1201 3363 1247 3404 sito
1267 3350 1398 3404 locontur
1415 3355 1589 3419 peccatoram
1605 3354 1764 3423 redemptio.

129 3431 274 3500 Postremo,
292 3433 339 3487 ubi
363 3435 513 3506 seripturis
534 3439 639 3508 aliquot
661 3437 698 3493 cd
719 3439 909 3504 conlusorem
930 3439 1045 3494 nominis
1070 3437 1170 3493 Christi
1193 3452 1235 3492 eos
1260 3440 1403 3502 animanti,
1426 3443 1456 3494 ut
1480 3442 1524 3495 sui
1549 3456 1677 3498 memores
1704 3445 1760 3498 sint

128 3528 215 3590 repat,
229 3539 289 3578 cum
306 3527 335 3578 in
357 3529 394 3581 eis
415 3529 542 3584 Dominus
562 3532 725 3600 martyrium
745 3531 852 3601 oeperu
875 3531 1018 3599 honorare,
1041 3535 1132 3600 utpote
1155 3531 1251 3602 quibus
1267 3532 1419 3602 petentibus
1439 3548 1494 3588 non
1516 3549 1617 3606 nepare
1637 3537 1765 3593 credatur

127 3615 269 3670 Dominus.

126 3783 145 3837 1.
171 3785 231 3841 Etsi
258 3785 449 3858 incongruens
476 3791 530 3867 est,
554 3790 657 3846 iratres
682 3791 851 3863 charissimi,
873 3793 902 3848 in
913 3804 941 3880 C
953 3791 1098 3866 confringi
1113 3793 1133 3858 ¹,
1149 3808 1215 3848 cum
1229 3791 1416 3866 exsequendae
1427 3792 1519 3851 laudis
1532 3795 1685 3868 cupiditate
1701 3814 1764 3853 suc·

94 3873 144 3931 bor
167 3877 269 3935 farore
297 3879 411 3936 dicendi
439 3881 549 3954 aliquid
573 3883 769 3956 trepidationis
790 3885 901 3958 afferre,
953 3886 1096 3957 conditur,
1117 3889 1146 3942 et
1169 3902 1186 3942 a
1208 3885 1351 3958 loquendo
1373 3887 1568 3960 magnitudine
1586 3889 1697 3945 virtutis
1720 3892 1766 3945 in-

94 3971 270 4045 minimequa
290 3973 390 4030 deceat
416 3975 540 4047 gloriam
565 3981 653 4033 tantm
675 3977 833 4035 devotionis
855 3979 901 4034 in·
952 3979 1075 4048 hibetur,
1090 3994 1155 4034 cam
1174 3983 1223 4034 aut
1243 3995 1300 4034 nou
1322 3979 1421 4035 deceat
1438 3985 1543 4052 tacere,
1558 3984 1607 4036 aut
1628 3983 1767 4054 periculo-

93 4064 214 4137 lringere
228 4085 264 4123 ex
279 4085 313 4124 eo
326 4069 402 4139 quod
415 4069 508 4125 fatear
520 4087 566 4126 me
579 4070 695 4143 coepisse
709 4072 850 4144 dubitare,
864 4077 902 4128 ta·
952 4089 1014 4127 sam
1029 4072 1065 4126 sit
1077 4087 1179 4143 parum
1193 4069 1299 4141 dicere,
1315 4071 1369 4128 nisi
1391 4073 1465 4145 quod
1486 4075 1616 4130 aestuanti
1638 4076 1699 4130 haec
1720 4091 1764 4130 res

93 4174 154 4216 men
170 4160 330 4218 identidem
345 4161 406 4218 dico
425 4163 488 4236 ipsa
500 4163 628 4222 animum
642 4165 678 4238 (i)
697 4165 901 4222 deliberatione
952 4166 1011 4221 sola
1025 4165 1156 4220 subvenit
1168 4163 1247 4235 qrrod
1261 4165 1392 4222 rideatur
1404 4165 1515 4238 ignosci
1533 4169 1559 4224 ei
1580 4169 1662 4225 facile
1682 4183 1764 4240 posse

782 4339 888 4406 Varia
909 4339 1077 4405 lectiones.

122 4472 201 4538 *lpas
215 4472 302 4526 animi
314 4474 369 4526 rael
384 4471 585 4528 deliberatione
598 4474 734 4542 mohingl
753 4491 759 4525 :
773 4476 851 4528 Nam.
865 4476 937 4527 lom.
952 4473 1030 4526 uror.
1043 4475 1096 4528 Nc.
1109 4475 1131 4525 t.
1143 4473 1332 4541 confringam.
1350 4474 1411 4525 Tin.

741 4621 853 4705 Steph.
883 4621 1007 4687 Baluzii
1030 4626 1130 4687 note.

117 4749 149 4811 11)
169 4750 209 4800 De
230 4747 308 4800 laude
327 4748 460 4812 martyrii.
473 4773 504 4786 -
517 4749 572 4800 1111
595 4749 666 4802 liber
688 4749 781 4801 adilae
797 4749 850 4800 fult
865 4749 1074 4847 anMoysem
1108 4751 1250 4800 mortuum
1284 4759 1346 4798 esse
1383 4747 1446 4798 ante
1481 4745 1646 4798 electionem
1682 4758 1761 4812 papae

90 4815 734 4874 111111111111111111(1111111111111111111111111
753 4819 899 4872 mendoso.
951 4819 1082 4880 Cornelii,
1119 4820 1247 4882 adeoque
1283 4821 1348 4869 ante
1383 4817 1459 4867 luem
1498 4821 1525 4868 et
1561 4821 1669 4882 pestem
1700 4831 1764 4882 quae

90 4891 132 4940 aa
155 4895 252 4946 autem
279 4891 412 4942 Erasmus
435 4889 464 4940 in
487 4891 712 4942 annotationibus
730 4892 789 4942 suis
810 4892 902 4943 nemi·
952 4892 1114 4942 universum
1142 4889 1237 4941 orbern
1270 4887 1384 4952 depasta
1413 4891 1456 4938 est
1483 4900 1556 4939 anno
1585 4889 1650 4950 252,
1683 4891 1764 4953 cujus

89 4975 151 5012 nem
167 4963 228 5014 iore
245 4967 302 5012 tam
322 4961 415 5013 obesse
432 4961 508 5012 naris
528 4961 598 5026 quin
615 4961 691 5013 illico
715 4975 848 5014 sensurus
866 4962 903 5013 eit
952 4963 1098 5014 occasione
1114 4959 1271 5025 Cyprianus
1282 4958 1393 5022 scripsit
1413 4957 1516 5009 librum
1536 4957 1568 5009 de
1587 4959 1763 5012 Mortolr'tote.

88 5033 190 5095 stylum
219 5033 303 5098 hujus
333 5033 424 5098 operis
451 5033 533 5097 louge
558 5031 672 5098 lateque
700 5032 858 5098 discrepare
885 5047 902 5083 a
951 5033 1056 5083 Verum
1072 5033 1124 5082 ista
1143 5029 1346 5095 argumentatio
1362 5029 1468 5081 nullius
1488 5032 1530 5080 111
1544 5031 1690 5082 momenti.
1706 5031 1763 5082 tla-

88 5101 209 5155 dictione
237 5103 379 5168 Cypriani.
409 5101 528 5164 Contra,
557 5103 693 5154 Beronius
721 5107 816 5154 censet
841 5117 902 5155 ease
950 5101 1050 5154 bemus
1066 5103 1142 5153 enim
1156 5101 1292 5165 plurimos
1309 5099 1420 5152 codices
1441 5101 1561 5166 optimos
1583 5105 1612 5152 et
1633 5103 1764 5154 vetustis-

88 5173 230 5238 Cypriani,
244 5179 271 5226 et
291 5173 453 5238 opinionem
473 5172 583 5224 Erasml
602 5173 637 5226 de
658 5173 817 5226 diuersitate
837 5174 901 5239 styli
951 5175 1037 5225 simos
1061 5173 1089 5224 111
1114 5171 1217 5236 quibus
1238 5170 1316 5221 nulla
1339 5171 1445 5222 mentio
1465 5171 1568 5238 Moysis
1591 5176 1619 5224 et
1642 5173 1763 5236 Maximi,

88 5246 223 5297 convellit
249 5247 412 5310 argumento
439 5248 571 5310 suscepto
594 5259 629 5297 ex
654 5245 726 5297 libro
757 5259 787 5300 111
812 5247 901 5298 saneti
952 5249 979 5296 et
1001 5245 1030 5296 in
1053 5243 1134 5294 titulo
1154 5242 1218 5294 libri
1241 5241 1376 5306 scriptum
1397 5247 1440 5293 est
1460 5241 1641 5308 simpliciter:
1665 5245 1764 5310 incipit

89 5317 240 5381 Augustini
264 5315 298 5366 da
323 5315 452 5366 1111111111
477 5315 645 5378 Christiano,
661 5327 696 5366 ex
720 5329 776 5382 quo
800 5316 900 5380 collegi
950 5315 1091 5368 1111111111
1116 5313 1309 5380 Martyrii,vel
1330 5313 1435 5379 aliquid
1455 5315 1554 5368 simile.
1574 5315 1677 5380 Moysis
1698 5329 1763 5381 ergo

87 5385 328 5451 Cyprianumnon
342 5397 451 5450 semper
466 5398 577 5436 serrare
590 5387 665 5438 idem
679 5385 899 5453 dicendlganus,
952 5391 979 5438 et
990 5385 1104 5439 Maximi
1118 5387 1233 5437 uomina
1254 5385 1360 5450 adiecta
1380 5386 1447 5436 suut
1469 5385 1505 5436 ab
1529 5385 1623 5451 aliquo
1640 5385 1764 5438 studioso

87 5471 186 5522 nempe
203 5456 343 5508 interdum
357 5457 477 5508 sublime
490 5458 592 5508 sectari
614 5463 643 5509 et
662 5459 808 5510 verborum
830 5471 899 5510 exa·
949 5459 997 5523 qni
1019 5457 1175 5522 intelligens
1195 5471 1230 5508 ex
1250 5456 1341 5508 verbis
1361 5457 1441 5508 istius
1463 5456 1528 5509 libri
1553 5471 1624 5522 opus
1643 5459 1763 5511 1111111-

87 5527 211 5580 berantia
243 5529 387 5594 copiosum
419 5541 491 5592 ease,
518 5529 670 5594 aliquando
698 5543 766 5584 vero
798 5530 899 5582 humili
949 5533 1057 5580 rectum
1078 5528 1113 5578 ad
1134 5529 1315 5591 confessores,
1333 5527 1386 5578 sibi
1403 5529 1540 5596 persuasit
1559 5541 1607 5582 eos
1627 5541 1683 5579 non
1698 5541 1759 5578 1111

88 5603 169 5664 atque
192 5599 332 5651 submisso
357 5599 469 5652 dicendi
492 5614 602 5664 genere.
624 5599 706 5664 Quod
729 5615 826 5652 verum
847 5605 897 5652 est.
949 5599 1017 5649 allos
1034 5612 1117 5664 quam
1140 5599 1262 5662 Moysem
1283 5601 1310 5648 11
1331 5599 1483 5650 Maximum
1506 5603 1533 5650 et
1553 5603 1668 5650 cataros
1689 5609 1761 5648 con-

88 5669 270 5722 Bellarminus
283 5684 394 5736 quoque
409 5671 548 5724 existimat
568 5684 632 5726 esse
649 5671 788 5737 Cypriani.
803 5671 899 5736 Aliqui
949 5671 1068 5721 iessores
1080 5670 1114 5720 ad
1128 5683 1199 5733 quos
1213 5668 1345 5734 Epistulae
1358 5683 1400 5720 xv
1415 5673 1442 5720 at
1457 5682 1530 5722 xxiv
1551 5672 1617 5721 suot
1636 5667 1758 5718 directas.

88 5743 222 5804 colligunt
236 5741 289 5793 boc
303 5755 439 5807 opusnon
457 5756 518 5795 ease
531 5743 673 5808 Cypriani,
687 5743 763 5808 quod
776 5743 899 5794 directus
949 5741 1029 5794 Adde
1054 5741 1082 5790 in
1106 5740 1228 5792 furorem
1261 5739 1346 5804 hujus
1369 5741 1478 5805 operis,
1503 5738 1574 5791 illud
1600 5738 1704 5801 ubique
1731 5737 1760 5785 111

89 5810 123 5862 111
147 5812 184 5866 ed
220 5812 345 5882 Moysem
376 5817 405 5869 et
439 5815 601 5882 Maximum,
629 5817 656 5870 11
682 5815 758 5882 quod
791 5816 899 5870 constet
952 5811 1082 5868 omuibus
1115 5811 1259 5867 codicibus
1294 5811 1418 5881 1111111111
1456 5811 1569 5880 reperiri
1605 5809 1765 5864 constanter
