3978 6204
6 269 7 274 '
79 289 114 344 ιιι
613 279 718 340 niara
732 283 775 340 na
797 281 917 339 aleno
939 277 1114 338 vinorum.
1675 285 1727 342 aaa

6 401 7 404 ’
77 411 130 464 alios
142 413 231 463 nmen
247 407 358 480 perdas,
380 411 409 462 et
423 408 502 462 velut
515 407 643 478 gladium
659 407 715 481 (37)
732 411 759 463 te
774 411 803 463 et
817 423 862 464 vc·
875 420 903 494 Α
916 411 943 460 ta
971 405 1093 460 sentiant
1121 402 1297 475 indigentes3
1325 405 1499 476 patrimonio
1523 410 1571 462 tuo
1595 409 1650 481 (30)
1674 409 1730 464 [leo

6 511 7 538 t
76 519 161 558 nanum
186 501 344 558 ridentibus
369 501 508 572 prebeas,
536 501 665 557 excusari
697 517 755 558 non
784 506 865 573 potes
914 500 1012 556 lanera
1038 515 1044 554 ε
1072 497 1215 555 Christum
1244 499 1315 554 ciba.
1346 499 1381 556 Ut
1405 499 1576 572 virginitatis
1602 502 1730 574 perferre

75 598 137 669 quasi
149 601 236 652 mente
254 598 332 651 casta
349 594 386 650 sis
400 600 429 650 at
446 595 559 667 pudica.
582 595 739 666 Redarguit
758 601 784 652 te
802 595 862 650 cul·
914 593 1036 665 gloriam
1049 593 1142 662 liceat,
1156 597 1188 647 ut
1202 592 1235 647 ad
1250 592 1362 648 liomini
1378 595 1498 666 praemia
1512 595 1609 652 venire
1622 597 1730 653 contin·

74 689 472 762 tusimprobusetimpudicus
489 695 615 760 ornatus,
634 705 686 745 nec
704 689 864 761 computari
914 691 973 760 gat,
1000 686 1156 742 nrrrltorum
1184 686 1316 758 precibus
1342 703 1440 744 exora.
1470 689 1647 746 Commendo
1671 689 1731 748 illic

71 786 116 856 jam
129 786 200 855 potes
212 783 285 838 inter
300 783 406 856 puellas
425 788 454 839 et
466 783 593 856 virgines
613 783 728 852 Christi,
742 799 806 855 quaa
822 783 864 838 sic
914 781 1063 838 thesauros
1085 785 1149 836 tuos
1170 780 1216 836 ubi
1239 781 1285 835 lur
1307 781 1400 836 nullus
1420 781 1546 852 effodiat,
1560 799 1616 856 quo
1633 785 1731 840 nullus

6 867 7 876 ¹
72 880 125 934 rivis
138 881 165 931 ut
176 879 262 948 possis
278 877 417 933 adamari.
915 874 1051 931 insidians
1072 880 1216 946 grassator
1230 875 1381 948 irrumpat.
1398 876 1590 934 Possessiones
1607 878 1659 935 tibi
1680 880 1730 935 sad

6 989 7 1016 ι
97 973 315 1043 sescuplarem
336 974 364 1027 te
385 971 456 1026 dicis
482 975 510 1028 et
531 971 656 1027 divitem.
682 970 737 1028 Sed
755 971 864 1043 jactare
914 969 1043 1026 ccclesias
1059 969 1152 1041 magis
1167 985 1308 1041 compara,
1325 969 1373 1024 ubi
1393 969 1502 1026 fructus
1521 973 1584 1026 tuos
1603 971 1731 1044 jugesao

70 1065 162 1122 divitias
175 1081 236 1120 suos
251 1065 391 1137 virginem
409 1083 466 1123 non
485 1065 576 1134 decet,
596 1081 661 1120 cum
679 1064 753 1122 dieat
769 1065 863 1136 Scrip-
914 1079 1056 1136 perennes
1080 1069 1109 1119 et
1134 1062 1169 1118 ab
1194 1062 1273 1118 omni
1299 1067 1430 1119 contamu
1455 1063 1567 1135 injuriae
1591 1066 1731 1122 secularis

70 1165 117 1214 tun
133 1159 223 1214 divina
238 1175 245 1213 :
260 1160 333 1228 Quid
354 1161 432 1214 nobis
448 1161 557 1231 profuit
575 1159 713 1230 snperbia,
732 1165 779 1213 out
797 1159 866 1230 quid
915 1157 1059 1213 immunes
1073 1157 1096 1192 *ἵ
1113 1173 1165 1212 nec
1185 1157 1286 1228 rubigo
1303 1161 1418 1226 atterat,
1432 1173 1484 1214 nec
1501 1159 1611 1229 grando
1630 1159 1732 1229 cadat,

70 1255 208 1310 diuitiarum
217 1254 333 1322 incitatio
348 1254 372 1288 ‘²
387 1255 502 1310 contulit
516 1254 612 1310 nobs?
626 1255 794 1309 transierunt
813 1269 866 1307 oni·
915 1268 967 1306 nec
980 1251 1022 1307 sol
1043 1254 1116 1318 urat,
1131 1267 1185 1306 nec
1202 1250 1298 1323 pluvia
1311 1258 1488 1324 corrumpat.
1506 1253 1575 1308 Nam
1591 1253 1733 1325 delinquis

70 1352 105 1403 riri
124 1349 170 1403 illo
191 1353 324 1418 tuaquom
345 1349 441 1404 cimbro
462 1347 551 1420 (Sap,
566 1364 594 1418 r,
609 1347 652 1417 8);
674 1353 702 1403 et
718 1348 866 1420 Apostolus
916 1352 945 1401 et
964 1345 1017 1401 hoc
1036 1345 1097 1417 ipso
1113 1345 1142 1400 in
1159 1346 1258 1412 ileum,
1280 1345 1303 1400 si
1322 1346 1356 1401 ad
1376 1347 1428 1401 hoe
1444 1345 1495 1402 tibi
1510 1346 1545 1402 ab
1560 1346 1607 1402 illo
1622 1346 1733 1404 divitias

6 1487 7 1492 ,
70 1459 163 1498 mnrrm
177 1445 336 1497 moneatet
351 1442 654 1514 dieatzlitquiemuat
669 1444 707 1497 sic
719 1443 868 1513 sintquosi
916 1439 996 1495 datas
1014 1439 1107 1494 credis
1122 1438 1218 1494 utillis
1237 1455 1294 1494 uon
1311 1439 1462 1494 salubriter
1480 1440 1644 1511 pertruaris.
1661 1442 1733 1497 Nam

6 1519 8 1590 i
70 1553 110 1592 roa
127 1543 233 1592 ementes
254 1537 319 1608 (38),
338 1541 364 1592 et
385 1540 435 1608 qui
454 1537 594 1608 possident
612 1539 691 1607 quusi
711 1552 764 1591 noa
782 1538 866 1608 possi·
916 1538 1057 1589 atrocem
1072 1534 1146 1588 liciis
1161 1531 1274 1588 homini
1292 1532 1372 1588 dedit
1388 1533 1422 1601 ⁸⁸,
1440 1537 1579 1589 ettamen
1597 1537 1735 1591 nonsunt

6 1643 7 1696 j
70 1631 152 1692 intes,
163 1637 186 1686 et
201 1634 250 1701 qui
261 1630 358 1705 449
370 1632 606 1698 mundantuntur,
623 1633 703 1701 quusi
712 1645 768 1686 aon
782 1636 862 1686 atou-
915 1627 1020 1682 idcirco
1041 1627 1064 1662 ⁸⁹
1087 1627 1227 1683 amatoria
1248 1627 1387 1684 cantanda
1416 1628 1470 1698 (to)
1494 1644 1547 1684 nac
1572 1629 1682 1700 turpia;
1704 1633 1735 1686 et

6 1759 7 1762 =
71 1726 374 1780 tur‘³.l¹rateriteuim
387 1724 719 1797 Mariabap’usmundiss
739 1723 811 1788 Gor„
829 1739 864 1792 vr,
918 1717 1014 1794 450
1038 1720 1147 1776 ferrum
1172 1736 1233 1775 esse
1255 1719 1292 1774 ad
1312 1721 1451 1776 culturam
1476 1722 1529 1792 (41)
1553 1725 1637 1778 terrae
1661 1723 1734 1778 Deus

6 1843 8 1880 ι
71 1821 103 1887 tu,
120 1819 168 1890 31).
182 1819 280 1872 Petrus
296 1819 394 1888 eham,
412 1819 544 1874 onioves
565 1835 630 1874 suas
649 1817 786 1873 hominus
803 1803 1018 1890 pas-Bvolnit,
1047 1830 1098 1869 nee
1122 1813 1277 1869 homicidia
1300 1817 1366 1869 sunt
1389 1814 1491 1870 idcirco
1514 1815 1659 1884 facienda,
1685 1820 1735 1873 aut

70 1911 153 1966 candes
174 1912 354 1984 tuendasque
377 1913 572 1980 commendat,
596 1929 682 1984 super
703 1929 789 1985 quem
813 1928 866 1984 po·
918 1909 985 1982 quia
998 1909 1084 1964 thura
1099 1913 1127 1964 et
1141 1924 1254 1964 merum
1269 1907 1404 1980 etignem
1414 1909 1488 1964 Deus
1501 1909 1635 1978 instituit,
1649 1911 1734 1966 sacri·

6 1991 7 2000 ¹
70 2007 112 2059 soit
130 2013 154 2060 ct
173 2005 304 2061 fundavit
324 2006 479 2062 Ecclesiam
498 2009 532 2076 ⁶⁸,
553 2023 657 2062 aunam
677 2006 793 2078 quidam
814 2005 868 2062 sibi
918 2002 1061 2058 licendum
1079 2007 1121 2057 est
1135 2002 1202 2057 inde
1221 2001 1317 2069 idolis;
1331 2001 1373 2056 vel
1395 2001 1463 2074 quia
1482 2002 1630 2058 abundant
1647 2020 1734 2076 pacu-

6 2171 7 2176 .
70 2115 115 2154 esse
134 2103 160 2154 et
180 2107 333 2172 argeutum
356 2104 443 2173 negat
465 2101 549 2170 (Act,
570 2115 611 2168 ιιι,
631 2101 667 2172 6),
686 2100 733 2155 sad
757 2089 816 2155 esse
837 2116 867 2155 se
918 2097 987 2152 dom
1009 2112 1112 2168 greges
1132 2095 1160 2150 in
1180 2095 1256 2167 agris
1274 2095 1340 2164 tuis,
1363 2095 1489 2152 victimas
1507 2102 1535 2153 et
1556 2098 1664 2153 hostias
1681 2098 1735 2154 diis

6 2179 7 2254 J
71 2193 123 2247 dicit
134 2194 232 2249 Christi
247 2196 340 2266 gratia
353 2195 482 2262 divitem,
498 2211 560 2249 esse
576 2194 631 2250 lide
644 2194 705 2265 ejus
720 2199 748 2249 et
761 2193 867 2249 virtute
918 2191 1066 2246 immolare
1081 2189 1207 2245 debebis.
1218 2189 1332 2261 Alioqui
1342 2189 1462 2246 tentatio
1475 2196 1519 2246 est
1527 2190 1734 2262 patrimonium

6 2295 7 2348 t
69 2288 227 2359 locupletem,
242 2289 347 2360 quibus
365 2290 457 2344 multa
476 2288 620 2360 magnalia
639 2305 704 2343 cum
728 2289 867 2344 miraculo
919 2284 1043 2356 grande,
1070 2283 1181 2366 nisiad
1205 2299 1273 2338 usus
1295 2282 1387 2339 bonos
1408 2299 1509 2340 census
1534 2290 1680 2358 operetur,
1705 2290 1736 2342 ut

6 2375 7 2454 ζ
70 2380 163 2450 lacerot,
179 2382 281 2453 quibus
295 2382 329 2438 ad
346 2383 469 2454 gratiam
486 2382 583 2455 gloria
597 2381 678 2438 bonis
691 2383 714 2416 ⁸⁶
730 2381 868 2454 spiritali·
918 2377 1093 2451 patrimonio
1114 2377 1139 2412 ⁸⁰
1161 2393 1212 2432 siro
1235 2377 1430 2450 unusquisque
1454 2377 1621 2452 locupletior
1643 2381 1736 2452 magis

6 2459 7 2548 J
71 2474 110 2528 bus
131 2475 299 2532 abundaret.
326 2479 382 2532 llas
410 2493 488 2550 opes,
512 2477 565 2532 has
589 2476 700 2532 divitias
723 2475 869 2548 possidere
919 2473 1061 2528 redimere
1076 2470 1179 2527 debeat
1193 2487 1278 2544 quam
1292 2488 1399 2543 augere
1416 2471 1528 2528 delicta.

73 2585 114 2622 noo
128 2576 214 2640 potest
226 2587 294 2644 qum
306 2587 335 2626 se
346 2571 463 2627 divitem
478 2571 698 2626 saculomavult
711 2585 868 2642 essequam
954 2567 1009 2622 llll.
1023 2567 1264 2622 ornamentorum
1279 2582 1311 2620 ac
1327 2565 1447 2622 restium
1463 2567 1587 2640 insignia
1603 2574 1631 2623 et
1652 2569 1734 2626 leno·

74 2663 173 2719 Christo.
919 2660 994 2717 cinia
1012 2659 1171 2715 formarum
1193 2676 1250 2714 non
1273 2660 1327 2715 nisi
1351 2661 1509 2731 prostitutis
1531 2666 1560 2717 et
1581 2663 1735 2734 impudicis

97 2757 133 2812 lll.
153 2759 338 2832 locupletem
360 2765 387 2816 te
408 2759 477 2816 dicis
497 2764 524 2816 et
543 2759 671 2838 divitem,
685 2753 714 2813 et
731 2758 869 2814 utendum
920 2755 1034 2811 leminis
1048 2757 1219 2826 congruunt,
1236 2757 1265 2809 et
1277 2755 1420 2810 nullarum
1435 2755 1494 2810 iare
1508 2755 1661 2826 pretiosior
1674 2757 1733 2814 cul·

71 2858 136 2920 putas
148 2853 180 2908 iis
192 2870 257 2924 que
275 2853 421 2925 possidere
443 2855 472 2908 ta
493 2854 565 2909 Deus
585 2854 681 2909 voluit.
704 2853 798 2920 Utere,
819 2853 867 2908 sad
919 2854 964 2905 tus
978 2854 1021 2905 est
1035 2863 1122 2920 quam
1140 2863 1262 2920 quamm
1280 2847 1375 2920 pudor
1390 2848 1453 2904 vilis
1467 2850 1518 2904 ast.
1534 2849 1579 2906 Sic
1594 2849 1624 2904 in
1640 2842 1734 2923 Scrip-

71 2945 155 3000 adres
176 2946 331 3016 salutares3
357 2951 448 3016 utere,
475 2947 523 3002 scd
550 2946 586 3002 ad
612 2946 702 3003 bonas
728 2951 802 3002 artes
828 2947 868 3017 ‘⁶;
919 2943 990 2998 turis
1003 2942 1116 3009 sanctis,
1135 2941 1239 3014 quibus
1259 2957 1309 2996 nos
1329 2941 1431 2998 instrui
1448 2943 1588 2999 Dominus
1605 2943 1694 3000 voluit
1707 2950 1737 3001 et

71 3041 144 3106 olore,
158 3039 204 3096 sed
217 3040 253 3096 ad
267 3041 319 3095 illa
335 3057 398 3112 quae
412 3042 484 3096 licus
497 3040 637 3112 praecipit,
654 3057 717 3114 quse
730 3040 869 3096 Dominus
919 3037 1041 3106 moneri,
1065 3035 1233 3092 describitur
1256 3036 1354 3092 civitas
1380 3037 1514 3093 meretrix
1536 3038 1603 3108 (it),
1624 3039 1737 3111 compta

73 3133 186 3190 ostendit.
202 3135 325 3190 liivitem
342 3138 368 3190 te
382 3135 506 3191 sentiant
525 3151 677 3207 pauperes,
698 3135 868 3206 locupletem
920 3131 1067 3205 pulchrius
1089 3134 1116 3186 et
1139 3134 1256 3200 ornata,
1282 3135 1310 3186 et
1335 3146 1400 3186 cum
1423 3131 1599 3188 ornamentis
1621 3131 1677 3188 sois
1703 3149 1736 3189 ac

744 3251 848 3316 Variae
870 3249 1039 3315 lectiones.

94 3355 244 3408 ⁴¹tactantia
261 3357 324 3408 Tho.
358 3361 379 3392 ⁴³
391 3358 510 3410 Utantur
523 3373 556 3410 ao
571 3364 616 3410 Ar.
633 3360 701 3408 tom.
714 3360 767 3410 ne.
784 3361 805 3410 l.
823 3359 900 3408 litor.
934 3357 1119 3408 “Ecclesiam
1131 3369 1210 3408 suam
1226 3355 1288 3408 Bod.
1301 3356 1324 3406 t.
1359 3357 1479 3408 “Donis
1491 3356 1589 3408 Redi.
1623 3356 1736 3410 ⁴‘Salu-

72 3428 225 3480 areaatad
245 3429 336 3480 bonas
359 3433 432 3480 artes
454 3431 524 3480 tom.
549 3431 606 3482 tin.
625 3431 692 3480 Fara.
727 3429 912 3490 ⁴⁷lmmunea,
935 3441 988 3480 neo
1004 3427 1091 3492 judex
1115 3427 1220 3479 ambiat
1241 3440 1294 3478 nac
1313 3427 1446 3492 quasitor
1468 3428 1601 3492 inquirat.
1628 3427 1685 3479 Vct.
1708 3429 1734 3480 l.

71 3497 87 3529 ‘¹
96 3499 247 3552 Hominibus
259 3499 337 3552 dedit
351 3502 406 3551 tin.
440 3503 461 3534 *Ἰ
472 3500 580 3554 idcireo
594 3503 678 3551 omitt.
694 3503 763 3552 tam.
779 3501 853 3551 Ebur.
868 3499 922 3550 Nc.
939 3501 961 3549 l.
977 3498 1037 3548 eod.
1049 3499 1072 3559 l,
1085 3499 1108 3549 t.
1144 3500 1163 3532 ⁵⁸
1174 3497 1209 3549 llt
1223 3498 1392 3562 patrimonio
1408 3497 1471 3547 rba.

701 3609 814 3693 Steph.
837 3608 960 3673 Baluzii
983 3613 1081 3672 notae.

73 3717 146 3767 rtdue
170 3721 335 3785 exquisitior
371 3719 464 3769 cultus
501 3719 624 3770 infamat.
653 3719 691 3770 Ne
721 3717 993 3817 oculornmCtione
1006 3715 1280 3766 controversiarum:
1297 3713 1463 3766 ‹Caumndi
1475 3714 1736 3782 saltandiquenunc

74 3787 166 3839 nutibus
182 3797 208 3841 et
223 3792 367 3842 hilaritate
382 3791 477 3841 vultus
498 3793 633 3854 juvenum
646 3795 710 3854 post
725 3805 755 3842 se
770 3801 866 3854 greges
917 3787 1038 3838 obscena
1058 3785 1150 3837 studia
1169 3783 1346 3837 effeminatos
1366 3789 1471 3836 tenent.
1495 3803 1509 3830 r
1532 3786 1732 3853 Quintilianus,

74 3857 152 3908 trabat.
168 3879 181 3906 a
919 3858 966 3909 lib.
985 3872 1003 3921 1,
1018 3870 1078 3922 cap.
1096 3857 1131 3907 2:
1147 3876 1161 3904 a
1176 3856 1266 3909 Omne
1282 3857 1444 3908 convivium
1465 3856 1593 3910 obscenis
1607 3860 1734 3912 cantibus

96 3929 135 3988 tii]
151 3932 220 3997 Velut
242 3932 373 3998 gladium.
401 3933 599 3996 Tertullianus,
623 3932 672 3984 lib.
698 3945 717 3983 ιι
741 3931 773 3982 de
792 3931 870 3982 Cotta
919 3931 1025 3994 strepit,
1054 3926 1183 3993 pudenda
1213 3927 1290 3979 dictu
1326 3931 1493 3992 spectantur.
1529 3949 1542 3976 ι
1575 3929 1735 3983 Concilium

73 3997 229 4058 seminarum:
250 4022 264 4051 a
289 4004 364 4054 Perit
388 4005 463 4054 anim
490 4004 537 4054 ille
558 4005 640 4055 simul
663 4008 695 4054 ut
718 4007 793 4053 tuam
816 4005 869 4053 lor·
921 4001 1096 4061 Veneticum,
1119 4012 1180 4050 can.
1206 4001 1232 4049 ll
1253 4013 1258 4048 :
1280 4017 1294 4044 a
1318 3999 1484 4063 Presbyteri,
1507 3999 1627 4064 diaconi,
1651 4007 1735 4068 atque

74 4083 131 4121 nam
144 4075 322 4140 concupierit,
335 4079 363 4126 et
378 4076 450 4126 lacta
472 4089 502 4126 es
523 4081 554 4126 tu
576 4075 684 4140 gladius
705 4075 782 4125 illi.»
799 4072 870 4125 Vide
919 4071 1085 4124 subdiaconi
1113 4071 1274 4134 nuptiarum
1303 4072 1407 4124 evitant
1440 4072 1587 4136 convivia,
1620 4087 1673 4126 nee
1700 4075 1734 4125 iis

75 4139 201 4195 homiliam
216 4147 308 4198 sancti
327 4147 446 4197 ioannis
466 4146 658 4210 Chrysostomi
674 4161 680 4196 z
698 4144 805 4208 «Quod
824 4157 870 4197 ra-
920 4143 1128 4195 admiseaantur
1149 4142 1198 4193 ubi
1219 4143 1352 4193 amatoria
1373 4146 1521 4194 cantantur
1549 4148 1576 4196 at
1603 4145 1702 4210 turpia.
1718 4163 1734 4193 »

74 4215 164 4275 galeas
177 4219 291 4269 laminae
306 4219 372 4269 viris
389 4217 551 4269 cohabitare
567 4231 622 4268 non
638 4218 794 4269 debeant.»
920 4215 967 4268 Sic
981 4214 1063 4265 etiam
1088 4213 1116 4262 in
1139 4224 1247 4264 maone
1270 4213 1301 4265 37
1324 4213 1434 4264 concilii
1458 4214 1644 4279 agathensis;
1665 4217 1735 4267 Bur-

99 4285 140 4343 teet
162 4289 218 4339 Non
244 4293 365 4340 ementes.
390 4288 527 4352 Quamvis
552 4291 637 4340 sciam
661 4288 716 4339 hoc
742 4299 870 4352 segmen·
920 4285 1051 4348 ahardus,
1079 4284 1127 4335 lib.
1156 4297 1185 4346 ιι,
1213 4297 1275 4350 cap.
1307 4285 1363 4344 lit,
1388 4285 1443 4336 hoc
1467 4286 1607 4338 decretum
1632 4288 1734 4351 synodi

75 4357 120 4404 tun
141 4369 193 4408 non
218 4365 331 4410 exstare
351 4361 381 4408 in
403 4360 491 4424 prima
516 4359 640 4423 Epistola
664 4358 742 4409 Pauli
761 4359 798 4408 od
819 4357 869 4410 Co·
919 4355 1085 4420 agathensis
1101 4356 1184 4407 reteri
1198 4369 1230 4406 ea
1251 4356 1329 4408 dictis
1350 4357 1501 4421 angutiati
1518 4356 1566 4410 Sic
1580 4360 1662 4410 etiam
1684 4361 1732 4412 tro

76 4427 178 4488 nautor,
198 4444 232 4482 ax
258 4445 317 4495 qua
342 4435 472 4496 sumptus
495 4437 537 4483 est
560 4431 607 4482 hic
627 4430 716 4491 locus,
743 4430 871 4494 quamvis
921 4429 1108 4490 Camotenais,
1123 4431 1199 4492 parta
1211 4441 1250 4488 vr,
1270 4441 1331 4494 cap.
1355 4428 1410 4480 aue.
1431 4429 1637 4482 haeresianos
1661 4436 1735 4484 recte

76 4499 220 4552 sciamillud
234 4515 299 4553 raro
313 4503 429 4567 reperiri
450 4505 478 4553 in
500 4503 623 4567 ant²quis
643 4501 788 4553 codicibus
805 4515 869 4566 ope·
920 4512 954 4550 ex
974 4500 1095 4551 concilio
1114 4499 1277 4564 agathensi.
1296 4500 1327 4550 lu
1346 4501 1465 4551 concillo
1477 4500 1646 4567 Trosleiano,
1670 4517 1731 4568 cap.

76 4579 122 4618 mn
146 4574 230 4623 sancti
262 4571 411 4636 Cypriani,
442 4576 536 4623 tamen
567 4571 676 4632 addidi,
705 4573 770 4638 qula
800 4571 870 4622 illud
920 4571 959 4634 ll,
990 4570 1174 4634 prohibentur
1206 4571 1296 4635 turpia
1325 4571 1443 4622 cantica.
1476 4571 1674 4637 Hieronymus,
1703 4575 1733 4624 ln

76 4635 151 4694 inveni
170 4643 197 4692 in
224 4643 379 4706 l’ithoeano,
403 4643 449 4695 cui
478 4643 619 4694 consentit
639 4642 870 4694 camberonensis
921 4643 1043 4706 Epistola
1060 4643 1096 4692 nd
1119 4643 1225 4702 tntum,
1240 4640 1275 4691 da
1295 4641 1470 4692 Institutione
1490 4641 1556 4692 fllia
1575 4658 1580 4692 :
1597 4660 1613 4693 a
1632 4645 1733 4709 Turpia

77 4721 87 4756 a
111 4711 220 4765 Pamalio
243 4715 387 4776 laudatos,
415 4719 443 4766 et
469 4715 534 4779 qula
567 4713 733 4778 Cyprianus,
762 4712 810 4764 tlh.
841 4725 871 4765 ιιι
919 4713 1071 4765 verbanon
1088 4712 1231 4776 intelligat,
1245 4711 1466 4763 canticamundl
1484 4714 1598 4777 ignoret.
1615 4729 1630 4763 a
1646 4715 1734 4766 AElius

78 4781 278 4846 festinanter-am,
294 4799 353 4852 cap.
376 4788 414 4847 ll,
439 4785 569 4838 eumdem
591 4785 685 4837 locum
709 4785 870 4837 describens
920 4784 1083 4848 Spartianus
1104 4781 1185 4833 tradit
1207 4782 1360 4835 Admanum
1380 4783 1573 4846 imperatorem
1590 4785 1735 4850 scripsisse

77 4853 142 4904 eham
160 4858 213 4908 hoc
235 4863 413 4923 segmentum
438 4859 529 4910 refert.
554 4858 614 4923 ago
632 4860 717 4922 enirn,
736 4861 767 4908 ut
789 4861 871 4908 antea
919 4856 1029 4908 cantica
1042 4855 1182 4906 amatoria.

76 4920 166 4986 dixtin
186 4930 368 4982 emendandis
388 4932 492 4983 sanctia
512 4931 640 4996 martyris
660 4930 791 4995 operibns
813 4943 870 4981 non
952 4929 1001 4990 (tr)
1030 4926 1140 4976 Forum
1166 4924 1202 4975 ud
1228 4923 1372 4974 cultorum.
1402 4922 1528 4988 Ovidius,
1551 4925 1598 4977 lib.
1629 4937 1648 4978 ιι
1678 4927 1736 4978 ra·-
1804 4939 1810 4952 ·

77 5005 152 5056 tuero
164 5001 229 5064 quid
241 5003 395 5066 reperiatur
411 5003 440 5052 in
453 5001 598 5054 codicibus
610 5013 752 5052 sacrorum
767 5000 871 5051 Bibllo·
919 5001 999 5049 atium
1019 5013 1025 5046 t

78 5071 190 5129 rum,sed
210 5072 278 5138 quid
300 5072 456 5138 Cyprianus
476 5074 626 5138 scripserit.
642 5072 758 5124 Videtur
777 5077 870 5123 autem

77 5135 112 5187 illa
137 5141 255 5194 soluisse
285 5157 397 5196 sensum
426 5145 517 5196 tacere
553 5146 691 5210 integrum
721 5157 786 5194 oum
817 5143 909 5220 istal)
998 5141 1107 5193 litlatro
1123 5145 1148 5192 et
1161 5145 1252 5192 cautus
1269 5141 1436 5206 procingitur
1450 5156 1512 5194 ense
1526 5144 1620 5196 viator.

78 5207 172 5262 addidit.
1046 5214 1091 5263 llla
1108 5213 1154 5264 sad
1169 5211 1286 5276 insidias,
1302 5213 1344 5264 hic
1356 5213 1407 5264 sibi
1418 5217 1504 5280 portat
1514 5219 1601 5280 opeda.

100 5279 139 5342 lsai
169 5285 332 5337 Patr-imonis
369 5289 423 5336 tuo.
465 5287 606 5337 Pometios
644 5291 670 5338 et
705 5289 768 5352 post
806 5297 871 5336 eum

78 5345 191 5414 Rigalttns
214 5362 367 5421 posuerunt
392 5357 629 5410 «Patrimonium
655 5363 734 5409 tuum
755 5357 813 5409 Deo
833 5357 872 5408 te·
953 5357 1154 5422 Quintilianus,
1176 5357 1223 5408 lib.
1246 5371 1276 5420 ιι,
1302 5371 1362 5423 cap.
1387 5359 1439 5410 te:
1467 5359 1563 5411 atton
1586 5359 1737 5416 labrloetur

80 5425 426 5498 uera.»Qnamlaotionam
443 5431 540 5481 inveni
553 5432 581 5480 in
594 5432 713 5494 quatuor
729 5428 871 5494 exempla·
922 5431 1002 5483 militi
1031 5430 1149 5496 gladius.
1181 5431 1275 5482 Potest
1302 5433 1344 5483 uti
1379 5432 1478 5484 eodem
1511 5433 1583 5484 terro
1614 5435 1692 5490 latro.
1723 5455 1737 5485 a

80 5489 140 5544 ribus
152 5500 277 5564 antiquis.
291 5501 407 5551 Veteres
421 5501 558 5553 editiones
580 5505 608 5552 et
623 5501 755 5553 undecim
776 5505 872 5552 vetera
923 5503 1122 5566 Tertullianus,
1135 5504 1164 5554 iu
1186 5502 1256 5554 libro
1278 5503 1310 5554 da
1326 5503 1508 5568 Spectaculis:
1529 5503 1671 5558 «Ferrum
1685 5507 1737 5559 Det

81 5568 391 5630 immaterialissimam
415 5571 582 5624 patrimonia
599 5577 647 5624 tua
667 5572 873 5623 necionem.»
922 5589 967 5628 res
988 5579 1040 5626 ast.
1060 5573 1192 5639 Nunquid
1214 5578 1307 5626 tamon
1327 5576 1355 5625 in
1373 5574 1497 5628 bominis
1521 5589 1619 5629 necem
1643 5583 1739 5630 auctor

6 5695 7 5700 ἵ
82 5630 217 5690 lationem
245 5649 337 5694 antem
371 5659 455 5709 quarn
495 5658 546 5711 ego
585 5646 688 5696 retinui
721 5644 874 5709 praeierunt
923 5647 976 5697 ista
989 5645 1158 5711 providit‘i»

6 5715 7 5744 t
82 5700 206 5763 duodecim
220 5713 402 5768 libriveteras
416 5720 444 5768 et
465 5716 550 5769 editio
565 5716 736 5780 Menullana,
750 5717 873 5780 itemque
955 5717 1002 5784 (til
1027 5717 1128 5767 Civitas
1147 5717 1284 5767 mereti-ir.
1304 5717 1403 5768 Nescio
1427 5717 1493 5782 quid
1516 5718 1564 5769 hic
1580 5717 1663 5770 iaciat
1685 5731 1739 5770 vox
1833 5692 1837 5704 ¹

6 5865 8 5892 ι

6 5897 8 5940 Ι

83 5777 221 5842 Antilibano.
924 5791 1025 5841 ciuitas.
1046 5789 1106 5840 Non
1125 5787 1199 5839 anim
1224 5789 1315 5850 agitur
1335 5788 1495 5840 decivitate
1516 5791 1609 5854 aliqua
1621 5791 1650 5839 in
1666 5792 1739 5852 Apo·

107 5851 295 5918 lllitraotorio
315 5863 460 5914 cantarida.
483 5862 590 5916 Seneca
611 5863 705 5914 rhetor
726 5863 755 5913 iu
777 5861 875 5928 proela·
924 5859 1043 5927 eclypsi,
1069 5859 1118 5911 sed
1145 5859 1181 5912 de
1208 5859 1353 5911 meretrice
1381 5873 1489 5925 magna.
1515 5859 1633 5909 Videtur
1658 5861 1742 5926 igitur
