3978 6204
94 211 132 265 tii
697 204 793 262 tibiis
815 208 857 262 att
878 202 1132 262 iriliiiziitiun'ttii.
1703 210 1754 268 38⁴2

94 345 154 396 iton
191 353 367 408 piamonem
407 336 537 390 hortatur
574 341 602 388 et
637 332 705 388 dicit
732 353 738 390 :
772 333 1243 430 QueriteAseusotieiumillorum
1263 333 1614 390 estimubumrrsinsunium
1637 339 1754 408 etiincm

3 463 4 472 κ
93 439 161 489 ileum
191 437 215 486 et
239 433 309 486 uiuet
346 431 438 484 urrimu
472 434 562 484 uestra
592 429 676 498 (Psnl.
706 443 799 495 sarrin,
831 426 888 496 33),
939 425 1047 480 iliorum
1068 428 1126 481 sine
1149 427 1257 481 bonore.
1284 427 1417 492 Quomodo
1430 431 1580 499 computati
1597 436 1659 486 surii
1685 435 1755 488 inter

93 529 170 580 ileum
186 524 228 578 rel
245 540 305 578 sero
320 523 490 594 cognoscite,
505 522 571 592 quin
586 521 714 577 dinisius
735 521 890 576 adveniens
938 520 1008 587 ilios
1033 521 1091 580 liei,
1114 525 1139 574 ct
1160 521 1231 574 inter
1262 526 1366 576 scultetos
1392 537 1449 578 sors
1478 537 1567 578 eorum
1589 527 1658 580 est?
1681 527 1754 596 Erpa

91 623 137 676 hoc
148 620 278 674 admonet
297 625 325 672 ei
345 618 428 672 docet
442 617 540 672 dicens
555 633 561 670 :
576 617 639 672 iiec
662 622 701 671 esi
729 621 819 672 cutem
833 617 891 670 ritu
940 615 1088 668 erravimus
1101 627 1117 666 u
1131 615 1177 668 eiu
1189 616 1322 677 ueritatis,
1337 616 1488 682 etiusiitie
1502 618 1590 672 tumen
1614 633 1668 674 non
1682 619 1755 674 iuuit

3 753 4 756 ,
90 723 187 775 presan,
217 719 248 766 ut
276 717 436 782 capnoscunt
473 717 496 766 te
527 711 613 766 solum
639 726 731 765 rerum
762 713 844 764 iterun
866 713 891 765 et
940 706 1064 772 mediaei
1085 707 1124 760 sol
1147 722 1202 761 raon
1223 713 1297 762 ortus
1318 715 1357 762 est
1383 710 1469 764 uobis.
1493 713 1602 766 Lucridi
1617 727 1755 767 summm

90 823 157 878 quern
178 807 277 860 misisti
300 807 391 860 iesum
413 804 549 860 Circeium
565 804 665 874 (ioan,
690 820 755 872 uvn,
770 804 807 872 3).
823 803 888 858 Cre·
940 802 1096 869 iniquitatis
1111 803 1154 855 riu
1168 807 1193 856 ei
1204 801 1375 871 perditionis,
1389 803 1619 860 urraiurtauinurs‘⁸
1629 807 1756 861 solitudi-

90 903 137 956 iiie
151 901 189 954 illi
201 899 251 970 qui
265 899 382 954 onruinu
398 915 454 953 nou
476 897 545 952 iuliii
554 915 563 967 3
586 897 692 954 credite
714 897 752 952 ilii
767 898 816 970 qui
829 899 891 952 beo
941 908 986 948 nes
1000 894 1135 963 difficiles,
1148 897 1221 949 oium
1234 899 1325 952 uuiern
1338 896 1456 952 Domini.
1471 898 1663 964 iprrornoimus.
1685 897 1756 966 Quid

90 995 175 1048 omrriu
196 993 292 1047 luitura
319 991 468 1064 praedixit,
490 990 597 1048 credite
621 990 658 1046 iili
681 989 730 1062 qui
752 990 891 1046 credenti·
941 987 1017 1042 notis
1030 989 1136 1058 prosint
1157 989 1295 1058 superbia,
1310 995 1360 1044 aui
1380 989 1449 1058 quid
1465 990 1625 1046 diuitiarum
1639 991 1756 1060 juetctio

88 1089 131 1141 bns
150 1085 297 1160 prumiam
322 1086 383 1140 siim
404 1088 519 1140 missinae
533 1084 630 1149 dubil;
652 1084 758 1140 credite
784 1084 823 1140 illi
841 1085 891 1158 qui
941 1083 1055 1136 contulit
1067 1083 1165 1136 rrobb?
1180 1085 1361 1138 irrtrrsierrmt
1376 1085 1468 1139 omniu
1482 1085 1533 1138 iiio
1547 1089 1681 1154 tunquam
1695 1101 1755 1140 urn-

89 1181 229 1236 incrednlis
252 1185 358 1235 mierum
393 1179 532 1251 supplicia
559 1178 701 1250 gehennae
743 1178 892 1234 ardoribus
943 1175 1446 1246 broisop.,v,i·9).Erittuucsiue
1470 1177 1564 1232 iruetu
1583 1177 1757 1250 penitentias

89 1269 223 1340 inugnbii.
941 1267 1025 1324 dolor
1036 1284 1135 1340 pmnae,
1154 1269 1245 1324 inanis
1259 1269 1378 1341 ploratio
1395 1273 1425 1326 et
1441 1269 1569 1326 inefficax
1584 1271 1757 1342 deprecatio.

115 1365 195 1420 lililV.
209 1365 279 1428 oum
295 1367 361 1418 tunc
375 1362 429 1418 erit
446 1362 510 1418 ildci
525 1363 629 1436 gloria,
646 1379 710 1436 quie
728 1379 810 1436 preire
824 1379 890 1436 par·
943 1362 972 1416 ln
998 1365 1135 1418 aeternam
1162 1377 1276 1434 poenum
1301 1379 1364 1418 sero
1391 1364 1511 1420 credent
1538 1364 1587 1435 qui
1615 1365 1644 1420 in
1669 1368 1756 1420 vitam

87 1458 161 1524 iidie,
177 1473 242 1512 eum
256 1456 356 1528 judieii
370 1455 431 1511 dies
445 1456 573 1511 venerit?
586 1471 650 1528 qum
661 1456 757 1512 letitia
772 1457 891 1512 creden·
942 1457 1079 1510 uternam
1096 1456 1211 1511 credero
1225 1457 1390 1511 noluerunt.

3 1581 4 1590 ÷
88 1552 158 1616 tium,
183 1567 248 1622 quae
278 1549 411 1604 moestitia
442 1549 629 1620 perndornm,
669 1550 792 1605 uoluisse
830 1550 891 1605 istic

86 1645 153 1715 prius
165 1643 293 1711 credere,
308 1647 336 1700 ei
351 1649 382 1698 ut
394 1642 582 1714 credanijum
607 1643 698 1700 redire
715 1661 770 1700 nou
786 1643 892 1716 posse?
978 1645 1050 1700 xxv.
1075 1645 1225 1700 Securitaii
1246 1645 1333 1718 igitur
1354 1652 1381 1702 et
1402 1647 1477 1716 vite,
1491 1648 1559 1703 dum
1573 1647 1647 1718 lieet,
1664 1648 1758 1720 provi-

87 1737 403 1808 Crcmulritaddiciosibi
412 1733 893 1812 )562nrdeussempergebenna
904 1715 931 1788 Β
942 1739 1018 1794 dete.
1032 1738 1186 1794 Ollerimus
1200 1739 1279 1794 robis
1293 1739 1381 1796 animi
1395 1749 1422 1796 ct
1445 1741 1555 1798 consilii
1577 1743 1667 1797 nostri
1680 1743 1754 1798 salu·

87 1839 108 1886 ri
120 1831 259 1888 vivacibus
274 1831 398 1886 ilammis
411 1847 496 1886 volux
512 1833 645 1902 poeua⁴⁴3
672 1847 724 1888 nec
743 1833 798 1888 crit
818 1832 893 1888 unde
943 1840 1003 1887 tare
1015 1847 1128 1888 munus.
1145 1833 1178 1886 iit
1199 1833 1267 1905 quia
1288 1833 1380 1889 odisse
1402 1850 1458 1889 non
1483 1835 1548 1891 licet
1571 1835 1663 1904 nobis,
1680 1835 1757 1891 etsie

87 1925 179 1980 babere
204 1928 349 1980 tormenta
371 1923 413 1980 rel
442 1924 572 1997 requiem
602 1925 711 1996 possint
738 1925 892 1997 aliqnando
944 1927 1000 1980 ileo
1014 1925 1078 1998 plus
1093 1927 1238 1998 placemus
1257 1927 1324 1982 dum
1347 1928 1523 2000 uullampro
1546 1927 1650 2000 injuria
1667 1929 1755 1985 ricem

86 2017 122 2072 rel
140 2019 225 2074 linem
257 2017 453 2074 Servabantur
472 2033 537 2073 eum
567 2018 732 2091 corporibus
751 2017 807 2091 (ὄῖ)
836 2019 893 2074 suis
943 2019 1100 2088 reddimus,
1130 2021 1288 2090 hortamur,
1316 2023 1385 2078 dum
1413 2021 1532 2078 facultas
1557 2021 1649 2091 adesi,
1688 2023 1756 2078 dum

3 2173 4 2192 ἢ
87 2115 180 2168 animm
195 2111 318 2168 inlicitis
331 2111 547 2168 eruciatibusad
562 2111 701 2170 dolorem.
716 2113 894 2185 Spectabitur
944 2111 1038 2168 adbuc
1054 2113 1162 2186 aliquid
1183 2116 1217 2170 da
1237 2115 1340 2171 surculo
1359 2121 1497 2188 superest,
1523 2117 1578 2171 ileo
1596 2115 1757 2174 satisfacere

3 2233 4 2286 f
88 2205 257 2262 illicenobis
280 2223 393 2278 semper
407 2207 455 2279 qui
479 2206 525 2262 hic
545 2223 598 2262 uos
619 2207 752 2278 spectavit
771 2207 808 2262 ed
820 2213 894 2263 tem·
944 2207 1110 2262 etudrerae
1127 2208 1272 2280 religionis
1293 2209 1446 2266 candidam
1466 2209 1559 2266 lucum
1579 2211 1615 2267 de
1638 2211 1755 2281 proluu-

88 2319 141 2371 pus,
157 2304 183 2356 ci
201 2301 231 2356 in
256 2300 502 2374 persecutionibus
522 2299 604 2356 factis
627 2301 775 2356 oculorum
794 2301 893 2356 crude·
944 2302 979 2356 do
1006 2299 1060 2372 (55)
1091 2302 1250 2359 tenebrose
1275 2303 1484 2374 superstitionis
1508 2320 1666 2377 emergere.
1698 2304 1757 2360 Nou

89 2395 148 2449 lium
169 2393 263 2450 brevis
293 2395 402 2450 tructus
428 2399 565 2466 perpetua
593 2394 698 2450 visione
719 2395 893 2468 persubitur,
945 2395 1104 2450 inridemus
1129 2396 1287 2452 commodis
1310 2397 1419 2464 restris,
1441 2413 1493 2453 nec
1514 2398 1649 2454 bonellcia
1665 2398 1761 2455 diviua

89 2489 232 2544 urcurrdum
251 2489 406 2560 Scripturae
428 2492 533 2544 sancire
553 2489 639 2544 iidem
661 2487 800 2543 dicentis:
827 2491 894 2545 Ver-
945 2491 1077 2544 colurnus.
1104 2488 1182 2546 Odiis
1208 2489 1306 2546 vestris
1333 2490 1387 2562 (56)
1414 2491 1642 2548 benevolentiam
1666 2491 1759 2548 reddi·

88 2585 129 2637 mis
140 2599 228 2638 emam
254 2598 312 2637 nori
329 2585 468 2648 morietur,
490 2587 516 2638 et
530 2585 603 2651 ipnis
614 2599 706 2638 eorum
729 2599 782 2638 reon
796 2586 896 2640 eustin-
945 2599 1019 2650 mus,
1035 2591 1062 2638 et
1077 2600 1128 2654 pro
1144 2584 1294 2639 tormentis
1307 2601 1339 2640 ac
1352 2585 1497 2657 suppliciis
1512 2601 1575 2658 quaa
1593 2586 1673 2642 nobis
1687 2587 1759 2642 iule-

3 2713 4 2742 ,
89 2685 191 2744 paetum
222 2684 248 2732 et
276 2683 357 2732 eiurari
389 2678 427 2730 od
459 2679 586 2734 risionern
626 2679 756 2734 metuisse
783 2677 895 2736 curui*⁵
946 2675 1760 2752 reutur563salutisitinerumonstramusibii.ilredite

3 2763 4 2786 ¹
92 2773 155 2838 jisu„
177 2787 249 2838 cxvi,
264 2771 324 2840 iil.
348 2771 382 2825 iit
401 2771 507 2826 iterum
535 2787 542 2825 ι
569 2772 767 2830 maceratam
782 2771 854 2842 justi
866 2773 895 2826 in
946 2777 974 2826 et
987 2771 1089 2838 viriie3
1104 2775 1133 2828 et
1155 2771 1204 2843 qui
1231 2789 1284 2828 nes
1310 2771 1347 2828 ad
1366 2776 1479 2845 tempus
1497 2773 1712 2846 persequimini,
1729 2775 1761 2830 in

90 2881 177 2932 nequo
202 2868 360 2922 corastontio
380 2865 509 2920 aduersus
531 2881 574 2921 eos
596 2868 645 2937 qui
666 2881 694 2924 sc
718 2867 894 2936 unpustiuee-
945 2868 1084 2920 eternum
1096 2865 1221 2937 gaudete
1241 2865 1401 2922 nobiscum.
1424 2868 1543 2932 Qiraudo
1566 2867 1649 2924 istinc
1666 2884 1761 2926 crees·

3 3031 4 3038 ἵ
90 2965 194 3014 reniet
223 2962 275 3030 qui
300 2959 471 3015 abstulerunt
498 2960 601 3016 totores
629 2975 731 3016 eorum.
768 2960 896 3016 Videnies
946 2961 1047 3016 suml⁹
1067 2958 1163 3027 fuerit,
1182 2961 1290 3016 nullum
1307 2961 1368 3030 jam
1394 2961 1566 3032 penitentie
1602 2963 1678 3018 locus
1706 2967 1760 3034 est,

3 3043 4 3046 ’
89 3053 263 3108 turbabuntur
275 3055 370 3108 timore
384 3053 521 3117 horribili,
544 3059 572 3108 et
589 3053 764 3109 mediantur
777 3055 807 3108 in
820 3053 894 3108 subi·
906 3079 934 3155 C
947 3053 1041 3108 nullus
1056 3052 1258 3109 satisfactionis
1273 3052 1399 3110 ellectus.
1416 3053 1463 3109 llic
1475 3054 1533 3110 ritu
1551 3057 1602 3110 aut
1620 3055 1762 3112 emittitur

92 3147 264 3220 intercidi)
296 3149 438 3218 inspirate
459 3147 567 3211 seriatis,
602 3147 719 3203 diceutes
751 3149 823 3202 iuter
858 3163 895 3215 se,
947 3150 997 3202 aui
1010 3148 1202 3218 teneiu1·;bic
1217 3147 1303 3204 saluii
1323 3151 1438 3204 arienne
1458 3149 1534 3204 cultu
1560 3149 1762 3206 lleietlructu

89 3243 267 3308 penitentiam
282 3240 409 3296 diribentes
433 3241 486 3312 (dil
511 3248 536 3297 ei
549 3258 607 3312 pre
626 3243 786 3310 unpusiin⁸⁶
813 3244 896 3312 spiri·
946 3241 1014 3297 ildci
1028 3242 1201 3313 providetur.
1221 3243 1277 3297 Nee
1297 3243 1446 3315 quisquam
1469 3249 1519 3298 aut
1542 3245 1763 3314 peccatisrotur·

4 3383 5 3390 ,
91 3337 126 3386 tus
140 3341 292 3403 perantes:
308 3337 343 3392 ili
360 3341 423 3390 surii
442 3351 509 3406 quos
531 3336 673 3392 debuimus
695 3336 844 3407 aliquando
867 3338 896 3390 in
945 3337 1028 3391 deiru
1052 3343 1101 3391 ant
1129 3337 1212 3392 anuis
1231 3337 1386 3408 quominus
1408 3338 1503 3392 veniat
1527 3337 1564 3393 ad
1584 3355 1760 3410 consequen·

90 3427 225 3483 derimm‘l
249 3433 276 3484 ei
296 3430 325 3483 in
350 3429 555 3484 similitudinem
578 3430 744 3501 improperii.
772 3431 826 3486 lios
849 3431 893 3485 in·
947 3430 1011 3486 dam
1035 3431 1155 3487 salutem
1170 3430 1217 3486 :in
1238 3431 1292 3486 isto
1307 3431 1400 3487 adbuc
1425 3431 1534 3488 mundo
1558 3433 1687 3489 mananti
1703 3450 1761 3505 poe·

766 3636 871 3704 Verisa
899 3639 1068 3706 lectiones.

4 3801 5 3810 ’
116 3807 136 3838 ⁴⁴
152 3806 235 3857 Pmna
249 3803 382 3870 decerpet
401 3803 459 3854 i'oss
485 3807 506 3854 t.
540 3804 753 3857 “Caruisi’em
771 3807 839 3858 Voss.
856 3807 879 3860 ἰ.
912 3809 1169 3875 “perurgentium
1184 3811 1254 3861 um.
1272 3810 1326 3860 Ver.
1359 3806 1424 3860 ⁴⁷1n
1440 3807 1675 3862 derisurirdurn.
1701 3811 1765 3866 Vici.

96 3873 142 3923 Vri.
156 3877 184 3926 ln
200 3878 258 3926 risu
271 3875 372 3926 Harrei.
406 3874 428 3908 ⁴⁸
444 3877 478 3926 Et
490 3874 697 3928 ambulavimus
710 3877 781 3927 iam.
799 3877 877 3928 iiior.
894 3880 954 3930 flod.
973 3879 1031 3943 (Α,
1044 3883 1067 3942 3,
1086 3881 1109 3931 i.
1144 3883 1153 3912 ⁴
1179 3881 1327 3932 Recessum
1342 3881 1401 3932 uod.
1420 3885 1442 3945 i,
1455 3883 1479 3946 i,
1494 3883 1519 3946 3,
1532 3884 1556 3933 i.
1579 3883 1633 3934 Ver.

737 4041 849 4126 Steph.
873 4043 993 4109 baluzii
1018 4050 1117 4108 notae.

118 4186 308 4248 (ditidriicios.
339 4187 369 4238 ld
397 4191 439 4237 est
462 4186 611 4252 judicatos,
638 4188 792 4240 damnatos.
820 4191 900 4255 Apud
952 4189 1041 4242 ilueiu
1057 4191 1172 4256 contigit
1187 4189 1463 4246 animorum.»Vide
1475 4197 1555 4244 notas
1573 4191 1607 4244 ud
1622 4190 1767 4258 epistolem

93 4255 223 4322 Opiamm,
259 4259 308 4310 lib.
335 4273 354 4321 r,
391 4259 517 4311 addictus
556 4259 692 4324 signifieat
732 4263 899 4326 subjectum,
949 4263 989 4313 58.

93 4331 236 4395 subditum,
249 4336 323 4386 sicut
343 4333 471 4385 addictus
493 4335 582 4398 glebae
603 4336 631 4385 iu
649 4337 712 4399 jure
730 4337 814 4387 cirili.
834 4335 900 4387 Utar
979 4336 1027 4400 (itit
1042 4335 1223 4386 Paenitentiam
1245 4335 1436 4388 tremueris
1460 4337 1636 4402 reposuimus
1658 4351 1708 4402 pro
1734 4349 1768 4390 eo

93 4413 175 4458 sutem
189 4409 244 4461 liae
263 4411 412 4461 occasione
436 4414 466 4459 ut
487 4422 615 4460 moneam
635 4409 722 4460 videri
743 4410 898 4476 miblopii-
950 4407 1024 4472 quod
1046 4409 1074 4457 ln
1098 4409 1218 4471 vulgatis
1240 4405 1412 4458 editionibus
1432 4407 1552 4460 habetur
1574 4415 1691 4474 openies,
1704 4409 1771 4474 quia

93 4489 157 4528 mam
178 4479 403 4532 emendationem
429 4481 515 4531 luisse
547 4485 678 4532 teuiuium
705 4495 720 4532 u
748 4467 985 4541 GuiilelmoDiiu
1000 4480 1159 4530 invenimus
1185 4479 1322 4544 scriptum
1340 4481 1367 4529 in
1389 4479 1549 4545 quindecim
1573 4479 1651 4530 libris
1668 4479 1769 4530 nostris

94 4547 222 4614 rainerio,
249 4553 296 4602 tib.
314 4565 363 4613 vn,
389 4552 514 4616 Epistola
537 4553 634 4604 ultima
659 4553 827 4613 cassiodori,
851 4553 899 4605 ubi
950 4556 977 4602 et
992 4553 1019 4602 in
1034 4555 1155 4615 quatuor
1171 4550 1342 4614 Anglieauis.
1364 4551 1431 4602 Vide
1450 4551 1602 4616 Epistulam
1625 4553 1660 4602 nd
1677 4551 1769 4602 Fortu-

95 4619 268 4687 liariaugeius
290 4626 442 4676 Accursius
460 4623 548 4675 edidit
579 4639 585 4672 :
613 4625 707 4675 «Non
733 4625 787 4676 dici
809 4629 901 4689 potest
950 4629 1052 4686 notrum,
1064 4624 1098 4676 de
1114 4623 1317 4674 Exhortatione
1331 4624 1466 4688 martyrii,
1484 4636 1543 4686 cap.
1564 4623 1619 4674 ¹2.-

94 4695 224 4756 proprium
261 4693 337 4759 quod
371 4695 489 4746 liberare
517 4694 660 4746 domiuum
699 4709 754 4746 nou
792 4697 901 4747 videtur
983 4697 1030 4758 ibi)
1046 4693 1237 4759 Deproiundo.
1252 4693 1374 4746 Coactus
1388 4709 1451 4746 sum
1472 4695 1509 4744 iia
1525 4693 1770 4759 scriberepropler

96 4763 228 4828 additum3
244 4783 259 4815 a
276 4780 326 4831 pro
347 4779 403 4831 quo
427 4766 576 4818 Pecuarius
599 4769 719 4832 conjecit
739 4767 901 4833 ponendum
951 4769 1142 4818 auctoritatem
1171 4771 1297 4818 veterum
1320 4765 1484 4817 editionum.
1512 4765 1651 4816 Pumelius
1677 4766 1770 4829 posuit

96 4845 147 4885 esse
167 4838 314 4898 addictum,
337 4849 454 4889 monens
476 4839 585 4890 iuterim
607 4852 637 4891 se
661 4839 760 4904 legisse
774 4842 802 4890 iu
816 4841 901 4892 veteri
952 4837 1017 4888 ude
1033 4835 1169 4900 protunda
1196 4838 1224 4887 ct
1253 4833 1400 4886 tenebrosa
1421 4840 1503 4888 noete
1528 4837 1769 4902 superstitionis»

97 4909 274 4973 manuscript»
310 4925 328 4959 u
353 4909 448 4960 dedito.
477 4909 642 4974 conjectura
675 4911 799 4964 Fornerii
834 4913 902 4965 binc
953 4914 1016 4976 quia
1059 4909 1169 4962 videbat
1200 4908 1353 4962 liorelllum
1391 4913 1532 4962 monuisse
1565 4913 1709 4964 vetustum
1737 4911 1770 4966 li·

96 4975 159 5028 bona
175 4982 356 5031 csseeenseri
380 4985 470 5044 potest
493 4982 569 5048 qnod
592 4981 665 5033 bonu
691 4981 823 5034 debitoris
850 4985 902 5034 ad·
953 4989 1033 5037 brum
1061 4987 1096 5036 ite
1123 4983 1234 5036 habere.
1262 4987 1299 5036 itt
1326 4985 1468 5038 Morellius
1496 4999 1552 5038 nou
1577 4987 1670 5051 posuit
1697 4987 1771 5040 bauo

97 5046 161 5098 dicta
187 5051 407 5112 sunicroditori‚
423 5051 550 5117 adeoque
574 5057 656 5104 etium
686 5055 745 5118 ipse
784 5055 900 5107 debitor.
953 5057 1416 5118 lectioneminediiiouesua‚sed
1440 5071 1501 5110 eum
1523 5071 1675 5124 quamego
1691 5071 1772 5110 revo-

124 5120 363 5181 ilillb'orvubuuiur
385 5137 442 5173 cunr
463 5125 626 5188 corporibus.
651 5125 816 5176 Videnoius
837 5139 902 5176 nos·
953 5131 1023 5182 curi.
1053 5131 1212 5180 Lectionum
1239 5129 1351 5182 l'amelii
1375 5143 1430 5182 uon
1451 5131 1541 5194 reperi
1566 5129 1620 5180 uisi
1637 5132 1665 5181 in
1683 5131 1772 5182 tribus

99 5193 147 5240 iras
157 5193 191 5243 ud
204 5195 307 5245 tibrum
320 5207 349 5246 ur
363 5195 486 5248 Sciriam
501 5197 533 5246 ds
547 5197 743 5248 Gubernatione
757 5198 812 5247 Dei.
955 5202 1040 5254 libris.

124 5263 355 5326 (elisatiictious.
383 5267 430 5319 Sto
447 5269 530 5319 etiarn
549 5270 578 5318 in
604 5267 701 5320 eodem
723 5271 815 5334 cupite
836 5269 902 5334 Epi·
984 5273 1035 5338 (dd)
1064 5273 1137 5324 Odiis
1163 5275 1254 5326 uestris
1294 5275 1410 5340 Prosper
1433 5276 1462 5326 iu
1487 5275 1563 5326 ealce
1589 5273 1652 5325 libri
1676 5276 1773 5326 contra

98 5335 168 5385 stolas
189 5337 225 5386 ud
250 5337 436 5388 Foriuuutum.
463 5340 577 5390 Pontius
601 5339 735 5392 diaconus
769 5343 797 5391 in
839 5339 904 5392 Vita
954 5346 1148 5398 collatorem:
1179 5365 1192 5392 r
1209 5345 1295 5398 Nobis
1319 5347 1378 5398 Deo
1404 5345 1554 5410 adjurante
1581 5345 1613 5394 sii
1650 5344 1773 5396 studium

99 5407 176 5456 mucii
198 5407 358 5474 Cypriani:
386 5427 401 5457 a
430 5411 608 5462 proconsulis
633 5414 712 5477 jussu
743 5412 778 5462 ud
810 5411 905 5464 hostes
955 5419 1048 5483 quieta
1085 5417 1267 5482 modestaque
1305 5419 1436 5482 patientis
1486 5418 1558 5469 odiis
1595 5417 1772 5468 dilectionem

100 5485 151 5536 erus
171 5489 234 5529 cum
259 5480 395 5532 militibus
414 5483 473 5532 suis
502 5484 632 5548 princeps
658 5489 771 5547 repente
797 5483 904 5534 subita·
955 5489 1112 5542 reddere.»

101 5547 347 5616 ri·.»a.Gaiitus,
369 5554 416 5605 itb.
442 5566 483 5616 rx,
504 5568 564 5618 cup.
590 5557 628 5616 rs,
653 5555 722 5606 dixit
741 5554 904 5606 subitarium
987 5561 1033 5623 (57)
1060 5559 1163 5611 Soirriis
1189 5559 1286 5610 itincre
1317 5561 1505 5610 morrsirnmns.
1531 5560 1719 5623 Hieronymus
1744 5555 1774 5606 iu

101 5617 249 5672 draitonam.
279 5623 341 5686 Quo
367 5627 451 5677 verbo
475 5637 542 5676 usus
567 5632 608 5676 est
632 5629 713 5678 etiarn
738 5625 770 5676 Τ.
800 5627 903 5678 Livius.
956 5631 1131 5696 Epistoland
1150 5631 1496 5683 Pummucitiumudversus
1518 5631 1653 5682 ioannem
1672 5629 1773 5680 litero-

103 5687 215 5754 boetius,
236 5695 275 5745 bb
298 5709 325 5757 u,
351 5699 382 5747 de
410 5697 597 5749 Corisoiutione
619 5697 790 5764 pbilosophis
802 5713 809 5748 :
821 5717 834 5743 u
850 5697 904 5748 Ve-
955 5703 1154 5767 solymiinnum
1169 5719 1174 5752 2
1187 5721 1201 5751 a
1215 5699 1475 5766 Btasplremautibus
1489 5701 1579 5752 iteum
1602 5698 1771 5750 clementem

103 5775 156 5818 rum
171 5771 259 5822 omnis
272 5775 364 5826 subita
390 5778 506 5828 mutatio
520 5789 613 5828 rerum
639 5789 693 5828 uon
714 5777 773 5826 siue
785 5773 906 5842 quodum
956 5774 1125 5842 porrigimus
1140 5785 1290 5826 manum-r
