3978 6204
97 220 136 274 eit
651 206 750 274 LIBER
769 216 813 274 DE
833 215 974 274 uariata
995 217 1172 276 ECCLESIAE.
1696 221 1749 278 stt

94 343 168 396 lactus
192 343 247 406 est,
274 337 475 410 derelinquens
498 342 527 394 et
554 337 671 396 unitatis
698 339 883 396 concordiam
895 353 1017 426 Aquom
1029 349 1188 414 acceperuut
1201 361 1217 398 o
1231 345 1306 400 nobis
1320 346 1354 416 (u
1372 347 1473 410 Thess„
1487 363 1528 414 ιιι,
1542 347 1579 418 ιιι.
1596 347 1629 402 ut
1642 345 1746 402 iterum

18 479 19 492 ,
93 433 213 502 scindens,
232 431 315 488 tidem
333 432 456 504 primam
475 431 596 504 pertidia
615 433 772 504 posteriore
787 440 884 490 muta·
937 433 1005 492 dicit
1021 452 1027 490 :
1043 437 1124 492 Naum
1138 452 1183 491 oos
1202 437 1321 508 decipiat
1341 441 1469 496 inanibus
1488 442 1585 498 uerbis.
1604 444 1749 512 Propterea

18 595 19 600 ἵ
93 529 158 594 serit,
177 526 295 582 blandiri
316 525 371 582 sibi
393 543 444 600 per
464 525 672 582 contessionem
697 543 755 582 non
782 533 884 600 potest,
935 531 1007 584 enim
1026 531 1098 584 reicit
1122 531 1164 584 iro
1189 533 1238 586 liei
1261 547 1340 602 super
1358 535 1427 602 tilios
1447 535 1667 590 contumaciaell·
1690 536 1746 592 No·

17 600 18 636 ³
92 622 158 694 qnasi
177 621 211 676 sit
230 621 335 676 electus
354 620 391 676 ad
414 620 513 692 gloriae
537 621 697 694 premium,
716 621 830 694 quando
851 638 885 678 ex
935 623 1056 693 liteerpo
1072 639 1127 678 esse
1141 626 1289 694 participes
1308 640 1398 682 eorum
1413 629 1531 698 (Epiros,
1552 645 1578 699 v,
1597 632 1623 700 b,
1641 629 1679 698 7).
1694 630 1747 684 ite·

17 749 18 752 =
91 718 135 774 boo
145 717 203 788 ipso
213 714 302 786 magis
317 713 458 772 creverint
470 715 572 772 merita
586 732 746 788 poenarum.
936 715 1098 772 cedendum
1117 719 1160 772 est
1177 734 1194 772 a
1209 717 1451 790 delinquentibus,
1464 722 1507 776 rel
1526 722 1615 778 immo
1635 723 1746 796 lugien-

16 807 17 810 ’
935 809 1015 879 dnm,
1030 826 1076 878 ne,
1088 809 1156 866 dum
1173 810 1236 882 quis
1250 811 1324 866 male
1339 811 1553 868 ambulantibus
1563 815 1706 886 Jungitur,
1718 820 1747 870 et

936 919 987 974 per
1002 903 1106 958 itinera
1124 904 1228 960 erroris
1246 909 1274 959 et
1294 903 1421 960 criminis
1440 905 1581 977 graditur,
1600 907 1675 962 aria
1688 910 1747 964 veri

934 996 1044 1052 itineris
1068 1013 1215 1063 exerrans,
1238 997 1298 1069 pari
1322 997 1443 1054 erimine
1467 1002 1495 1054 et
1522 999 1582 1071 ipse
1606 1004 1746 1057 teneatur.

116 861 183 917 titt.
207 860 276 914 Nam
298 863 327 913 et
348 859 454 916 tudam
479 859 557 915 inter
581 859 723 931 apostolos
750 857 885 915 Dominus

89 953 173 1024 etegit,
192 956 218 1008 et
239 955 335 1008 tanmn
350 953 502 1009 bominum
522 953 608 1008 ludas
623 953 803 1025 postmodum
817 969 882 1024 pro·

89 1047 159 1104 didit.
173 1047 233 1102 Nou
247 1049 344 1102 ιιιιιιιιι
365 1046 473 1102 idcirco
490 1047 685 1118 apostolorum
704 1045 774 1102 tides
793 1051 821 1101 et
836 1047 883 1100 lir-

113 1141 117 1150 .
220 1139 256 1152 ..
327 1139 332 1150 .
446 1141 452 1152 .
847 1140 851 1151 ,
937 1091 1012 1145 [tens
1038 1107 1112 1146 unus
1131 1094 1183 1158 est,
1207 1095 1236 1146 et
1255 1091 1382 1148 Christus
1405 1097 1533 1160 unus,et
1552 1108 1608 1148 una
1628 1093 1750 1149 Ecclesia

88 1145 158 1194 mites
170 1139 272 1196 cecidit
286 1156 353 1212 qma
371 1141 500 1212 proditor
516 1141 602 1196 iudas
624 1139 659 1196 ab
679 1155 778 1196 eorum
796 1157 883 1196 socie·
953 1183 959 1195 .

239 1233 244 1244 ,
315 1232 321 1245 ‚
437 1235 443 1244 ,
626 1233 631 1246 ,
935 1200 1005 1254 ejus,
1021 1187 1049 1240 et
1068 1184 1138 1239 tides
1153 1200 1220 1252 una,
1238 1191 1266 1240 et
1281 1184 1362 1258 plebs
1374 1201 1431 1240 rina
1446 1185 1475 1240 in
1491 1185 1610 1242 solidam
1621 1187 1747 1258 corporis

86 1233 392 1382 {mudgaett‘ffsmss
414 1233 461 1289 ¹¹¹⁰
484 1249 542 1340 Ψ
568 1237 664 1290 mum
691 1234 884 1340 {mmmmm
934 1276 1071 1332 unitatum
1092 1278 1114 1312 ⁸⁷
1146 1277 1307 1334 concordiae
1340 1278 1451 1350 glutino
1483 1280 1622 1352 copulata.
1652 1279 1747 1336 Sciudi

86 1341 142 1476 3¹:
159 1343 236 1475 fise?
251 1343 347 1476 ἡέξιῒ
361 1332 884 1494 θεῖῗοέἓᾘίἓυιέἃεῗὲξᾞοέὢῖζξῗη
934 1370 1026 1425 unitas
1041 1387 1098 1426 non
1117 1373 1220 1443 potest,
1236 1387 1287 1426 neo
1305 1387 1408 1444 eorpus
1429 1388 1516 1428 unum
1537 1372 1654 1428 discidio
1675 1390 1748 1429 com-

120 1513 125 1524 .
362 1515 368 1526 .
521 1517 526 1528 ,
604 1517 609 1530 ,
674 1518 680 1531 ,
747 1518 752 1528 ,
934 1463 1047 1536 paginis
1073 1465 1211 1536 separari,
1240 1465 1357 1520 divulsis
1385 1465 1554 1522 laceratione
1580 1467 1747 1534 visceribus,

87 1514 192 1584 Epsswla
216 1530 268 1570 Μ
289 1515 419 1586 mquam
443 1537 448 1568 ³
473 1515 546 1583 ΟΜ
563 1531 636 1570 Μ
655 1531 679 1571 ⁸⁸
692 1516 884 1572 mmm
933 1558 963 1613 in
979 1558 1069 1614 frusta
1090 1559 1221 1630 discerpi.
1236 1559 1381 1632 Quidquid
1403 1576 1419 1614 a
1440 1559 1556 1616 matrice
1578 1561 1746 1630 discesserit,

84 1607 126 1676 W
149 1609 259 1716 wiffam
283 1609 414 1716 mrim?
437 1609 572 1716 ”Qquid
601 1609 749 1716 infidelitas
775 1611 884 1666 mmm
934 1667 1062 1706 seorsum
1079 1651 1171 1706 vivere
1188 1652 1335 1724 etspirare
1356 1669 1414 1708 nnn
1428 1653 1746 1724 poterit,suhstantian1

84 1702 214 1768 tirmiter
236 1705 399 1758 concurrerit
421 1703 511 1760 Atat.
534 1706 675 1760 listram
698 1705 768 1759 Deus
788 1719 1032 1800 ww'sssalutis
1045 1745 1158 1800 amum·

85 1797 156 1850 ΟΜ
177 1801 267 1850 “mm
291 1797 367 1852 ’ΨΜ
389 1797 506 1852 mmds‘ae
528 1799 624 1866 (mnu
645 1813 686 1864 ¹¹¹’
708 1799 734 1865 3¹
759 1797 796 1868 4)'
821 1797 885 1852 Stat
970 1839 1055 1894 xxiv.
1071 1839 1164 1894 Monet
1185 1855 1238 1894 nos
1256 1839 1377 1910 Spiritus
1395 1845 1507 1896 sanetus
1529 1845 1557 1895 et
1576 1841 1647 1896 dicit
1661 1857 1667 1895 :
1683 1843 1747 1908 Ques

84 1889 268 1993 mmmm
292 1906 358 1994 ΡΨ
381 1891 529 1996 wie}
549 1889 662 1996 meum,
678 1891 708 1995 in
734 1890 807 1994 fidei,
825 1907 884 1946 ³¹¹ae
934 1939 973 1988 est
986 1933 1062 1988 lcomo
1074 1935 1122 2002 que·
1138 1934 1197 1988 eruit
1215 1935 1300 1988 uttam
1315 1938 1340 1988 et
1353 1939 1428 1988 emat
1440 1933 1530 1990 cistere
1543 1935 1599 1990 dies
1612 1937 1748 2004 optimos?

85 1981 174 2038 ΝΜ
187 1989 216 2038 et
232 1999 262 2038 ¹¹¹
276 1984 348 2056 ΙΨ
362 2000 394 2040 ³⁰
416 1985 571 2056 mmmm
584 1985 737 2040 D⁰m¹¹¹¹⁰ae
750 1990 882 2054 mmm
935 2025 1044 2082 Contine
1066 2027 1187 2096 linquam
1207 2033 1282 2082 tuom
1302 2043 1319 2080 a
1340 2027 1422 2090 merto,
1443 2031 1467 2082 et
1487 2028 1560 2081 labio
1583 2033 1630 2082 tuo
1655 2043 1687 2084 ree
1709 2030 1746 2083 lo·

84 2093 125 2131 uec
141 2077 175 2130 ab
189 2077 323 2134 Ecclesiae
342 2094 413 2148 pace
427 2077 577 2133 discedunt
595 2078 644 2149 qui
664 2093 693 2134 se
714 2077 743 2132 in
762 2077 884 2132 Ecclesia

83 2170 190 2240 qratiam
200 2176 369 2226 consecutos
379 2170 415 2227 de
430 2171 481 2226 [tei
494 2171 662 2242 dignatione
674 2171 882 2240 meminerunt3

83 2268 152 2334 etque
170 2263 223 2320 hoc
242 2264 305 2336 ipso
324 2265 493 2336 ampliorem
514 2269 727 2336 consequuntur
744 2263 811 2319 lldei
826 2277 883 2319 sure

84 2354 162 2428 517
183 2358 315 2422 laudern,
334 2359 421 2430 quod,
440 2359 474 2413 ab
491 2375 589 2414 eorum
604 2357 725 2430 pertidia
740 2358 883 2430 segregati

8 2477 9 2482 κ
83 2451 121 2520 qui
135 2451 222 2520 juncti
246 2451 434 2506 confessionis
448 2451 592 2508 consortio
607 2452 724 2508 luerunt
734 2451 768 2518 ⁸³,
783 2467 800 2505 a
814 2467 881 2506 con·

8 2531 9 2534 ’
82 2543 144 2612 tegio
157 2542 286 2598 criminis
302 2550 490 2612 recesserunt,
506 2561 573 2600 reno
586 2545 609 2580 ⁸⁴
623 2543 777 2600 illuminati
790 2545 881 2599 Even-

934 2125 1055 2190 queatur
1069 2121 1197 2176 insidiose
1212 2121 1277 2188 (58).
1296 2121 1406 2174 lteclina
1425 2121 1528 2175 omerio
1540 2127 1566 2175 et
1578 2122 1625 2187 soc
1640 2121 1747 2184 bootem,

933 2229 1022 2284 quare
1040 2229 1134 2284 pacem
1162 2220 1187 2268 et
1209 2229 1317 2284 sequere
1338 2229 1395 2268 enm
1418 2214 1503 2284 (Psoi.
1528 2229 1622 2282 xrxru,
1648 2215 1746 2282 l3-l5).

933 2309 1033 2362 Pacem
1050 2323 1179 2378 quaerere
1201 2305 1297 2380 518
1317 2307 1402 2362 debet
1416 2312 1444 2362 et
1464 2307 1543 2379 sequi
1564 2307 1639 2361 lilios
1660 2308 1747 2378 pacis,

933 2417 950 2456 a
970 2399 1154 2456 dissensionis
1168 2401 1243 2456 melo
1262 2401 1409 2456 coritinaro
1422 2401 1550 2472 lingnam
1566 2415 1647 2456 snam
1663 2401 1749 2456 debet

933 2493 981 2566 qui
1003 2494 1082 2548 novit
1104 2497 1132 2548 et
1154 2493 1247 2564 diligit
1269 2493 1413 2548 vinculum
1435 2493 1589 2548 charitatis.
1608 2494 1684 2549 luter
1699 2511 1750 2548 sua

120 2637 134 2647 ..
214 2638 220 2648 .
487 2639 492 2650 .
627 2637 662 2649 ‚,
822 2637 827 2648 ,
864 2637 869 2646 ,
933 2585 1261 2642 divinamandataliet
1282 2586 1748 2658 magisteriasalutaria,passioni

82 2636 532 2709 gelnlnmrne,purnetcaudrda
552 2638 742 2694 Domrnrluce
767 2637 881 2703 radiati,
935 2679 940 2690 .
1040 2699 1045 2710 Ι
1086 2680 1091 2690 .
1251 2679 1256 2692 .
1390 2680 1425 2690 ..
1482 2680 1488 2690 .
1574 2694 1580 2706 ,
1729 2683 1734 2693 .

81 2732 130 2783 [am
149 2734 212 2786 sunt
230 2730 261 2785 in
283 2732 478 2787 commanda
499 2731 601 2788 Christi
626 2747 693 2803 pace
716 2729 881 2799 laudabiles,
929 2695 991 2750 Jarn
1011 2695 1159 2751 proximus
1175 2681 1313 2734 Dominus
1331 2679 1442 2735 addidit
1460 2680 1556 2735 dicens
1573 2720 1580 2732 .
1595 2681 1690 2735 Pacem
1704 2681 1746 2734 de-

83 2839 154 2893 quam
169 2824 288 2880 luerunt
302 2824 330 2878 ιιι
347 2824 452 2881 diaboli
467 2825 666 2896 congressione
681 2824 809 2879 victores.
932 2779 1011 2920 '³222
1028 2774 1117 2921 ”affl
1131 2789 1335 2921 {ffldizz'g
1353 2773 1748 2938 Ἑοεέἰῖωῑὸἑῖοαέὦξᾛξ

109 2963 185 3018 llllll.
210 2965 287 3035 Opto
317 2963 469 3035 equidem,
501 2963 675 3020 dilectissimi
708 2964 825 3031 tratres,
854 2969 884 3019 et
933 2976 991 3014 susa
1006 2958 1220 3030 pollicitationis
1233 2963 1261 3014 et
1275 2959 1393 3032 praemia
1405 2960 1434 3014 in
1449 2957 1746 3031 pacisconversotione

81 3057 471 3130 consuloperiteretsuadeo
490 3063 534 3126 ut,
554 3058 576 3112 si
595 3057 657 3112 lieri
676 3060 882 3128 potest,nemo
934 3052 1071 3123 promisit.
1107 3052 1135 3107 Si
1167 3052 1331 3108 coheredes
1364 3055 1419 3124 (6οι
1446 3053 1549 3109 Christi
1580 3067 1691 3123 sumus,
1716 3056 1745 3109 in

82 3147 108 3201 de
125 3149 254 3204 iratribus
276 3155 375 3221 pereat
394 3153 422 3205 et
441 3150 645 3206 consentientis
664 3150 761 3222 populi
778 3165 882 3223 corpus
932 3145 1036 3204 Christi
1053 3162 1121 3218 pace
1138 3161 1309 3201 maneamus
1320 3146 1354 3201 ⁸⁹.
1369 3147 1396 3201 Si
1416 3147 1467 3201 filii
1481 3148 1529 3203 bei
1545 3161 1654 3220 sumus,
1668 3149 1745 3221 paci·

82 3257 155 3298 unum
176 3245 288 3315 gremio
314 3259 365 3298 suo
387 3244 515 3316 gaudens
540 3251 634 3298 mater
654 3242 830 3299 includatll.
854 3244 880 3300 Si
932 3240 976 3294 lici
1000 3255 1060 3294 esse
1078 3238 1227 3295 debemus.
1250 3243 1336 3304 Beati,
1357 3239 1460 3312 inquit,
1482 3245 1598 3313 percificr',
1620 3246 1746 3314 quoniam

82 3337 162 3390 tamen
182 3337 323 3408 quosdam
343 3337 530 3393 schismatum
547 3338 634 3392 disces
652 3343 680 3392 et
699 3337 881 3393 dissensionis
930 3335 984 3404 ipsi
1011 3335 1063 3402 ptis·
1084 3336 1134 3388 liei
1154 3333 1326 3388 necabuntur
1351 3335 1471 3402 (batth,
1496 3352 1523 3402 a,
1553 3337 1590 3406 9).
1617 3337 1747 3392 l’acilrcos

81 3435 199 3498 auctores,
215 3447 244 3486 m
261 3447 336 3486 caeca
351 3434 380 3486 et
392 3430 532 3486 obstinata
546 3431 692 3486 dementia
705 3446 879 3502 permanen·
931 3443 991 3481 esse
1007 3429 1121 3498 oportet
1136 3426 1184 3480 liei
1204 3425 1286 3493 filins,
1308 3428 1392 3482 cordo
1414 3427 1509 3498 mites,
1529 3445 1663 3486 sermono
1679 3431 1746 3485 sim-

80 3525 122 3588 tes,
135 3539 186 3580 non
203 3523 332 3596 patuerit
345 3524 378 3580 nd
399 3525 495 3580 salutis
509 3524 584 3579 riam
605 3524 754 3579 consilium
768 3523 880 3580 salubre
931 3519 1029 3592 plicas,
1047 3519 1200 3575 allectione
1213 3520 1378 3589 concordes,
1398 3521 1522 3579 fideliter
1535 3523 1586 3578 sibi
1607 3523 1746 3579 unanimi-

80 3629 203 3684 remcare,
224 3617 323 3674 eaeteri
343 3621 441 3673 tamen
463 3618 507 3673 vel
530 3617 709 3690 simplicitate
729 3617 812 3688 capti,
835 3617 880 3672 vel
930 3613 997 3668 tatis
1011 3614 1132 3670 nexibus
1145 3613 1334 3670 cohaerentes.

80 3723 160 3764 errore
172 3711 348 3778 inductiva}
361 3711 453 3782 aliqua
468 3711 591 3766 tollentis
603 3711 712 3765 astuitia
726 3709 879 3765 calliditate
966 3708 1041 3761 XXV.
1069 3710 1134 3762 llaec
1159 3707 1331 3762 unanimitas
1353 3708 1405 3762 sub
1429 3709 1571 3781 apostolis
1593 3711 1660 3766 olim
1682 3711 1743 3767 ιιιιι.

78 3799 180 3874 decepti,
205 3821 222 3861 a
247 3803 370 3860 fallaciae
391 3820 441 3858 ros
465 3803 573 3876 laqueis
600 3803 712 3874 solvite,
743 3807 879 3874 ragentes
929 3800 973 3856 Sic
1001 3817 1090 3855 noras
1118 3800 1294 3855 credentium
1323 3801 1445 3872 populus
1472 3803 1584 3858 [lumini
1612 3805 1747 3860 mandata

79 3909 176 3963 pessus
195 3896 231 3953 ab
251 3897 397 3953 erroribus
413 3897 542 3964 liberate,
559 3897 614 3951 iter
629 3902 737 3951 rectum
757 3897 809 3951 rias
826 3913 878 3952 coe·
929 3893 1101 3961 cristodiens,
1119 3891 1288 3948 charitatem
1309 3909 1391 3950 suam
1413 3897 1515 3952 tenuit.
1531 3897 1635 3952 Probat
1652 3899 1744 3970 Scrip-

76 3985 140 4042 lestis
165 3991 322 4060 agnoscite.
349 3991 539 4048 Contestantis
565 3991 694 4063 Apostoli
721 4005 774 4044 vox
800 3995 842 4045 est
868 4007 875 4044 ε
928 3991 993 4042 tura
1018 3987 1114 4042 divina
1142 4003 1206 4058 quae
1229 3987 1296 4043 dicit
1320 4005 1327 4042 ι
1352 3989 1441 4044 turbo
1465 3995 1556 4045 autera
1579 4007 1669 4047 eonem
1696 3995 1745 4064 qui

76 4081 230 4152 Pracipimus
252 4085 338 4146 nobb,
360 4083 462 4155 inquit,
483 4087 513 4138 in
534 4086 642 4139 nemim
665 4085 774 4139 Domini
791 4087 878 4138 nostri
926 4081 1098 4136 erediderunt
1111 4081 1204 4135 animo
1224 4086 1249 4134 et
1267 4087 1355 4136 mente
1369 4095 1424 4135 uno
1439 4083 1592 4150 ιιριιιιιιιοῦ
1607 4085 1692 4155 (Act,
1707 4103 1743 4154 iv,

76 4175 125 4228 tou
143 4177 240 4233 Chresti
259 4184 291 4232 ut
310 4178 443 4232 recedatis
465 4178 499 4232 ab
522 4179 646 4234 omnibus
664 4177 801 4244 fratribus
816 4193 874 4230 rim·
927 4175 982 4244 ιιι.
999 4173 1032 4228 Et
1052 4173 1154 4228 iterum
1173 4195 1178 4226 :
1194 4175 1229 4229 Et
1249 4179 1328 4230 eram
1348 4182 1548 4245 perseuerantes
1567 4192 1656 4233 manee
1675 4193 1744 4232 unu·

78 4265 213 4325 bubatitus
230 4270 388 4326 inordinate
406 4276 432 4325 et
455 4286 508 4325 non
529 4271 677 4325 secundum
699 4269 876 4324 traditionem
927 4269 1011 4322 aimes
1025 4267 1047 4302 ⁹¹
1070 4269 1100 4320 ia
1118 4269 1240 4323 oratione
1260 4283 1319 4323 crim
1343 4269 1502 4326 mulieribus
1522 4275 1548 4326 et
1569 4272 1658 4327 biurio
1682 4287 1742 4343 que

752 4424 857 4488 Variae
879 4423 1047 4487 lectiones.

101 4563 216 4630 “Atque
233 4567 288 4618 hoe
305 4569 365 4631 ipso
384 4569 515 4631 majorem
535 4571 745 4631 consequuntur
762 4565 830 4617 ndei
851 4579 910 4616 suas
929 4565 1052 4628 landem,
1068 4566 1123 4616 imo
1144 4567 1315 4629 ampliorem,
1332 4567 1405 4632 qnod
1410 4603 1457 4616 .....
1477 4569 1613 4632 segregati
1634 4569 1736 4632 quibus

78 4635 151 4694 juncti
164 4639 347 4690 consessionis
363 4639 503 4690 consortio
518 4639 628 4689 luerunt
647 4639 704 4688 Ver.
719 4639 795 4688 Poris
819 4637 873 4700 Qut
884 4638 990 4700 Junctis
1002 4635 1225 4688 contessionibns
1242 4637 1321 4684 Paris.
1356 4637 1377 4670 ⁸⁴
1391 4637 1535 4688 Steterunt
1550 4649 1615 4688 vero
1633 4637 1693 4686 bod.
1713 4639 1737 4686 3.

80 4707 176 4758 tireno
190 4709 327 4770 bombi.
361 4708 382 4742 ⁸⁵
396 4709 481 4760 bteter
495 4709 621 4760 Ecclesia
640 4709 708 4758 Voss.
720 4709 743 4758 3.
777 4707 981 4758 81ιιιιιιιιιιιιιιιιιι
996 4708 1128 4756 Asdara.
1162 4704 1457 4756 ⁸⁷Unitataltod.l.t.
1490 4704 1740 4758 ⁸⁸1ntersusdo-

79 4775 148 4838 utque
160 4780 286 4830 mandata
307 4779 362 4828 Ver.
396 4778 416 4812 ι·
429 4779 460 4828 ln
476 4777 577 4830 Christi
592 4791 688 4842 pacem
700 4779 834 4830 abeamus
848 4779 905 4826 Cor.
924 4776 1086 4827 Maneamus
1100 4778 1144 4826 Ar.
1177 4773 1197 4807 ι’
1213 4773 1341 4824 Animam
1359 4779 1386 4825 et
1406 4779 1525 4826 mentem
1545 4789 1629 4827 unam
1649 4776 1738 4830 babe-

81 4841 134 4895 baut
146 4849 204 4898 bod.
219 4851 242 4901 3.
277 4851 297 4882 ⁹¹
312 4849 523 4900 Perseverantes
536 4847 684 4898 unanimes
697 4849 766 4898 tona.
782 4846 860 4896 liber.
876 4848 929 4898 tia.

711 4993 824 5075 Steph.
846 4993 970 5057 Baluzii
990 4997 1088 5056 ιιοιι.

106 5137 284 5196 tflttmr'diosc
310 5139 404 5192 Codex
423 5137 655 5220 compendiensis
670 5137 754 5220 hebet
776 5137 984 5226 debeantur]
1013 5141 1038 5220 ei
1062 5137 1091 5187 ln
1117 5137 1234 5188 vetustis
1258 5136 1443 5220 editionibus,
1473 5139 1544 5188 inter
1568 5151 1639 5204 quas
1666 5155 1738 5204 pono

82 5215 182 5268 quatuor
207 5212 254 5263 alil
277 5211 373 5274 delum,
400 5210 596 5277 Burgundtcus
615 5211 794 5276 imquitatem,
814 5209 872 5261 Eh-
924 5209 1121 5262 blorelhnuam.
1149 5207 1284 5270 Quamvis
1303 5221 1368 5259 vero
1387 5223 1475 5273 major
1497 5213 1620 5260 veterum
1655 5213 1738 5265 libra

82 5277 165 5339 ginnas
179 5283 351 5334 menducium.
923 5294 982 5332 rum
995 5293 1059 5344 pars
1074 5279 1177 5330 habeat
1190 5279 1312 5340 haeredes,
1332 5291 1384 5344 ego
1404 5279 1486 5330 allam
1502 5281 1651 5334 lectionem
1666 5299 1737 5348 prae-

108 5350 147 5412 (ῖῦι
171 5354 351 5406 Hereditatem
389 5353 469 5406 dedit.
511 5353 662 5416 Manutius,
698 5351 873 5404 hereditatem
923 5353 991 5412 lero,
1008 5351 1073 5416 qula
1088 5351 1117 5400 ιιι
1132 5349 1427 5415 capitevuriiplstolm
1440 5351 1519 5401 Pauli
1541 5352 1578 5402 nd
1597 5355 1737 5416 Ramesses,

84 5419 185 5476 Cbrietm
193 5425 271 5477 dedit.
286 5425 341 5478 Sed
353 5439 452 5476 vocem
466 5425 592 5488 Christus,
611 5439 674 5490 quae
689 5439 756 5477 sane
777 5439 873 5477 neces·
923 5439 958 5474 ex
973 5437 1028 5488 que
1049 5425 1176 5486 sumptus
1197 5425 1239 5472 est
1259 5421 1306 5472 hle
1329 5421 1417 5483 locus,
1432 5423 1553 5488 legitur:
1570 5445 1584 5472 «
1602 5425 1736 5478 Stantem

83 5495 140 5543 saria
162 5509 215 5548 nou
240 5502 291 5560 est,
313 5512 369 5550 non
387 5502 541 5564 agnoscent
562 5498 626 5548 libri
649 5503 756 5549 veteres
781 5510 873 5563 neque
923 5493 972 5545 filii
1004 5497 1031 5544 et
1046 5491 1183 5555 haeredes,
1201 5493 1326 5544 baeredes
1354 5493 1467 5558 quidem
1493 5495 1554 5557 Dei,
1577 5493 1737 5546 cohaeredes

84 5559 208 5618 editiones.
923 5569 1016 5616 autem
1034 5563 1171 5616 Christi.»
1187 5563 1234 5616 Sic
1256 5563 1339 5615 etlam
1362 5565 1480 5616 retertur
1501 5565 1548 5617 hic
1564 5567 1643 5617 loeus
1656 5567 1736 5630 epist.

109 5635 149 5695 {itti
168 5637 322 5691 coheredes.
349 5639 502 5692 Fatendum
524 5643 566 5692 est
593 5642 725 5704 majorem
747 5643 872 5691 veterum
922 5639 954 5689 tu
972 5641 999 5688 et
1013 5639 1053 5698 aa,
1070 5639 1097 5686 et
1121 5637 1149 5685 iu
1167 5635 1290 5700 Epistola
1314 5636 1350 5686 nd
1376 5638 1560 5696 Fortunatam,
1582 5635 1614 5687 de
1635 5637 1738 5687 debor-

85 5701 198 5782 librorum
211 5715 314 5776 partem
329 5711 432 5764 hahere
450 5711 612 5777 simpliciter
637 5711 750 5763 heredes
768 5715 795 5762 et
812 5711 872 5762 lec-
923 5711 1021 5760 tatione
1043 5707 1178 5772 dtortprit,
1210 5721 1269 5774 cap.
1294 5707 1319 5770 Ξ,
1343 5711 1371 5760 ot
1392 5707 1439 5759 lib.
1464 5721 1492 5760 ιιι
1516 5707 1726 5758 Testimoniorum

87 5777 171 5831 tunam
189 5797 270 5849 mem
297 5796 348 5850 ego
369 5783 473 5838 retineo
494 5787 603 5840 entare
628 5785 658 5836 ιιι
685 5787 791 5852 septem
811 5787 872 5835 tau·
923 5793 983 5847 cap.
998 5779 1035 5832 tt.
