4012 6192
89 274 142 337 rsa
406 269 409 276 “
661 274 705 336 ns
719 275 766 337 ιιι
785 277 1007 340 leusiouucs
1030 261 1171 340 saecu.
1711 277 1762 346 ese

77 404 241 479 pejerantes
260 399 354 460 risere
371 419 429 460 uon
447 399 552 471 sinere,
577 401 890 477 ecclesius‘delenderc,
904 415 1066 492 quamque
1080 405 1117 462 ab
1135 404 1280 478 episcopo,
1296 405 1363 478 quid
1378 405 1420 464 sul
1435 404 1560 466 nominis
1575 404 1702 482 dignitus
1717 413 1757 466 te·

78 515 220 574 pssperss
247 497 436 570 elecmosynis
461 497 552 565 alere,
577 497 671 570 justos
698 513 784 572 super
812 502 894 573 regni
945 502 1022 566 aaut,
1038 501 1212 572 inquiratur,
1232 501 1380 571 quodiam,
1400 515 1465 558 cunr
1486 503 1632 576 episcopus
1654 521 1762 562 nomeu

76 594 199 666 negotiu
219 595 403 663 constituere,
426 609 508 649 seues
526 594 555 648 et
576 594 718 666 sapientes
741 598 770 649 et
784 595 895 652 sobrios
944 595 1074 650 Graccum
1095 595 1140 662 sit,
1164 594 1323 666 speculator
1340 595 1553 668 interpretetur.
1578 598 1672 665 Quare
1694 615 1762 654 vero

78 689 260 746 consiliarios
272 689 387 758 habers,
403 687 733 761 magorumpriotorum,
749 688 895 761 pythonis·
944 689 1105 760 speculator
1117 687 1246 760 ponitur,
1259 689 1366 760 etquid
1378 705 1395 743 s
1407 691 1583 761 speculatore
1594 693 1758 765 requiritur,

76 799 232 855 earumque
254 783 501 856 superstitionibus
523 799 581 838 non
602 782 764 852 intendere,
780 783 892 839 iracun·
943 781 1080 838 murinus
1099 783 1159 854 ipse
1182 781 1319 851 denudat,
1347 797 1412 838 cum
1436 783 1488 838 sub
1512 785 1667 841 Ezechielis
1693 803 1759 858 pro·

77 875 155 932 diem
170 877 894 949 differrs,pstriamfortiteretjustecontraadrau
941 876 1036 948 phetm
1059 893 1189 949 porsena,
1215 877 1349 948 episcopo
1372 875 1458 932 efficii
1480 877 1523 932 sui
1549 879 1690 934 rationem
1713 881 1762 935 dc·

76 973 165 1027 serios
195 971 366 1040 defendere,
392 987 444 1044 per
474 970 569 1026 omnia
595 971 625 1026 in
650 973 707 1028 Deo
732 969 892 1039 corillders,
942 971 1065 1039 nuntiat,
1082 972 1122 1027 its
1144 971 1275 1044 iuquiens
1295 990 1302 1026 ι
1322 970 1523 1042 Speculatorem
1537 972 1602 1027 dedi
1622 978 1647 1028 ts
1667 973 1763 1032 domici

75 1065 314 1138 prosperitatibus
334 1065 461 1122 animum
483 1081 540 1122 neu
565 1065 677 1121 eleuare
699 1063 768 1138 (it),
790 1066 893 1120 cuncta
941 1067 1036 1121 lueet.
1054 1065 1175 1122 luderis
1194 1081 1256 1134 erue
1278 1077 1629 1130 caeremoniarum,
1652 1069 1761 1123 acuistis·

75 1159 197 1216 adrersu
218 1159 363 1232 patienter
388 1157 521 1228 tolerare,
548 1157 634 1214 fldem
661 1159 833 1216 catholicum
862 1159 892 1214 iu
941 1160 981 1218 bis
995 1161 1033 1216 eis
1049 1177 1083 1218 en
1103 1175 1154 1216 mc.
1177 1162 1210 1218 Si
1224 1164 1315 1216 cunin
1334 1159 1436 1216 uideris
1457 1159 1581 1228 pisidiam
1599 1161 1761 1222 acuentem.

73 1255 168 1310 ileum
183 1254 300 1322 habere,
316 1253 391 1310 lilios
408 1269 473 1308 suos
495 1268 552 1309 non
575 1253 668 1309 sinere
687 1253 774 1326 impie
795 1269 890 1325 agere,
941 1259 965 1310 st
985 1259 1014 1311 tu
1036 1271 1089 1312 nun
1107 1256 1314 1310 euisrsutiuoeris
1332 1258 1363 1310 ut
1387 1257 1541 1310 reueletur·
1561 1255 1661 1325 impius
1678 1270 1696 1310 e
1716 1256 1763 1310 vic

73 1347 161 1403 certis
181 1347 261 1404 boris
283 1347 460 1404 orationibus
482 1347 622 1418 insistere,
638 1351 704 1403 ante
723 1347 809 1403 haras
827 1363 893 1402 eon·
939 1364 1003 1427 suu,
1022 1352 1079 1420 ipse
1098 1349 1208 1420 quidun
1223 1350 1324 1419 inpius
1339 1349 1370 1402 in
1388 1349 1536 1418 iniquitute
1554 1362 1606 1404 sue
1619 1349 1762 1416 mouetur,

73 1453 164 1515 grua's
186 1443 283 1497 cibum
307 1457 366 1498 nou
392 1443 517 1513 gustare.
543 1442 591 1497 Vae
616 1445 686 1497 enim
712 1446 790 1498 serra
813 1443 892 1506 euius
940 1446 1100 1514 sanquinem
1124 1448 1214 1498 eutem
1232 1443 1290 1510 qus
1315 1441 1349 1498 dc
1373 1457 1457 1498 inens
1483 1446 1533 1498 tue
1553 1443 1703 1512 requiram.
1731 1444 1764 1504 Si

72 1551 125 1592 res
145 1551 215 1608 puer
248 1541 302 1604 esi,
324 1541 349 1592 et
374 1535 449 1606 enjus
478 1536 615 1608 princpes
640 1551 718 1592 misus
750 1536 892 1591 comedunt
940 1543 1030 1594 eutem
1048 1547 1078 1594 iu
1098 1537 1317 1600 annuntiaveris,
1339 1540 1365 1592 ct
1383 1536 1430 1590 ille
1447 1550 1501 1590 nou
1516 1535 1603 1602 sumu
1625 1550 1758 1600 reuersus,

76 1631 223 1698 (Eeclae.,x,
238 1629 293 1702 t0).
304 1629 367 1685 llaec
381 1627 463 1700 regni
476 1630 696 1700 prosperitatem
714 1627 891 1701 inpraesenti
939 1633 996 1702 ipss
1014 1629 1125 1702 quidem
1142 1633 1172 1686 ia
1190 1631 1337 1700 iniquitiste
1357 1643 1410 1685 suit
1431 1629 1572 1691 numicius,
1586 1628 1634 1684 scd
1653 1633 1684 1684 tu
1698 1632 1760 1686 oui·

73 1724 204 1792 iaciunt,
235 1729 264 1780 et
292 1739 392 1796 regem
426 1723 460 1778 ad
489 1723 613 1779 coelestis
648 1739 740 1795 regno
771 1721 891 1779 meliora
940 1741 1013 1782 mern
1038 1730 1112 1782 utem
1137 1724 1261 1782 liberasti
1285 1723 1402 1796 (Esset,
1429 1739 1476 1790 iu,
1500 1721 1555 1792 tr).
1579 1723 1665 1778 Deest
1690 1737 1759 1794 ergo

74 1817 252 1890 perducunt.
287 1815 341 1882 Qui
377 1833 445 1873 rere
481 1809 605 1889 requam
640 1832 698 1871 uon
736 1803 1118 1892 secundumBepiseopum,
1145 1817 1195 1890 qui
1223 1817 1353 1874 emnium
1382 1817 1542 1888 speculetur
1567 1815 1675 1887 positus
1699 1820 1753 1882 est,

76 1911 157 1967 hane
180 1912 275 1983 legem
305 1910 468 1983 dispenset,
494 1909 598 1966 multas
632 1910 769 1966 nimirum
800 1909 898 1966 adver·
949 1917 1064 1985 peccatu
1083 1911 1236 1984 diligenter
1250 1910 1410 1979 attendere,
1425 1914 1455 1966 et
1472 1912 1622 1982 postquam
1637 1909 1765 1966 attende-

75 2005 180 2060 sitates
205 2005 319 2078 imperii
345 2003 489 2061 tolerabit.
513 2003 621 2061 idcirco
642 2004 719 2060 euim
744 2019 799 2076 pax
820 2019 896 2076 saepe
947 2008 996 2076 rit,
1011 2026 1160 2079 sermone,
1178 2009 1201 2066 si
1214 2009 1342 2082 potuerit
1354 2015 1383 2065 et
1397 2015 1463 2065 actu
1485 2008 1630 2080 corrigere
1642 2024 1650 2072 ς
1662 2006 1686 2063 si
1706 2023 1765 2064 non

74 2099 252 2172 populorum
290 2099 455 2173 rumpitur,
485 2104 514 2154 et
542 2097 710 2155 oticudieula
745 2099 831 2155 etism
861 2098 897 2154 de
946 2103 1083 2176 potuerit,
1094 2104 1177 2176 juxta
1188 2103 1342 2178 Evangelii
1354 2103 1496 2176 regulam,
1509 2102 1650 2158 scelerum
1662 2117 1764 2174 opera·

74 2209 169 2264 regno
193 2192 377 2262 suscitantur,
392 2195 537 2249 terrarum
559 2209 673 2265 quoque
690 2192 798 2249 fructus
812 2190 897 2247 dimi·
946 2197 1004 2253 rios
1019 2196 1164 2253 declinere
1180 2212 1188 2252 r
1203 2199 1234 2255 si
1252 2199 1333 2262 enirn,
1351 2195 1445 2269 iuquit
1461 2196 1492 2252 iu
1505 2193 1659 2268 evangetio
1672 2192 1765 2250 Domi·

74 2292 218 2356 nnuntur,
247 2293 276 2343 et
312 2285 423 2343 servitia
460 2287 631 2360 populorum
667 2286 895 2360 propediantur,
945 2306 1010 2360 niis,
1027 2286 1179 2362 peccauerit
1195 2293 1226 2347 in
1243 2297 1268 2348 ce
1286 2293 1378 2360 pater
1395 2295 1468 2356 runs,
1480 2291 1587 2361 corripe
1600 2289 1680 2344 iilum
1691 2290 1764 2344 mter

74 2381 163 2436 multi
174 2384 203 2436 et
216 2380 286 2436 varii
299 2379 411 2437 dolores
424 2381 646 2454 prosperitatem
661 2378 894 2452 regniintleiunt,
947 2391 972 2440 te
987 2390 1013 2441 ei
1028 2387 1116 2457 imum
1134 2386 1230 2442 sctum.
1249 2387 1280 2443 Si
1295 2391 1320 2441 te
1339 2384 1468 2448 audierit,
1489 2383 1612 2440 lucretur
1632 2384 1686 2438 eris
1699 2384 1764 2452 tro·

76 2475 234 2531 charorum
248 2475 444 2531 ellibsrarum
455 2477 562 2530 mortes
574 2473 719 2530 tristitiam
733 2473 894 2542 conferunt,
947 2485 1014 2534 reem
1030 2484 1106 2536 iussn
1122 2481 1168 2536 :si
1187 2485 1213 2535 re
1232 2495 1287 2536 nan
1307 2477 1439 2542 macerit,
1460 2477 1558 2534 adisibe
1572 2482 1658 2533 terren
1675 2476 1765 2534 oddus

74 2569 208 2626 hostium
246 2569 377 2624 incursus
413 2568 573 2640 provincias
612 2567 737 2643 undique
773 2571 894 2636 vastant,
945 2573 1293 2637 campanensium,
1315 2575 1346 2628 ut
1368 2575 1398 2627 in
1419 2587 1464 2628 ere
1484 2571 1601 2628 dumam
1618 2571 1661 2628 eet
1681 2573 1766 2626 trium

78 2663 182 2719 bestiis
201 2667 399 2718 armentorum
409 2665 438 2718 st
451 2677 587 2736 peconrm
603 2677 705 2734 greges
718 2659 893 2717 dilacerent:
946 2669 1053 2724 ratium
1071 2673 1123 2724 ster
1137 2682 1214 2724 omne
1232 2666 1343 2722 antem
1361 2681 1370 2719 c
1386 2666 1484 2722 sittim
1503 2679 1555 2720 uon
1573 2665 1704 2734 auderit,
1721 2663 1766 2719 dic

75 2761 264 2829 tempestates
290 2756 364 2812 aeris
389 2761 417 2812 st
442 2754 549 2812 hiemis
572 2759 714 2812 terrarum
740 2754 895 2810 fecundita-
944 2763 1068 2818 Baetem
1088 2780 1097 2816 ς
1118 2763 1144 2818 ss·
1165 2761 1311 2818 &etaiam
1330 2775 1385 2816 non
1407 2759 1592 2823 cuduntfss't
1613 2759 1666 2813 titi
1687 2759 1764 2812 sicut

75 2857 137 2907 ‘0¹¹¹
168 2849 224 2922 (³3)
246 2853 274 2906 θ)
300 2850 390 2907 malit
423 2837 579 2906 ffll⁰l⁵i0ll³
605 2847 768 2921 Pl⁰hlbi¹¹ls
794 2853 823 2903 εἴ
846 2848 896 2903 fill·
945 2857 1067 2912 etunius
1088 2855 1296 2927 etpublieuuus
1313 2854 1436 2926 (Marcu,
1458 2869 1535 2921 xvru,
1561 2850 1694 2923 lt).st
1717 2865 1763 2905 or·

74 2945 195 3018 quando
213 2944 367 3001 fulminum
389 2945 462 3000 ictus
483 2948 593 3016 segetes
611 2946 640 2998 ct
660 2943 795 2998 arborum
809 2941 896 2998 liores
944 2949 1012 3007 dine
1034 2949 1222 3022 exponendus
1242 2953 1285 3005 est
1303 2945 1470 3021 quicunque
1494 2947 1603 3003 doctori
1626 2945 1671 3001 vo}
1701 2941 1764 3016 spi.

74 3043 105 3096 et
118 3037 276 3112 pampinos
285 3044 419 3096 exurunt.
433 3037 525 3110 Super
534 3037 632 3093 omnia
641 3053 708 3093 vero
721 3037 798 3109 regis
808 3036 896 3107 iujus-
944 3059 1031 3117 scopo
1042 3043 1190 3100 aduersis
1203 3041 1339 3098 noluerit.
1352 3043 1386 3100 Et
1398 3041 1449 3114 qui
1468 3040 1519 3097 isli
1540 3039 1641 3096 ordine
1662 3037 1764 3112 expul-

76 3135 150 3204 titis,
166 3149 226 3190 non
241 3133 333 3190 solum
348 3131 498 3206 praesentis
519 3131 633 3206 imperii
646 3130 747 3186 taciem
765 3130 893 3199 offuscet,
905 3175 933 3250 C
944 3153 992 3192 sus
1010 3137 1105 3204 luunt,
1120 3135 1156 3192 sb
1170 3135 1228 3192 ulio
1244 3135 1339 3208 aliquo
1360 3135 1474 3191 doctore
1492 3134 1535 3191 rel
1556 3133 1688 3206 episcopo
1706 3145 1766 3188 non

75 3233 124 3288 sed
132 3231 221 3288 etiam
230 3227 303 3284 lilios
312 3243 379 3283 snos
387 3229 417 3282 et
431 3228 559 3298 nepotes,
569 3241 607 3280 ne
619 3231 683 3297 past
697 3240 728 3279 se
741 3223 823 3297 regni
840 3223 896 3279 lam·
945 3230 1027 3288 dehet
1041 3230 1138 3303 recipi.
1154 3231 1194 3286 ils
1213 3230 1359 3286 sacerdote
1379 3245 1505 3301 namque
1524 3227 1662 3300 scriptum
1676 3227 1720 3283 est
1734 3224 1764 3282 in

75 3327 232 3383 ruditatem
248 3325 371 3390 teneant,
383 3320 523 3376 obseurat.
532 3319 651 3391 Propter
662 3317 804 3389 piaculum
817 3315 895 3372 euim
944 3326 1009 3397 1030
1025 3341 1032 3381 ς
1048 3323 1169 3382 viduam
1183 3328 1233 3380 auc
1246 3324 1422 3394 repudiatam
1442 3337 1497 3378 non
1515 3323 1634 3392 accipiat
1653 3335 1763 3376 acorem

75 3417 248 3486 Salomonis,
267 3431 389 3487 reguum
407 3413 509 3470 domus
528 3411 613 3498 lsrael
632 3410 767 3467 llominus
781 3410 818 3467 de
834 3427 894 3466 ma·
944 3419 1053 3490 (Leuis,
1076 3433 1132 3486 χχι,
1154 3417 1193 3488 7),
1215 3415 1269 3483 Qui
1293 3433 1363 3489 ergo
1379 3416 1460 3472 inum
1480 3414 1764 3472 excommunicatum

76 3515 164 3570 nitius
177 3511 304 3568 illiorum
324 3509 386 3581 ejus
402 3507 546 3580 dispersit·
567 3507 602 3561 El
619 3510 736 3579 propter
752 3504 895 3577 justiliam
945 3511 1126 3580 acatholico,
1147 3511 1194 3568 illo
1216 3527 1273 3568 nou
1296 3511 1493 3583 permittente,
1509 3509 1563 3566 sibi
1580 3508 1679 3581 jungit
1696 3507 1766 3580 jura

77 3607 166 3663 llarid
190 3604 280 3676 regis,
301 3603 446 3658 lucernum
467 3601 504 3668 tle¹
526 3599 637 3656 semiue
656 3599 719 3670 elus
738 3614 852 3670 tempti
864 3597 895 3653 in
945 3605 1212 3675 sacerdotii‘ssncti,
1236 3605 1266 3660 iu
1285 3619 1342 3677 quo
1358 3603 1412 3677 (lt)
1433 3603 1660 3659 Christianorum
1675 3617 1767 3674 genus

74 3700 259 3758 Hierusalem
290 3695 408 3768 reliquit
438 3695 483 3768 (ΙΙΙ
514 3696 590 3764 lieo..
620 3709 662 3761 ¹1.
689 3691 797 3764 3¹·35l·
825 3692 896 3748 ³⁰⁰0
945 3701 1066 3757 electum
1091 3705 1144 3769 est,
1169 3699 1289 3755 excedit.
1313 3699 1369 3754 lise
1391 3697 1502 3754 ratione
1525 3696 1702 3768 episcopum,
1731 3695 1767 3750 ed

76 3797 220 3868 quantum
238 3790 350 3862 justitie
369 3789 445 3861 l'egls
467 3788 572 3843 saetllllo
595 3787 697 3851 Valeat,
718 3784 896 3841 intuentibus
945 3811 993 3850 ρος
1008 3793 1112 3867 quibus
1126 3794 1155 3848 in
1172 3793 1397 3865 speculationem
1412 3791 1520 3862 positus
1532 3795 1585 3856 est,
1604 3807 1666 3846 08³0
1681 3805 1767 3861 sipos-

74 3888 228 3961 perspicue
244 3887 328 3956 patet.
344 3883 392 3938 Est
404 3881 479 3938 euim
495 3896 549 3953 psx
566 3880 751 3952 populorum,
766 3880 895 3934 tutamen
946 3888 996 3941 ist,
1021 3887 1164 3940 cistarum
1186 3897 1264 3950 vers,
1282 3881 1374 3953 quatis
1401 3881 1430 3936 iu
1455 3880 1609 3952 semetipso
1635 3893 1696 3934 esse
1719 3879 1767 3934 de-

75 3981 192 4054 pulriae,
225 3976 389 4033 immunitas
418 3975 521 4048 Plebis.
549 3973 763 4028 mtlsslmffllfflffl
791 3971 894 4042 gellii&
945 3977 1021 4047 beet,
1051 3978 1154 4034 Paulus
1178 3975 1321 4048 apestolus
1347 3973 1467 4045 exponit
1493 3989 1500 4028 :
1525 3976 1557 4027 ut
1587 3972 1623 4029 ad
1647 3971 1768 4044 gradum

75 4091 144 4131 eura
179 4074 361 4144 languorum,
392 4069 530 4140 gaudium
559 4067 719 4134 bominum,
743 4064 897 4137 temperies
945 4072 1071 4145 episcopi
1093 4069 1211 4125 veniens
1235 4069 1271 4123 sit
1290 4066 1409 4135 sobrius,
1434 4065 1568 4139 prudens,
1593 4072 1698 4134 esitus,
1722 4081 1766 4119 ss·

75 4168 163 4236 aeris,
188 4163 326 4221 serenitas
345 4161 442 4230 maris,
468 4163 552 4216 terrae
572 4159 742 4229 lucranditas,
763 4157 896 4213 solatium
946 4166 1038 4238 piens,
1055 4163 1216 4230 modestus,
1237 4161 1396 4234 hospitalis,
1410 4159 1484 4218 fliius
1505 4159 1617 4216 habeus
1636 4158 1768 4216 subditas

77 4275 252 4334 pauperum,
267 4255 420 4313 haeledsttss
440 4254 577 4322 flll⁰l¹¹¹¹¹s
597 4255 626 4308 el
644 4251 815 4324 sibimetipsi
833 4267 897 4324 ³90³
946 4269 1011 4314 euru
1032 4259 1112 4314 omni
1142 4257 1283 4326 castitate,
1306 4255 1507 4312 testimouium
1530 4253 1641 4310 habeus
1659 4252 1767 4308 bouum

75 4357 188 4412 futurae
206 4350 402 4408 beatitudinis.
417 4352 552 4404 Attamen
572 4347 641 4403 sciat
660 4363 708 4402 rex
725 4345 811 4418 quad,
825 4345 898 4400 sicut
946 4351 982 4408 ab
998 4351 1042 4406 his
1066 4350 1119 4423 qui
1140 4351 1210 4407 loris
1231 4353 1307 4420 sunt,
1327 4351 1473 4421 proferens
1497 4347 1638 4404 doctrines
1654 4346 1769 4402 lidalem

76 4451 108 4505 in
120 4449 228 4504 throno
242 4445 393 4501 bominum
406 4441 698 4516 primuscoustitutus
711 4437 815 4508 est,sic
827 4444 854 4494 et
866 4437 896 4493 iu
947 4461 1127 4514 sermonem
1150 4445 1305 4516 cutequain
1331 4443 1479 4516 episcopus
1500 4441 1551 4509 sit,
1577 4458 1635 4496 non
1662 4440 1758 4512 plures

84 4542 192 4615 paenis,
207 4540 232 4596 ei
247 4538 387 4611 justitiam
409 4553 468 4592 non
485 4534 596 4603 iecerit,
617 4535 770 4607 primatum
790 4531 1064 4614 habitu-Dhahcns
1082 4552 1188 4594 uxores
1209 4553 1296 4609 quem
1317 4553 1403 4592 uuam
1414 4554 1423 4606 ;
1445 4553 1501 4591 nou
1524 4549 1683 4607 percursor,
1709 4549 1767 4588 uon

75 4655 127 4695 rus
151 4638 204 4691 est.
232 4633 339 4689 Omnes
358 4645 484 4702 namque
513 4643 697 4701 quoscunque
732 4629 896 4699 peccateres
953 4631 1100 4703 bilinguis,
1114 4647 1174 4688 uon
1188 4631 1325 4700 ebriosus,
1340 4645 1398 4684 non
1415 4629 1588 4700 neophytus,
1600 4634 1629 4682 ut
1643 4641 1694 4698 per
1709 4626 1770 4680 haec

75 4731 131 4787 sub
147 4745 178 4785 se
194 4728 224 4782 in
241 4725 374 4800 praesenll
394 4723 505 4792 babuli,
519 4738 605 4794 supra
618 4737 647 4777 ὅθ
663 4720 748 4776 ffl⁰d0
764 4719 901 4791 impleta·
952 4727 1012 4798 ipse
1028 4725 1159 4782 ostendat
1171 4724 1201 4779 iu
1214 4741 1311 4795 opere,
1328 4722 1404 4794 quod
1417 4721 1487 4776 elios
1501 4721 1584 4776 docet
1594 4720 1623 4774 in
1637 4735 1768 4774 sermone

73 4823 129 4882 bili
145 4823 176 4878 in
191 4821 238 4879 illa
251 4835 335 4893 poena
350 4819 446 4874 lulum
459 4815 589 4872 habebit·
952 4819 1089 4877 doctrines
1103 4819 1125 4888 (Ι
1147 4819 1227 4878 lim..
1243 4833 1284 4880 iu,
1298 4817 1336 4888 2).
1350 4817 1475 4873 caueant
1495 4829 1567 4886 ergo
1589 4811 1769 4884 negligentes

347 4923 446 5000 879
465 4924 576 4982 CAPUT
595 4923 627 4979 x.
953 4911 1078 4986 episcopi
1106 4911 1183 4984 quod
1203 4910 1232 4966 in
1256 4912 1384 4982 tempere
1406 4907 1540 4963 uindictae
1561 4907 1700 4963 llominus
1720 4921 1770 4978 per

113 5018 252 5076 Decimus
276 5013 383 5088 graduis
405 5013 550 5070 abusionis
572 5017 616 5068 eet
640 5010 791 5083 episcopus
814 5009 903 5082 negti·
953 5006 1124 5078 Prophetsm
1140 5003 1338 5075 conqueritur,
1354 5002 1454 5058 dicens
1470 5017 1477 5057 :
1493 5004 1618 5058 Pesteres
1632 5000 1702 5055 muti
1714 4998 1769 5071 (35)

75 5130 171 5188 gens;
205 5111 255 5184 qui
287 5109 391 5182 gradus
425 5107 467 5163 sui
498 5107 638 5162 honorem
673 5103 749 5161 inter
768 5104 902 5160 homiues
952 5101 1075 5156 demoliti
1085 5103 1149 5154 suist
1163 5097 1296 5168 poputum
1310 5101 1448 5164 meumst
1469 5111 1523 5150 nen
1538 5094 1686 5165 poscebant
1706 5108 1764 5162 pre·

73 5205 216 5280 requirit,
232 5204 280 5259 sed
300 5199 453 5258 ministerii
467 5199 511 5256 sui
530 5198 702 5272 dignitatem
721 5212 817 5253 coram
834 5197 901 5264 bea,
952 5209 1010 5264 pern
1023 5208 1110 5249 murm
1121 5197 1253 5262 postcras,
1266 5191 1313 5246 ssd
1322 5189 1470 5262 poscebant
1482 5189 1634 5260 semctipsos
1648 5187 1768 5257 (deren,

72 5319 132 5378 pro
154 5317 212 5374 quo
227 5297 370 5369 legatione
387 5293 529 5368 iungitur,
544 5309 603 5349 nou
621 5291 754 5349 custodit.
775 5290 901 5346 Primum
952 5303 1052 5354 xxxiv,
1080 5285 1128 5357 8),
1156 5283 1204 5340 sed
1225 5285 1333 5367 'patius
1358 5288 1510 5356 procurent
1540 5281 1572 5337 lii
1604 5296 1676 5353 quos
1706 5295 1772 5338 ecn-

737 5418 850 5502 Stepb.
872 5415 997 5482 leuaii
1017 5418 1116 5479 notai.

107 5577 163 5642 (39)
175 5575 300 5628 Animum
308 5585 363 5626 uon
372 5571 482 5624 sunere.
493 5587 508 5618 «
519 5569 816 5624 Nenelevertaulmo.»
827 5568 900 5633 Aug.
951 5578 986 5619 ax
998 5563 1108 5616 duabus
1119 5573 1177 5614 mss
1201 5561 1317 5627 pepiucs
1334 5566 1460 5622 suerunt,
1481 5573 1531 5626 pro
1549 5573 1583 5612 eo
1601 5557 1677 5626 quod
1689 5562 1732 5610 est
1743 5557 1771 5607 lu

108 5649 167 5712 (33)
184 5649 325 5698 Terrarum
339 5643 542 5706 secunditatem,
555 5645 607 5696 ote.
624 5641 672 5694 Sic
690 5641 902 5694 emendavimus
951 5637 1015 5690 edit.
1033 5636 1174 5701 pampinos
1188 5637 1442 5700 quosqoescurunt.

73 5719 250 5772 auctoritate
263 5715 326 5766 cad.
339 5713 461 5768 Colbert.
477 5717 505 5767 et
519 5713 589 5780 Aug.
609 5711 680 5764 uus
691 5712 721 5763 tn
733 5713 804 5772 utils,
820 5714 903 5761 «tur-
982 5709 1031 5772 (dt)
1045 5709 1145 5773 laquo,
1162 5703 1209 5757 Sic
1225 5703 1286 5755 cod.
1303 5703 1382 5769 Rege
1395 5703 1463 5756 edit.
1478 5703 1558 5770 quad.
1667 5771 1672 5784 ι

73 5795 146 5844 bata
171 5801 265 5840 rerum
287 5784 467 5840 foecunditate
484 5785 578 5848 muria,
596 5801 610 5833 s
634 5787 687 5835 etc.
712 5781 803 5835 Habet
827 5781 903 5834 lderu
983 5775 1258 5845 iniustissume.
1277 5775 1454 5828 corbeiensis
1471 5773 1546 5841 apud
1561 5775 1632 5838 Aug.
1648 5775 1761 5824 citatus.

73 5877 133 5919 ms.
150 5859 293 5916 suscitare
304 5857 413 5914 testate
424 5861 488 5912 sote
497 5861 640 5912 immas.
656 5853 742 5910 Paula
755 5856 827 5924 pest,
841 5853 903 5924 lege
952 5851 1064 5906 liabent
1076 5847 1154 5906 melu
1167 5847 1267 5906 Metel.
1281 5849 1309 5904 et
1322 5846 1437 5914 Parcet,
1450 5847 1502 5898 nsi·
1513 5847 1584 5916 eug.
