4080 6200
115 281 154 338 tlt
808 279 971 338 aristote
986 281 1050 338 xxi.
1712 289 1764 344 286

113 403 230 480 propositi
253 405 305 476 (rt)
325 404 464 477 tantisper
483 403 522 458 sic
543 419 604 460 esse
628 403 721 460 donec
746 403 896 478 episcopus
907 407 1250 496 gastrumdiabotomui
1262 409 1765 469 etChristinnmenestlortitcrcon·

112 501 281 556 constituatur.
294 499 346 554 Sed
359 501 501 570 quatenus
514 515 565 570 per
579 502 688 554 vestras
703 505 816 554 sanctas
831 515 894 554 orn·
946 503 1082 569 lessus¹²,
1098 503 1148 574 qni
1163 506 1192 557 at
1208 503 1248 558 ibi
1265 505 1295 558 in
1309 521 1393 576 prona
1408 506 1581 576 ungularum
1595 506 1708 562 fortiter
1721 511 1764 562 est

110 597 180 650 boues
194 594 213 628 ¹⁹
227 597 254 648 ct
272 593 433 664 petitiones,
445 592 473 646 iu
489 607 559 663 quas
572 609 623 646 nos
638 593 663 628 ²⁰
677 591 802 659 lidimus,
824 609 895 664 quo·
947 597 1103 666 coufessus,
1118 597 1166 668 qui
1180 601 1208 652 et
1222 598 1273 652 hoc
1288 597 1373 653 nimis
1389 605 1472 670 rogat
1485 603 1514 654 et
1534 601 1615 671 petit.
1632 600 1763 657 Salutant

109 691 168 744 ulam
187 687 247 742 estis
259 685 340 740 amici
355 685 405 740 sed
421 689 448 740 et
461 689 548 740 testes
567 686 679 754 Christi,
696 687 774 758 quod
787 687 810 722 ⁹¹
832 703 894 742 our·
946 695 974 745 te
993 689 1095 744 iratres
1109 689 1150 746 tui
1163 691 1355 762 calphurnius
1368 698 1396 746 ct
1412 692 1499 748 Mario
1514 699 1543 748 et
1562 709 1662 748 omnes
1674 693 1764 749 sancti

108 779 327 851 riiaindulgeatis.
947 783 1060 838 iratres.
1083 783 1153 839 Nam
1178 790 1207 839 et
1228 785 1284 840 hoc
1310 785 1380 840 scire
1403 785 1496 853 debes,
1522 802 1569 841 me
1592 791 1621 842 et
1641 786 1762 842 dominis

134 876 169 930 ll.
181 875 244 930 Peto
264 889 343 945 ergo,
363 873 480 928 domine
499 873 665 929 charissime
684 873 818 944 Lucisne,
833 889 895 928 me·
947 877 1017 934 meis
1044 877 1178 932 tratribus
1200 878 1256 934 tuis
1280 877 1408 952 littteras]
1432 878 1584 950 scripsisse,
1607 895 1678 952 quas
1698 883 1764 952 peto

108 985 157 1024 mor
168 968 201 1022 sis
213 968 278 1034 mei,
293 973 322 1023 et
342 965 473 1039 petitioni
492 982 565 1022 mere
579 983 697 1023 annuas.
712 967 755 1024 Sic
770 967 897 1022 Christus
947 971 1002 1026 illis
1017 987 1066 1026 aas
1078 971 1175 1043 legere
1191 973 1325 1042 digneris.

106 1077 218 1117 mronam
234 1061 312 1116 illam
325 1066 461 1129 muctam,
477 1077 564 1132 quam
578 1060 631 1115 tibi
653 1076 709 1116 non
734 1065 846 1116 tautum
867 1059 896 1116 in
1196 1077 1355 1133 gppgpogg
1376 1077 1429 1133 ng
1444 1077 1510 1148 (23),

105 1155 257 1210 mnieaiono
272 1155 322 1210 sed
335 1158 363 1210 et
382 1154 412 1209 io
435 1154 626 1210 sanctimonio
649 1153 706 1226 (25)
730 1153 849 1210 tradidit
867 1153 896 1210 in
946 1167 1064 1230 (pamel,
1082 1179 1154 1232 mm
1173 1169 1241 1233 hig,
1260 1169 1357 1232 belua,
1373 1169 1465 1232 Paria,
1484 1179 1549 1234 ως
1570 1170 1664 1230 Oxou,
1681 1169 1761 1232 hips,

105 1265 149 1322 qua
160 1264 266 1320 semper
286 1248 443 1316 cucurristi,
457 1248 621 1320 exemplum
640 1254 805 1304 sanctorum
820 1264 895 1304 sem·
1314 1241 1391 1304 “lbi

105 1359 144 1412 per
155 1349 179 1396 et
192 1342 265 1396 testis
285 1341 373 1411 luisti,
389 1347 420 1397 ot
440 1341 573 1396 omnibus
591 1341 714 1397 dominis
737 1341 820 1408 meis,
838 1342 895 1396 ira·
1119 1341 1252 1383 LUCMNUS
1270 1341 1425 1384 RESPONDET
1445 1343 1589 1384 Clitssffllffi·

105 1435 176 1490 tribus
188 1435 239 1490 tuis
251 1435 472 1502 consessoribus,
489 1435 595 1490 reseras
608 1435 643 1490 ds
664 1436 719 1491 hoc
735 1435 817 1504 lacto,
837 1441 896 1492 uta
946 1423 1146 1476 ARGUMENTUM·
1160 1451 1194 1462 ··
1214 1423 1353 1478 lutiam&
1374 1421 1494 1478 Celerini
1510 1423 1639 1493 Ptilmm'
1653 1423 1762 1478 ononis.

104 1528 561 1599 vobisauxiliumrecipiant.Nam
579 1529 643 1597 hoc,
661 1528 776 1584 domine
796 1529 895 1598 irater,
982 1525 1001 1578 1.
1029 1523 1168 1578 Luciaons
1197 1524 1325 1580 Celerina
1353 1525 1480 1593 domino,
1504 1525 1527 1580 si
1554 1523 1658 1612 dignus
1682 1524 1763 1580 fitero

104 1623 159 1676 scire
170 1622 261 1690 debes,
273 1637 320 1676 me
336 1620 502 1695 279non
513 1622 603 1678 solnm
615 1622 895 1694 hocproeispetere,
945 1617 1049 1684 vocari,
1066 1619 1174 1690 collega
1195 1619 1225 1674 in
1250 1619 1362 1674 Christo
1381 1619 1515 1674 salutem.
1531 1619 1633 1690 Accepi
1656 1617 1764 1674 litteras

103 1715 298 1772 sedetStatium
308 1715 594 1788 (idletSeverianum
606 1719 746 1772 alumnas
756 1717 897 1772 contesso-
947 1718 1020 1780 tuas,
1035 1711 1153 1768 domiue
1167 1713 1255 1768 irater
1268 1712 1462 1780 dilectissime,
1477 1712 1507 1766 in
1523 1712 1625 1783 quibus
1641 1727 1688 1768 me
1703 1716 1764 1768 tan·

104 1808 343 1880 resquiindelruca
355 1809 433 1864 robis
443 1808 787 1882 venerunt,adquosipsss
796 1811 825 1864 in
834 1791 936 1882 por-B
949 1811 1009 1862 tum
1024 1806 1161 1878 gravasti,
1179 1809 1210 1860 ut
1222 1811 1339 1878 propter
1350 1811 1430 1861 tuam
1443 1807 1639 1877 gravationem
1647 1807 1671 1841 ²³
1685 1808 1763 1861 tanto

103 1901 899 1976 lumdescaudarunt,etiourbemlevaveruntquodsexa-
948 1900 1054 1972 gaudio
1074 1915 1147 1972 pene
1172 1899 1339 1967 exciderim,
1354 1904 1385 1955 ut
1406 1899 1515 1954 litteras
1529 1901 1634 1972 quasit
1654 1903 1682 1956 at
1707 1913 1761 1970 ego

103 1997 295 2070 giutsquinque
306 1997 898 2070 ministraverunt,etusqueinhodiernum
948 1995 1078 2067 optabam
1094 1992 1192 2068 280
1205 1998 1270 2066 post
1285 1997 1395 2050 molum
1407 1993 1543 2065 temporis
1553 1992 1764 2065 legere,inqui·

102 2090 123 2144 in
139 2091 262 2146 omnibus
276 2091 419 2147 foverunt.
435 2091 511 2147 Sunt
525 2090 603 2146 enim
614 2107 703 2163 penes
713 2091 775 2147 illas
786 2108 897 2148 omnes.
948 2089 1001 2145 bus
1022 2087 1080 2145 mei
1099 2089 1234 2160 diguatus
1255 2105 1284 2144 es
1296 2103 1458 2144 memorare
1472 2087 1506 2156 ²⁵,
1522 2086 1661 2142 beneflcio
1676 2089 1762 2142 hntae

102 2184 898 2256 Plusautemgravarecorilludsanctumtuumnoudebui,
948 2189 1004 2239 tuae
1033 2181 1202 2238 humilitatis
1225 2182 1322 2254 legere
1346 2181 1539 2249 exultaverim,
1564 2179 1614 2254 qui
1638 2180 1764 2237 scribens

101 2293 152 2331 cum
163 2277 246 2332 seiam
262 2283 289 2334 te
310 2293 404 2350 prona
423 2279 568 2336 voluntate
589 2280 711 2352 operari.
728 2279 855 2336 Saluum
872 2285 899 2334 te
948 2277 1021 2334 mihi
1041 2277 1150 2332 diceres
1163 2277 1187 2312 ¹⁶
1204 2293 1210 2332 :
1230 2276 1258 2334 si
1280 2276 1383 2348 dignus
1403 2275 1485 2331 tuero
1508 2275 1598 2332 irater
1618 2274 1762 2330 nominari

101 2370 235 2426 docharius
246 2373 300 2444 (Ἡ)
311 2387 379 2427 cum
394 2372 538 2429 sororibus
549 2374 612 2429 ‚suis
630 2373 801 2431 comebant
814 2376 897 2430 Eine·
948 2374 1024 2437 tuus,
1038 2371 1161 2428 hominia
1176 2371 1226 2443 qui
1246 2369 1321 2442 apud
1337 2370 1498 2442 pusilliores
1514 2387 1619 2428 nomon
1634 2370 1683 2426 llei
1696 2383 1761 2424 cum

100 2465 153 2532 rita,
166 2481 226 2537 quoa
240 2467 379 2522 letantur
391 2467 427 2522 de
440 2466 619 2522 confessione
629 2473 679 2524 tua
691 2467 802 2536 tlorida,
812 2467 861 2522 sad
870 2470 900 2523 ct
948 2467 1053 2522 timore
1067 2465 1211 2522 consessus
1223 2480 1298 2520 sum.
1317 2465 1389 2520 Nam
1405 2469 1447 2534 tu,
1461 2466 1518 2521 Deo
1534 2465 1654 2534 volente,
1669 2463 1764 2536 ipsum

101 2559 211 2614 omnium
225 2559 362 2630 fratrum,
378 2560 593 2632 etSatuminus,
607 2561 693 2633 quiet
705 2561 764 2634 ipsa
776 2561 899 2618 luctatus
948 2575 1073 2632 anguem
1090 2559 1228 2631 majoram
1243 2559 1298 2630 (29)
1313 2560 1512 2616 metatorem¹⁷
1528 2556 1762 2629 antichristit30),

774 2696 879 2762 Variae
900 2696 1069 2762 lectiones.

124 2812 141 2844 ¹⁹
154 2813 331 2878 Operationes
355 2815 412 2866 Vol.
447 2817 468 2848 ¹⁰
492 2815 577 2866 Nobis
602 2817 657 2868 Vol.
691 2816 781 2880 ¹¹Qul
806 2819 865 2868 Vnt.
897 2820 919 2852 ¹⁸
937 2817 987 2868 Est
1013 2817 1158 2869 consessus
1185 2817 1263 2866 Onon
1298 2817 1471 2880 ”Perpetua
1497 2815 1657 2880 gravatione
1681 2815 1760 2878 impr.

99 2883 227 2999 ²pipitterns
246 2889 312 2936 tuas
333 2898 403 2949 quas
420 2885 497 2936 Onon.
521 2900 553 2936 ee
576 2888 630 2937 Vnt.
663 2885 685 2922 ⁸⁵
702 2889 848 2940 Memorari
866 2889 945 2940 oron.
970 2902 1001 2938 er
1026 2889 1082 2938 Vnt.
1116 2884 1229 2938 ¹‘Dicin
1248 2886 1327 2950 lmpr.
1361 2884 1527 2952 ”Maiorem
1550 2889 1577 2936 et
1600 2883 1763 2935 atrociorem

117 2967 147 3000 lt.

733 3020 845 3106 Steph.
868 3020 992 3086 Baluzii
1011 3024 1111 3084 notae.

99 3150 270 3200 continentur-io
285 3151 324 3200 ud
338 3151 465 3202 actionem
478 3154 593 3216 primum
609 3155 638 3203 in
663 3155 767 3206 Verrem
781 3157 934 3252 scripse-C
947 3155 1079 3220 lagianos.

98 3221 124 3269 rit
141 3221 216 3272 situm
239 3223 329 3274 inisse
354 3223 469 3275 inclino
484 3226 635 3289 capitolino
655 3230 683 3277 et
705 3227 770 3278 inda
791 3233 896 3279 rectam
980 3227 1027 3290 (nu)
1042 3226 1127 3277 Sedet
1140 3226 1261 3276 Statium.
1275 3225 1414 3276 Itucodar
1427 3237 1506 3276 meus
1520 3227 1548 3276 et
1562 3219 1764 3286 Gratianopoli-

98 3291 155 3340 riam
184 3293 217 3342 ad
248 3293 345 3343 iorum
378 3294 464 3346 luisse
497 3309 546 3360 per
577 3297 669 3347 lorum
701 3302 730 3348 et
761 3311 811 3362 per
834 3299 898 3349 Trio
949 3301 1038 3348 tanus.
1054 3297 1093 3348 lta
1104 3307 1218 3361 quoque
1228 3299 1336 3346 constat
1346 3295 1478 3346 habuisse
1488 3299 1582 3345 vetera
1593 3292 1764 3356 exemplaria

97 3360 158 3410 iota.
177 3363 227 3412 Dio
251 3377 320 3414 vero
343 3363 472 3428 Cassius,
495 3367 543 3417 tib.
568 3381 625 3426 mv,
651 3372 679 3420 et
702 3369 896 3429 Herodianus,
948 3369 1059 3419 Latinii.
1082 3367 1129 3419 Sic
1152 3370 1235 3418 etiam
1256 3367 1404 3432 legendum
1420 3379 1482 3417 asse
1503 3369 1650 3417 censuerat
1669 3364 1765 3413 Peme-

97 3431 132 3480 lib.
150 3446 186 3490 iv.
204 3435 312 3486 aditum
335 3436 421 3486 luisse
445 3451 494 3500 per
512 3437 586 3488 viam
608 3439 720 3491 Sacram
747 3443 776 3490 in
795 3442 897 3500 sorum,
948 3440 1012 3501 lius,
1027 3452 1091 3490 cum
1105 3443 1186 3490 antea
1200 3439 1334 3503 scriptum
1347 3441 1422 3489 assat
1434 3439 1530 3488 rtatim.
1551 3435 1622 3486 Vide
1635 3439 1715 3485 notas
1729 3431 1765 3484 ad

98 3505 253 3556 oronitestum
278 3511 323 3558 est
345 3521 406 3557 eam
431 3507 580 3560 lectionem
606 3523 668 3560 essa
692 3523 785 3560 reram
813 3523 897 3574 quam
948 3510 1093 3576 epistolam
1109 3523 1166 3562 niv.

97 3587 136 3623 nos
163 3577 338 3628 retinuimus.
372 3576 464 3639 Quare
490 3579 593 3630 nollem
623 3581 697 3631 viros
722 3580 898 3632 doctissimos
980 3582 1026 3640 (iil
1042 3581 1187 3633 tinctorio.
1206 3581 1280 3632 Satis
1294 3581 1352 3632 acio
1367 3579 1546 3631 scribendum
1567 3577 1653 3629 luisse
1672 3579 1764 3628 Moca-

97 3647 166 3696 luisse
179 3652 233 3698 tam
249 3649 351 3699 faciles
367 3651 394 3699 in
410 3650 570 3714 recipienda
587 3653 747 3715 conjectura
766 3653 898 3704 Gronovli
947 3655 998 3709 rio,
1014 3655 1038 3702 si
1061 3656 1201 3704 constaret
1222 3653 1303 3703 Atros
1324 3651 1467 3715 scripsisse
1484 3652 1526 3700 uti
1547 3650 1637 3702 Graeci
1658 3647 1764 3699 scriba·

98 3718 224 3768 scribentis
238 3721 265 3769 in
287 3734 350 3784 cap.
367 3723 397 3771 tt
414 3719 646 3774 Observationum
666 3725 694 3774 in
717 3724 898 3788 scriptoribus
947 3725 1024 3775 bant.
1039 3728 1074 3774 At
1089 3737 1153 3774 cum
1169 3724 1323 3774 invenirem
1340 3723 1395 3774 hoc
1410 3722 1581 3774 vocabulum
1595 3722 1623 3771 in
1645 3718 1763 3770 vetustis

97 3787 274 3840 mclaiasticis
289 3789 414 3854 &ylario
435 3793 628 3854 reponendum
646 3807 708 3846 esse
729 3799 756 3844 iu
771 3795 825 3845 hac
839 3797 896 3858 epi·
947 3796 1155 3860 exemplaribus
1178 3794 1309 3859 Cypriani
1332 3795 1467 3858 scriptum
1492 3807 1557 3845 cum
1581 3793 1762 3856 aspiratione,

97 3858 152 3906 stola
170 3858 289 3910 Celerini
312 3875 363 3924 pro
386 3862 449 3912 Trio
472 3863 550 3919 roro,
566 3877 631 3914 cum
652 3869 760 3915 certum
783 3867 820 3915 sit
836 3877 897 3915 eam
947 3869 1047 3918 scirem
1062 3871 1194 3931 praeterea
1209 3867 1291 3918 Atros
1304 3869 1332 3917 et
1343 3866 1490 3930 plerosquo
1506 3865 1618 3916 Latinos
1633 3862 1763 3928 quaedam

98 3929 302 3982 emendationem
325 3943 386 3982 ease
411 3936 543 3983 tentatam
564 3939 658 3985 contra
677 3937 801 3986 omnium
821 3940 896 3987 veta·
947 3939 1083 3990 vocabula
1095 3939 1238 4002 scripsisse
1253 3937 1371 3999 diverse,
1384 3941 1416 3987 ut
1430 3940 1505 4001 patet
1520 3935 1646 3987 inverbo
1658 3939 1764 3985 concu-

98 4011 145 4048 rum
171 4001 304 4052 librorum
332 4008 360 4052 et
384 4001 539 4055 editionum
559 4005 643 4056 fldem
667 4012 695 4059 et
715 4007 821 4073 absque
840 4008 897 4058 ulla
946 4009 1034 4061 minos
1048 4013 1075 4060 st
1096 4009 1125 4058 in
1141 4008 1224 4058 verbo
1248 4008 1376 4070 acolytus,
1397 4012 1455 4057 tum
1477 4008 1560 4058 etiarn
1577 4008 1605 4058 iu
1625 4005 1764 4058 vocabulo

98 4073 249 4150 necessitate.
278 4073 379 4136 ltaque
403 4075 465 4138 jure
491 4077 646 4142 meritoque
672 4081 773 4142 reiecta
800 4083 843 4129 est
867 4079 896 4128 in
946 4079 1336 4136 Arrius‚oansuidebereme
1354 4079 1450 4130 inhoc
1469 4078 1530 4128 loco
1547 4079 1627 4142 sequi
1643 4077 1762 4140 scriptu-

97 4139 198 4211 edttiona
216 4144 385 4207 anglicana.
412 4146 496 4196 Porro
521 4147 695 4212 Calatinum,
718 4151 793 4214 quod
817 4151 897 4200 nobis
947 4164 1005 4200 ram
1018 4155 1143 4201 veterum
1153 4151 1353 4215 exemplarium
1366 4150 1454 4200 sarred
1469 4147 1610 4213 Cypriani.
1622 4149 1670 4198 Sic
1679 4147 1763 4198 etiam

96 4224 156 4292 nunc
176 4214 315 4265 incumbit
338 4215 529 4278 probandum,
553 4219 639 4270 luisse
662 4225 719 4273 turn
744 4223 849 4283 Romae,
870 4226 897 4271 et
947 4221 1043 4273 scribit
1068 4221 1234 4272 Franciscus
1262 4220 1346 4273 Maria
1372 4220 1561 4270 Florentinius
1585 4221 1616 4268 io
1640 4217 1763 4270 editione

97 4283 189 4346 alutam
203 4291 386 4346 monuerunt,
401 4287 895 4357 alliquetexlocoipsiusepistolaa,
946 4294 1126 4346 vetustissimi
1149 4293 1352 4358 martyrologii,
1372 4304 1401 4343 vi
1427 4291 1493 4342 idus
1518 4290 1705 4342 Decembris:
1733 4290 1764 4339 ln

96 4365 144 4417 pag.
162 4356 198 4418 iu,
214 4356 264 4406 ubi
289 4355 437 4408 Celerinus
451 4360 490 4408 nit
508 4373 701 4425 superseesum
724 4377 784 4414 esse
803 4377 896 4415 causas
946 4363 1036 4427 Atrion
1052 4367 1206 4415 sanctorum
1229 4363 1322 4420 Primi,
1336 4363 1480 4422 hectorii,
1492 4361 1571 4412 iusti.
1594 4361 1629 4412 Et
1649 4361 1677 4410 ln
1700 4359 1762 4423 epi-

96 4427 260 4504 uuarumdam
280 4427 432 4478 mulierum
459 4431 540 4480 dortec
556 4435 690 4499 episcopua
712 4437 896 4492 constituatur,
947 4433 1333 4498 stolaitlsanctibugustinl,
1351 4434 1464 4484 innova
1485 4431 1762 4495 editione,scriptum

96 4496 117 4543 id
132 4503 177 4558 est,
190 4499 280 4550 donec
302 4501 384 4550 locus
407 4501 488 4564 Petri,
505 4503 554 4566 qui
567 4506 682 4556 vacabat
697 4511 759 4571 post
779 4513 895 4558 mortam
948 4509 989 4557 eat
1001 4505 1148 4564 Muoburio,
1158 4507 1238 4569 juxta
1249 4504 1334 4555 fldem
1345 4504 1448 4556 codicis
1459 4503 1653 4556 cisterciensis
1663 4516 1697 4554 ex
1707 4514 1763 4566 quo

96 4565 202 4632 bebiani,
227 4574 386 4635 accepisset
413 4575 585 4640 episcopum,
610 4579 838 4643 proripueram
864 4549 1023 4630 exDsdtta
1038 4580 1089 4627 est.

97 4641 192 4702 tristole
209 4644 250 4705 Ε,
273 4658 339 4708 pag.
363 4645 403 4706 32,
424 4647 452 4696 iu
478 4661 534 4712 qua
558 4648 714 4714 Cyprianus
740 4651 835 4702 scribit
861 4651 896 4700 ad
977 4647 1101 4710 (iiilDuu
1124 4649 1231 4696 tantum
1246 4645 1331 4708 hujus
1348 4645 1472 4710 epistolas
1486 4649 1580 4694 vetera
1594 4640 1762 4704 exemplaria

96 4711 252 4776 presbyteros
273 4719 302 4764 et
325 4715 456 4767 diaconos
471 4717 566 4769 Romae
586 4723 772 4772 corisistentes
789 4722 896 4771 mittere
946 4719 1046 4779 habui,
1072 4731 1159 4768 unum
1187 4730 1222 4768 ax
1247 4717 1316 4767 urbe
1343 4715 1607 4779 Gratianopolitana,
1630 4711 1706 4764 aliud
1728 4724 1761 4761 ex

97 4793 118 4829 se
130 4783 216 4834 adeos
231 4784 380 4848 epistolam
396 4786 515 4839 Celerini
531 4789 565 4839 ad
579 4791 742 4853 Lucienum,
756 4797 788 4841 ut
803 4805 897 4854 recog·
945 4791 1115 4842 bibliotheca
1129 4801 1199 4839 mea.
1216 4789 1300 4852 Angli
1323 4801 1411 4838 unum
1432 4786 1548 4837 laudant
1563 4800 1596 4836 ex
1616 4785 1763 4844 Vaticana,

96 4857 244 4904 boscautsn
261 4857 388 4906 verasit.
409 4857 520 4909 Missam
540 4866 634 4912 autern
655 4863 741 4913 luisse
765 4863 895 4927 perCre·
946 4862 1017 4913 illud
1045 4861 1185 4920 nimirum,
1206 4863 1237 4908 ut
1262 4859 1368 4922 opinor,
1388 4857 1464 4922 quod
1488 4862 1615 4907 notatum
1642 4859 1684 4906 est
1708 4865 1762 4904 nu·

96 4925 210 4998 nentium
232 4925 464 4990 hypodiaconum
481 4929 562 4982 lacile
577 4933 716 4997 colligitur
734 4945 771 4984 ex
794 4936 895 4998 episto·
946 4945 1022 4982 mero
1045 4932 1091 4981 ltlll
1110 4932 1138 4979 in
1157 4928 1325 4980 bibliotheca
1347 4927 1488 4980 Vaticana.
1505 4927 1644 4978 Habuisse
1656 4938 1686 4976 se
1700 4937 1762 4976 earn

95 4988 121 5039 ¹¹⁵
132 4995 144 5042 ὅ
156 4999 181 5044 tl
193 4997 231 5046 ti·
946 5005 975 5053 in
990 5004 1049 5052 ems
1060 5000 1205 5052 codicibus
1218 5001 1475 5060 testaturhatinius,
1488 4998 1538 5048 sed
1550 4999 1588 5048 ita
1603 5000 1762 5060 corruptam

120 5063 159 5124 cu
172 5067 320 5131 Praepositi.
335 5066 366 5118 ld
379 5073 431 5131 ast,
444 5069 485 5120 illi
499 5081 515 5120 a
527 5072 602 5123 claro
616 5074 664 5138 qui
678 5076 826 5126 ecclesiam
840 5075 896 5127 Ro·
946 5078 977 5124 ut
1000 5075 1045 5123 rix
1067 5072 1183 5135 intelligi
1206 5071 1344 5122 sententia
1366 5073 1426 5135 ejus
1448 5073 1549 5134 posset.
1573 5069 1714 5120 Pamelius
1736 5072 1763 5119 et

95 5145 189 5188 uanam
205 5139 403 5204 gubernabant
416 5145 605 5206 postmortem
618 5145 743 5196 Fabiani.
946 5146 1081 5209 Rigaltius
1096 5144 1217 5194 latentur
1237 5156 1267 5193 se
1287 5143 1396 5192 nullum
1418 5147 1499 5193 vetus
1521 5141 1597 5192 illius
1620 5141 1763 5204 exemplar

121 5204 162 5268 lio)
177 5209 370 5262 Sonainroru'o.
393 5212 433 5263 lta
456 5213 518 5264 libri
541 5219 648 5267 veteres
662 5220 689 5267 et
706 5216 753 5269 hic
772 5221 800 5268 et
820 5217 894 5268 alibi.
946 5216 1086 5267 habuisse.

96 5269 190 5328 Pansam
217 5281 340 5345 plurima
365 5285 495 5348 exempla
519 5287 641 5350 prolerre
666 5294 698 5340 ut
721 5287 896 5342 ostenderem
978 5287 1028 5351 (is)
1052 5291 1167 5351 Anguem
1191 5287 1328 5350 mojorem.
1349 5285 1381 5335 id
1406 5289 1448 5336 est
1471 5285 1591 5336 Decium
1614 5287 1762 5349 imperato-

96 5353 182 5400 vetcrcs
207 5353 243 5402 ila
265 5354 352 5418 vulgo
376 5357 529 5420 scripsisse.
555 5357 608 5410 Sed
631 5360 807 5423 supersedeo,
831 5361 898 5424 quia
948 5373 1015 5421 rem,
1035 5371 1119 5423 quem
1142 5356 1301 5408 ecsecrubile
1321 5355 1425 5407 animal
1448 5359 1530 5407 vocat
1551 5357 1711 5408 Lactantius
1734 5355 1762 5403 io

96 5422 150 5475 lito
162 5421 282 5473 lectores
302 5423 371 5474 mibi
392 5425 474 5478 tacile
491 5427 573 5479 fldem
592 5432 773 5492 praeatituros.
791 5431 897 5480 Eodem
1691 5425 1762 5477 libro

96 5487 303 5564 uododicebant
317 5495 507 5558 blasonamiom
525 5511 574 5562 pro
589 5499 750 5564 blasphemio
775 5506 802 5551 ut
818 5505 897 5551 tiolo·
979 5501 1027 5564 (3⁰)
1043 5502 1194 5552 Motatorem
1208 5500 1365 5551 antichristi.
1385 5499 1495 5551 Lucifer
1518 5499 1664 5563 episcopus
1682 5496 1763 5548 Cala-

97 5569 171 5640 vimus
181 5562 214 5612 ad
230 5563 350 5615 Marium
363 5565 554 5630 narratorem,
566 5583 627 5634 pag.
639 5571 789 5622 tbl.bddo
804 5576 896 5623 tamen
948 5572 1054 5622 ritanus
1076 5571 1271 5622 Constantium
1297 5571 1492 5634 imperatorem
1515 5571 1662 5620 arrianum
1683 5569 1765 5617 vocat

98 5626 255 5704 doctissimos
270 5637 424 5688 monachos
444 5639 547 5703 quibus
568 5639 703 5693 debemus
722 5655 822 5694 novam
843 5642 899 5694 edi·
947 5657 1148 5709 praecursorem
1175 5644 1355 5705 antichristi,
1382 5643 1457 5708 quod
1482 5643 1556 5692 idem
1585 5645 1635 5693 est.
1662 5640 1764 5691 Contra

98 5702 181 5752 itonam
206 5719 323 5770 operum
349 5710 440 5760 sancti
465 5711 612 5776 augustini
638 5714 765 5777 posuisse
785 5715 813 5764 in
840 5714 897 5778 epi·
949 5717 1117 5778 Lactantius,
1134 5715 1181 5766 lib.
1204 5728 1316 5779 iv,cap.
1341 5717 1380 5774 lt,
1400 5713 1764 5766 Christumvocatmetato

98 5771 152 5822 stota
166 5775 192 5826 ill
214 5781 388 5831 mercimonii
409 5785 434 5830 et
449 5783 622 5834 continentie.
639 5785 707 5834 Item
724 5785 751 5834 ln
765 5786 898 5850 rescripto
948 5800 1007 5839 rem
1019 5787 1114 5851 templi
1128 5787 1189 5850 Dei,
1204 5787 1232 5836 id
1246 5790 1287 5837 eat
1299 5785 1442 5838 Ecclesia.
1458 5786 1499 5837 De
1511 5783 1689 5836 metatoribus
1700 5779 1763 5834 vida

99 5837 399 5906 bnoruetabcouosii
418 5854 476 5908 ΔΑ.
492 5853 833 5910 adnurelianumcoocro
848 5858 899 5910 Pe-
949 5871 1013 5924 qun
1028 5859 1240 5911 dicunturiniro
1256 5857 1435 5923 odapist.8l.
1511 5917 1515 5924 ¹
