<?xml version="1.0" encoding="UTF-8"?>
<!DOCTYPE html PUBLIC "-//W3C//DTD XHTML 1.0 Transitional//EN"
    "http://www.w3.org/TR/xhtml1/DTD/xhtml1-transitional.dtd">
<html xmlns="http://www.w3.org/1999/xhtml" xml:lang="en" lang="en">
 <head>
  <title>
</title>
<meta http-equiv="Content-Type" content="text/html;charset=utf-8" />
  <meta name='ocr-system' content='tesseract 3.04.00' />
  <meta name='ocr-capabilities' content='ocr_page ocr_carea ocr_par ocr_line ocrx_word'/>
</head>
<body>
  <div class='ocr_page' id='page_1' title='image "./patrologiaecurs85unkngoog_0260.png"; bbox 0 0 3978 6204; ppageno 0'>
   <div class='ocr_carea' id='block_1_1' title="bbox 96 249 1785 464">
    <p class='ocr_par' dir='ltr' id='par_1_1' title="bbox 96 249 1785 464">
     <span class='ocr_line' id='line_1_1' title="bbox 101 249 1785 308; baseline 0.004 -6"><span class='ocrx_word' id='word_1_1' title='bbox 101 250 156 302; x_wconf 77' lang='lat'><strong>509</strong></span> <span class='ocrx_word' id='word_1_2' title='bbox 685 251 785 308; x_wconf 81' lang='lat' dir='ltr'>LIBER</span> <span class='ocrx_word' id='word_1_3' title='bbox 804 251 848 308; x_wconf 82' lang='lat' dir='ltr'><strong>DE</strong></span> <span class='ocrx_word' id='word_1_4' title='bbox 868 249 1011 308; x_wconf 75' lang='lat' dir='ltr'><strong>nutrita</strong></span> <span class='ocrx_word' id='word_1_5' title='bbox 1030 249 1209 308; x_wconf 73' lang='lat' dir='ltr'><strong>ecstasim.</strong></span> <span class='ocrx_word' id='word_1_6' title='bbox 1734 253 1785 308; x_wconf 81' lang='lat' dir='ltr'><strong>sio</strong></span> 
     </span>
     <span class='ocr_line' id='line_1_2' title="bbox 96 371 1785 464; baseline 0.002 -38"><span class='ocrx_word' id='word_1_7' title='bbox 96 373 273 442; x_wconf 80' lang='lat' dir='ltr'><strong>provocabit</strong></span> <span class='ocrx_word' id='word_1_8' title='bbox 294 374 416 442; x_wconf 86' lang='lat' dir='ltr'><strong>bostem,</strong></span> <span class='ocrx_word' id='word_1_9' title='bbox 443 377 473 428; x_wconf 88' lang='lat' dir='ltr'><strong>ct</strong></span> <span class='ocrx_word' id='word_1_10' title='bbox 493 373 610 446; x_wconf 89' lang='lat' dir='ltr'><strong>quidem</strong></span> <span class='ocrx_word' id='word_1_11' title='bbox 632 374 722 430; x_wconf 86' lang='lat' dir='ltr'><strong>iectus</strong></span> <span class='ocrx_word' id='word_1_12' title='bbox 740 374 777 430; x_wconf 88' lang='lat' dir='ltr'><strong>ad</strong></span> <span class='ocrx_word' id='word_1_13' title='bbox 790 373 921 446; x_wconf 85' lang='lat' dir='ltr'><strong>praeliom</strong></span> <span class='ocrx_word' id='word_1_14' title='bbox 932 371 1055 464; x_wconf 61' lang='lat' dir='ltr'><strong>Aperit,</strong></span> <span class='ocrx_word' id='word_1_15' title='bbox 1070 373 1218 429; x_wconf 75' lang='lat' dir='ltr'><strong>exauddus</strong></span> <span class='ocrx_word' id='word_1_16' title='bbox 1239 377 1268 428; x_wconf 89' lang='lat' dir='ltr'><strong>et</strong></span> <span class='ocrx_word' id='word_1_17' title='bbox 1291 374 1437 445; x_wconf 84' lang='lat' dir='ltr'><strong>adjutuss</strong></span> <span class='ocrx_word' id='word_1_18' title='bbox 1460 375 1591 443; x_wconf 79' lang='lat' dir='ltr'><strong>nomino,</strong></span> <span class='ocrx_word' id='word_1_19' title='bbox 1613 389 1700 445; x_wconf 86' lang='lat' dir='ltr'><strong>quam</strong></span> <span class='ocrx_word' id='word_1_20' title='bbox 1718 390 1785 430; x_wconf 90' lang='lat' dir='ltr'><strong>coo-</strong></span> 
     </span>
    </p>
   </div>
   <div class='ocr_carea' id='block_1_2' title="bbox 94 464 1785 726">
    <p class='ocr_par' dir='ltr' id='par_1_2' title="bbox 94 464 1785 726">
     <span class='ocr_line' id='line_1_3' title="bbox 97 464 1785 542; baseline 0.002 -24"><span class='ocrx_word' id='word_1_21' title='bbox 97 464 211 521; x_wconf 88' lang='lat' dir='ltr'><strong>iortior</strong></span> <span class='ocrx_word' id='word_1_22' title='bbox 232 483 283 538; x_wconf 84' lang='lat' dir='ltr'><strong>per</strong></span> <span class='ocrx_word' id='word_1_23' title='bbox 303 467 440 523; x_wconf 89' lang='lat' dir='ltr'><strong>dolorem.</strong></span> <span class='ocrx_word' id='word_1_24' title='bbox 461 468 515 532; x_wconf 81' lang='lat' dir='ltr'><strong>Qui</strong></span> <span class='ocrx_word' id='word_1_25' title='bbox 536 467 575 522; x_wconf 89' lang='lat' dir='ltr'><strong>sic</strong></span> <span class='ocrx_word' id='word_1_26' title='bbox 601 468 657 524; x_wconf 86' lang='lat' dir='ltr'><strong>Deo</strong></span> <span class='ocrx_word' id='word_1_27' title='bbox 679 467 857 536; x_wconf 73' lang='lat' dir='ltr'><strong>satisfecerit,</strong></span> <span class='ocrx_word' id='word_1_28' title='bbox 873 470 922 542; x_wconf 88' lang='lat' dir='ltr'><strong>qni</strong></span> <span class='ocrx_word' id='word_1_29' title='bbox 972 465 1131 522; x_wconf 73' lang='lat' dir='ltr'><strong>tristaverat</strong></span> <span class='ocrx_word' id='word_1_30' title='bbox 1142 481 1244 538; x_wconf 86' lang='lat' dir='ltr'><strong>nuper,</strong></span> <span class='ocrx_word' id='word_1_31' title='bbox 1257 467 1352 522; x_wconf 79' lang='lat' dir='ltr'><strong>laum</strong></span> <span class='ocrx_word' id='word_1_32' title='bbox 1367 467 1451 524; x_wconf 84' lang='lat' dir='ltr'><strong>laniet</strong></span> <span class='ocrx_word' id='word_1_33' title='bbox 1466 467 1640 535; x_wconf 80' lang='lat' dir='ltr'><strong>Ecclesiam3</strong></span> <span class='ocrx_word' id='word_1_34' title='bbox 1658 483 1709 523; x_wconf 91' lang='lat' dir='ltr'><strong>nec</strong></span> <span class='ocrx_word' id='word_1_35' title='bbox 1721 468 1785 540; x_wconf 90' lang='lat' dir='ltr'><strong>jam</strong></span> 
     </span>
     <span class='ocr_line' id='line_1_4' title="bbox 95 558 1783 633; baseline 0.002 -21"><span class='ocrx_word' id='word_1_36' title='bbox 95 559 278 628; x_wconf 79' lang='lat' dir='ltr'><strong>pmnitentia</strong></span> <span class='ocrx_word' id='word_1_37' title='bbox 291 560 360 616; x_wconf 86' lang='lat' dir='ltr'><strong>iacti</strong></span> <span class='ocrx_word' id='word_1_38' title='bbox 380 561 433 626; x_wconf 91' lang='lat' dir='ltr'><strong>sui,</strong></span> <span class='ocrx_word' id='word_1_39' title='bbox 456 561 505 633; x_wconf 92' lang='lat' dir='ltr'><strong>qui</strong></span> <span class='ocrx_word' id='word_1_40' title='bbox 527 561 636 632; x_wconf 90' lang='lat' dir='ltr'><strong>pudore</strong></span> <span class='ocrx_word' id='word_1_41' title='bbox 651 561 746 618; x_wconf 79' lang='lat' dir='ltr'><strong>delicti</strong></span> <span class='ocrx_word' id='word_1_42' title='bbox 757 561 793 628; x_wconf 78' lang='lat'><strong>²³,</strong></span> <span class='ocrx_word' id='word_1_43' title='bbox 815 562 880 633; x_wconf 89' lang='lat' dir='ltr'><strong>plus</strong></span> <span class='ocrx_word' id='word_1_44' title='bbox 894 567 923 617; x_wconf 87' lang='lat' dir='ltr'><strong>et</strong></span> <span class='ocrx_word' id='word_1_45' title='bbox 972 560 1060 616; x_wconf 90' lang='lat' dir='ltr'><strong>solam</strong></span> <span class='ocrx_word' id='word_1_46' title='bbox 1077 559 1127 614; x_wconf 82' lang='lat' dir='ltr'><strong>liei</strong></span> <span class='ocrx_word' id='word_1_47' title='bbox 1145 559 1258 616; x_wconf 85' lang='lat' dir='ltr'><strong>reniam</strong></span> <span class='ocrx_word' id='word_1_48' title='bbox 1276 558 1434 616; x_wconf 88' lang='lat' dir='ltr'><strong>merebitur</strong></span> <span class='ocrx_word' id='word_1_49' title='bbox 1447 559 1515 633; x_wconf 76' lang='lat' dir='ltr'><strong>(tt),</strong></span> <span class='ocrx_word' id='word_1_50' title='bbox 1529 559 1578 616; x_wconf 90' lang='lat' dir='ltr'><strong>sed</strong></span> <span class='ocrx_word' id='word_1_51' title='bbox 1590 563 1620 616; x_wconf 90' lang='lat' dir='ltr'><strong>et</strong></span> <span class='ocrx_word' id='word_1_52' title='bbox 1634 575 1783 616; x_wconf 85' lang='lat' dir='ltr'><strong>aaronem.</strong></span> 
     </span>
     <span class='ocr_line' id='line_1_5' title="bbox 94 653 922 726; baseline 0.007 -20"><span class='ocrx_word' id='word_1_53' title='bbox 94 653 220 708; x_wconf 66' lang='lat' dir='ltr'><strong>virtum</strong></span> <span class='ocrx_word' id='word_1_54' title='bbox 242 657 272 709; x_wconf 89' lang='lat' dir='ltr'><strong>et</strong></span> <span class='ocrx_word' id='word_1_55' title='bbox 291 653 357 710; x_wconf 90' lang='lat' dir='ltr'><strong>lidei</strong></span> <span class='ocrx_word' id='word_1_56' title='bbox 379 654 414 710; x_wconf 91' lang='lat' dir='ltr'><strong>de</strong></span> <span class='ocrx_word' id='word_1_57' title='bbox 432 654 494 726; x_wconf 90' lang='lat' dir='ltr'><strong>ipso</strong></span> <span class='ocrx_word' id='word_1_58' title='bbox 516 654 611 726; x_wconf 89' lang='lat' dir='ltr'><strong>lapsus</strong></span> <span class='ocrx_word' id='word_1_59' title='bbox 629 654 672 710; x_wconf 90' lang='lat' dir='ltr'><strong>sui</strong></span> <span class='ocrx_word' id='word_1_60' title='bbox 693 654 790 712; x_wconf 91' lang='lat' dir='ltr'><strong>dolore</strong></span> <span class='ocrx_word' id='word_1_61' title='bbox 825 671 922 712; x_wconf 71' lang='grc' dir='ltr'>ιοιιιι-</span> 
     </span>
    </p>
   </div>
   <div class='ocr_carea' id='block_1_3' title="bbox 122 769 1106 952">
    <p class='ocr_par' dir='ltr' id='par_1_3' title="bbox 122 769 1106 952">
     <span class='ocr_line' id='line_1_6' title="bbox 797 769 1106 838; baseline 0 -3"><span class='ocrx_word' id='word_1_62' title='bbox 797 769 903 836; x_wconf 77' lang='lat' dir='ltr'><strong>Variae</strong></span> <span class='ocrx_word' id='word_1_63' title='bbox 935 771 1106 838; x_wconf 89' lang='lat' dir='ltr'><strong>lectiones.</strong></span> 
     </span>
     <span class='ocr_line' id='line_1_7' title="bbox 122 875 1102 952; baseline 0.002 -24"><span class='ocrx_word' id='word_1_64' title='bbox 122 878 149 910; x_wconf 86' lang='lat'><strong>¹¹</strong></span> <span class='ocrx_word' id='word_1_65' title='bbox 169 877 369 930; x_wconf 74' lang='lat' dir='ltr'><strong>peonitentiam</strong></span> <span class='ocrx_word' id='word_1_66' title='bbox 382 878 449 929; x_wconf 90' lang='lat' dir='ltr'><strong>iacti</strong></span> <span class='ocrx_word' id='word_1_67' title='bbox 463 878 517 940; x_wconf 88' lang='lat' dir='ltr'><strong>sul,</strong></span> <span class='ocrx_word' id='word_1_68' title='bbox 530 879 579 943; x_wconf 90' lang='lat' dir='ltr'><strong>qul</strong></span> <span class='ocrx_word' id='word_1_69' title='bbox 589 875 725 943; x_wconf 89' lang='lat' dir='ltr'><strong>pudorem</strong></span> <span class='ocrx_word' id='word_1_70' title='bbox 740 879 837 952; x_wconf 47' lang='lat' dir='ltr'><strong>(mileti</strong></span> <span class='ocrx_word' id='word_1_71' title='bbox 851 879 913 930; x_wconf 80' lang='lat' dir='ltr'><strong>eoa.</strong></span> <span class='ocrx_word' id='word_1_72' title='bbox 927 882 950 943; x_wconf 88' lang='lat' dir='ltr'><strong>l,</strong></span> <span class='ocrx_word' id='word_1_73' title='bbox 964 880 989 942; x_wconf 85' lang='lat' dir='ltr'><strong>a,</strong></span> <span class='ocrx_word' id='word_1_74' title='bbox 1002 883 1025 932; x_wconf 86' lang='lat' dir='ltr'><strong>l.</strong></span> <span class='ocrx_word' id='word_1_75' title='bbox 1041 881 1102 931; x_wconf 77' lang='lat' dir='ltr'><strong>itu.</strong></span> 
     </span>
    </p>
   </div>
   <div class='ocr_carea' id='block_1_4' title="bbox 124 988 1371 1163">
    <p class='ocr_par' dir='ltr' id='par_1_4' title="bbox 124 988 1371 1163">
     <span class='ocr_line' id='line_1_8' title="bbox 755 988 1135 1072; baseline -0.003 -17"><span class='ocrx_word' id='word_1_76' title='bbox 755 988 867 1072; x_wconf 90' lang='lat' dir='ltr'><strong>Steph.</strong></span> <span class='ocrx_word' id='word_1_77' title='bbox 891 989 1015 1055; x_wconf 80' lang='lat' dir='ltr'><strong>baluzii</strong></span> <span class='ocrx_word' id='word_1_78' title='bbox 1036 997 1135 1056; x_wconf 79' lang='lat' dir='ltr'><strong>notae.</strong></span> 
     </span>
     <span class='ocr_line' id='line_1_9' title="bbox 124 1092 1371 1163; baseline 0.006 -22"><span class='ocrx_word' id='word_1_79' title='bbox 124 1092 187 1154; x_wconf 69' lang='grc'>(29.)</span> <span class='ocrx_word' id='word_1_80' title='bbox 208 1093 256 1142; x_wconf 78' lang='lat' dir='ltr'><strong>Dei</strong></span> <span class='ocrx_word' id='word_1_81' title='bbox 266 1095 369 1143; x_wconf 80' lang='lat' dir='ltr'><strong>ueniam</strong></span> <span class='ocrx_word' id='word_1_82' title='bbox 384 1093 531 1144; x_wconf 84' lang='lat' dir='ltr'><strong>merebitur.</strong></span> <span class='ocrx_word' id='word_1_83' title='bbox 546 1095 576 1146; x_wconf 93' lang='lat' dir='ltr'><strong>ld</strong></span> <span class='ocrx_word' id='word_1_84' title='bbox 591 1097 632 1146; x_wconf 87' lang='lat' dir='ltr'><strong>est</strong></span> <span class='ocrx_word' id='word_1_85' title='bbox 649 1099 846 1162; x_wconf 83' lang='lat' dir='ltr'><strong>consequetur,</strong></span> <span class='ocrx_word' id='word_1_86' title='bbox 860 1101 892 1148; x_wconf 93' lang='lat' dir='ltr'><strong>nt</strong></span> <span class='ocrx_word' id='word_1_87' title='bbox 903 1098 943 1150; x_wconf 88' lang='lat' dir='ltr'><strong>ait</strong></span> <span class='ocrx_word' id='word_1_88' title='bbox 955 1097 1126 1161; x_wconf 78' lang='lat' dir='ltr'><strong>Lactamms,</strong></span> <span class='ocrx_word' id='word_1_89' title='bbox 1139 1099 1186 1150; x_wconf 90' lang='lat' dir='ltr'><strong>lib.</strong></span> <span class='ocrx_word' id='word_1_90' title='bbox 1205 1112 1315 1163; x_wconf 86' lang='lat' dir='ltr'><strong>1v,csp.</strong></span> <span class='ocrx_word' id='word_1_91' title='bbox 1333 1101 1371 1150; x_wconf 85' lang='lat' dir='ltr'><strong>lt.</strong></span> 
     </span>
    </p>
   </div>
   <div class='ocr_carea' id='block_1_5' title="bbox 398 1351 1496 1686">
    <p class='ocr_par' dir='ltr' id='par_1_5' title="bbox 398 1351 1496 1686">
     <span class='ocr_line' id='line_1_10' title="bbox 398 1351 1496 1485; baseline 0.004 -7"><span class='ocrx_word' id='word_1_92' title='bbox 398 1353 509 1478; x_wconf 87' lang='lat' dir='ltr'><strong>DE</strong></span> <span class='ocrx_word' id='word_1_93' title='bbox 577 1351 973 1481; x_wconf 85' lang='lat' dir='ltr'><strong>UNITATE</strong></span> <span class='ocrx_word' id='word_1_94' title='bbox 1044 1355 1496 1485; x_wconf 86' lang='lat' dir='ltr'>ECGLESIAE</span> 
     </span>
     <span class='ocr_line' id='line_1_11' title="bbox 837 1577 1065 1686; baseline 0.009 -2"><span class='ocrx_word' id='word_1_95' title='bbox 837 1577 1065 1686; x_wconf 68' lang='lat' dir='ltr'><strong>cranei&gt;</strong></span> 
     </span>
    </p>
   </div>
   <div class='ocr_carea' id='block_1_6' title="bbox 91 1892 1790 3042">
    <p class='ocr_par' dir='ltr' id='par_1_6' title="bbox 91 1892 1790 3042">
     <span class='ocr_line' id='line_1_12' title="bbox 91 1892 1787 1965; baseline -0.005 -13"><span class='ocrx_word' id='word_1_96' title='bbox 91 1901 307 1952; x_wconf 64' lang='lat' dir='ltr'><strong>narraturos.</strong></span> <span class='ocrx_word' id='word_1_97' title='bbox 329 1923 363 1934; x_wconf 91' lang='lat'><strong>-·</strong></span> <span class='ocrx_word' id='word_1_98' title='bbox 383 1893 525 1950; x_wconf 77' lang='grc' dir='ltr'>Οιιαιιοιιι</span> <span class='ocrx_word' id='word_1_99' title='bbox 545 1894 694 1949; x_wconf 75' lang='lat' dir='ltr'><strong>schismatis</strong></span> <span class='ocrx_word' id='word_1_100' title='bbox 715 1893 874 1962; x_wconf 78' lang='lat' dir='ltr'><strong>Nepotiani,</strong></span> <span class='ocrx_word' id='word_1_101' title='bbox 898 1899 930 1947; x_wconf 87' lang='lat' dir='ltr'><strong>ui</strong></span> <span class='ocrx_word' id='word_1_102' title='bbox 952 1908 1013 1949; x_wconf 86' lang='lat' dir='ltr'><strong>suos</strong></span> <span class='ocrx_word' id='word_1_103' title='bbox 1036 1893 1262 1962; x_wconf 71' lang='lat' dir='ltr'><strong>bambacinmses</strong></span> <span class='ocrx_word' id='word_1_104' title='bbox 1284 1895 1440 1959; x_wconf 75' lang='lat' dir='ltr'><strong>detonari,</strong></span> <span class='ocrx_word' id='word_1_105' title='bbox 1465 1897 1570 1965; x_wconf 89' lang='lat' dir='ltr'><strong>alioqui</strong></span> <span class='ocrx_word' id='word_1_106' title='bbox 1592 1909 1647 1950; x_wconf 89' lang='lat' dir='ltr'><strong>non</strong></span> <span class='ocrx_word' id='word_1_107' title='bbox 1660 1892 1787 1956; x_wconf 69' lang='lat' dir='ltr'><strong>¹multum</strong></span> 
     </span>
     <span class='ocr_line' id='line_1_13' title="bbox 132 1983 1785 2056; baseline -0.004 -16"><span class='ocrx_word' id='word_1_108' title='bbox 132 1987 177 2040; x_wconf 90' lang='lat' dir='ltr'><strong>ab</strong></span> <span class='ocrx_word' id='word_1_109' title='bbox 193 1985 242 2040; x_wconf 90' lang='lat' dir='ltr'><strong>illo</strong></span> <span class='ocrx_word' id='word_1_110' title='bbox 253 1983 437 2046; x_wconf 74' lang='lat' dir='ltr'><strong>abhorrentes,</strong></span> <span class='ocrx_word' id='word_1_111' title='bbox 454 1987 568 2054; x_wconf 87' lang='lat' dir='ltr'><strong>propter</strong></span> <span class='ocrx_word' id='word_1_112' title='bbox 579 1985 713 2040; x_wconf 85' lang='lat' dir='ltr'><strong>Nouatum</strong></span> <span class='ocrx_word' id='word_1_113' title='bbox 727 1988 752 2038; x_wconf 87' lang='lat' dir='ltr'><strong>ei</strong></span> <span class='ocrx_word' id='word_1_114' title='bbox 772 1983 840 2038; x_wconf 89' lang='lat' dir='ltr'><strong>alios</strong></span> <span class='ocrx_word' id='word_1_115' title='bbox 859 1983 989 2052; x_wconf 89' lang='lat' dir='ltr'><strong>quosdam</strong></span> <span class='ocrx_word' id='word_1_116' title='bbox 1006 1997 1063 2038; x_wconf 82' lang='lat' dir='ltr'><strong>sua</strong></span> <span class='ocrx_word' id='word_1_117' title='bbox 1080 1985 1204 2040; x_wconf 73' lang='lat' dir='ltr'><strong>Erebeis</strong></span> <span class='ocrx_word' id='word_1_118' title='bbox 1217 1985 1385 2056; x_wconf 72' lang='lat' dir='ltr'><strong>presbyteros</strong></span> <span class='ocrx_word' id='word_1_119' title='bbox 1405 1987 1488 2040; x_wconf 90' lang='lat' dir='ltr'><strong>totius</strong></span> <span class='ocrx_word' id='word_1_120' title='bbox 1503 1984 1640 2052; x_wconf 82' lang='lat' dir='ltr'><strong>trapoedia</strong></span> <span class='ocrx_word' id='word_1_121' title='bbox 1655 1985 1785 2042; x_wconf 75' lang='lat' dir='ltr'><strong>truciores,</strong></span> 
     </span>
     <span class='ocr_line' id='line_1_14' title="bbox 134 2069 1787 2143; baseline -0.003 -14"><span class='ocrx_word' id='word_1_122' title='bbox 134 2076 250 2130; x_wconf 82' lang='lat' dir='ltr'><strong>tibrum</strong></span> <span class='ocrx_word' id='word_1_123' title='bbox 264 2074 334 2128; x_wconf 85' lang='lat' dir='ltr'><strong>tunc</strong></span> <span class='ocrx_word' id='word_1_124' title='bbox 347 2075 507 2143; x_wconf 85' lang='lat' dir='ltr'><strong>conscripsit</strong></span> <span class='ocrx_word' id='word_1_125' title='bbox 526 2072 690 2143; x_wconf 75' lang='lat' dir='ltr'><strong>cyprianus.</strong></span> <span class='ocrx_word' id='word_1_126' title='bbox 707 2073 795 2141; x_wconf 84' lang='lat' dir='ltr'><strong>Atque</strong></span> <span class='ocrx_word' id='word_1_127' title='bbox 813 2073 842 2126; x_wconf 89' lang='lat' dir='ltr'><strong>in</strong></span> <span class='ocrx_word' id='word_1_128' title='bbox 857 2073 967 2141; x_wconf 83' lang='lat' dir='ltr'><strong>prims&#39;s,</strong></span> <span class='ocrx_word' id='word_1_129' title='bbox 976 2077 1135 2142; x_wconf 88' lang='lat' dir='ltr'><strong>postquam,</strong></span> <span class='ocrx_word' id='word_1_130' title='bbox 1154 2074 1283 2128; x_wconf 77' lang='lat' dir='ltr'><strong>adcasus</strong></span> <span class='ocrx_word' id='word_1_131' title='bbox 1298 2075 1407 2129; x_wconf 90' lang='lat' dir='ltr'><strong>illorum</strong></span> <span class='ocrx_word' id='word_1_132' title='bbox 1424 2074 1538 2130; x_wconf 88' lang='lat' dir='ltr'><strong>insidias</strong></span> <span class='ocrx_word' id='word_1_133' title='bbox 1550 2073 1736 2132; x_wconf 87' lang='lat' dir='ltr'><strong>communitos,</strong></span> <span class='ocrx_word' id='word_1_134' title='bbox 1750 2069 1787 2123; x_wconf 89' lang='lat' dir='ltr'><strong>ad</strong></span> 
     </span>
     <span class='ocr_line' id='line_1_15' title="bbox 133 2161 1788 2236; baseline -0.004 -15"><span class='ocrx_word' id='word_1_135' title='bbox 133 2166 313 2222; x_wconf 78' lang='lat' dir='ltr'><strong>constantias</strong></span> <span class='ocrx_word' id='word_1_136' title='bbox 332 2163 456 2218; x_wconf 79' lang='lat' dir='ltr'><strong>bortatta</strong></span> <span class='ocrx_word' id='word_1_137' title='bbox 476 2169 525 2232; x_wconf 86' lang='lat' dir='ltr'><strong>est,</strong></span> <span class='ocrx_word' id='word_1_138' title='bbox 541 2163 672 2218; x_wconf 72' lang='lat' dir='ltr'><strong>teretem</strong></span> <span class='ocrx_word' id='word_1_139' title='bbox 693 2177 803 2218; x_wconf 88' lang='lat' dir='ltr'><strong>causam</strong></span> <span class='ocrx_word' id='word_1_140' title='bbox 823 2177 878 2218; x_wconf 88' lang='lat' dir='ltr'><strong>esse</strong></span> <span class='ocrx_word' id='word_1_141' title='bbox 894 2163 969 2218; x_wconf 89' lang='lat' dir='ltr'><strong>docet</strong></span> <span class='ocrx_word' id='word_1_142' title='bbox 989 2163 1062 2232; x_wconf 86' lang='lat' dir='ltr'><strong>quod</strong></span> <span class='ocrx_word' id='word_1_143' title='bbox 1080 2167 1165 2232; x_wconf 85' lang='lat' dir='ltr'><strong>caput</strong></span> <span class='ocrx_word' id='word_1_144' title='bbox 1182 2165 1305 2219; x_wconf 73' lang='grc' dir='ltr'>Βιιὶιιιιι</span> <span class='ocrx_word' id='word_1_145' title='bbox 1323 2181 1378 2220; x_wconf 87' lang='lat' dir='ltr'><strong>non</strong></span> <span class='ocrx_word' id='word_1_146' title='bbox 1398 2167 1541 2236; x_wconf 80' lang='lat' dir='ltr'><strong>quaritur,</strong></span> <span class='ocrx_word' id='word_1_147' title='bbox 1556 2165 1695 2234; x_wconf 88' lang='lat' dir='ltr'><strong>primatus</strong></span> <span class='ocrx_word' id='word_1_148' title='bbox 1716 2161 1788 2216; x_wconf 86' lang='lat' dir='ltr'><strong>Petri</strong></span> 
     </span>
     <span class='ocr_line' id='line_1_16' title="bbox 135 2252 1787 2324; baseline -0.003 -15"><span class='ocrx_word' id='word_1_149' title='bbox 135 2255 336 2317; x_wconf 76' lang='lat' dir='ltr'><strong>communitur,</strong></span> <span class='ocrx_word' id='word_1_150' title='bbox 353 2259 378 2310; x_wconf 85' lang='lat' dir='ltr'><strong>et</strong></span> <span class='ocrx_word' id='word_1_151' title='bbox 392 2252 527 2310; x_wconf 85' lang='lat' dir='ltr'><strong>Gatbcdro</strong></span> <span class='ocrx_word' id='word_1_152' title='bbox 540 2267 571 2308; x_wconf 88' lang='lat' dir='ltr'><strong>ac</strong></span> <span class='ocrx_word' id='word_1_153' title='bbox 583 2253 703 2308; x_wconf 77' lang='lat' dir='ltr'><strong>Ecclesia</strong></span> <span class='ocrx_word' id='word_1_154' title='bbox 716 2267 771 2308; x_wconf 91' lang='lat' dir='ltr'><strong>una</strong></span> <span class='ocrx_word' id='word_1_155' title='bbox 786 2257 811 2307; x_wconf 88' lang='lat' dir='ltr'><strong>et</strong></span> <span class='ocrx_word' id='word_1_156' title='bbox 826 2255 1004 2323; x_wconf 75' lang='lat' dir='ltr'><strong>Episcopatus</strong></span> <span class='ocrx_word' id='word_1_157' title='bbox 1023 2267 1094 2308; x_wconf 88' lang='lat' dir='ltr'><strong>unus</strong></span> <span class='ocrx_word' id='word_1_158' title='bbox 1107 2253 1250 2309; x_wconf 76' lang='lat' dir='ltr'><strong>deseritm.</strong></span> <span class='ocrx_word' id='word_1_159' title='bbox 1265 2255 1367 2310; x_wconf 77' lang='lat' dir='ltr'><strong>Deinde</strong></span> <span class='ocrx_word' id='word_1_160' title='bbox 1380 2261 1437 2310; x_wconf 91' lang='lat' dir='ltr'><strong>tum</strong></span> <span class='ocrx_word' id='word_1_161' title='bbox 1450 2255 1598 2324; x_wconf 81' lang='lat' dir='ltr'><strong>scripturis</strong></span> <span class='ocrx_word' id='word_1_162' title='bbox 1619 2256 1676 2307; x_wconf 89' lang='lat' dir='ltr'><strong>tum</strong></span> <span class='ocrx_word' id='word_1_163' title='bbox 1690 2252 1787 2320; x_wconf 71' lang='lat' dir='ltr'><strong>ipsus</strong></span> 
     </span>
     <span class='ocr_line' id='line_1_17' title="bbox 140 2338 1787 2412; baseline -0.005 -11"><span class='ocrx_word' id='word_1_164' title='bbox 140 2347 256 2401; x_wconf 81' lang='lat' dir='ltr'><strong>Veteris</strong></span> <span class='ocrx_word' id='word_1_165' title='bbox 276 2347 301 2398; x_wconf 91' lang='lat' dir='ltr'><strong>et</strong></span> <span class='ocrx_word' id='word_1_166' title='bbox 320 2345 390 2402; x_wconf 86' lang='lat' dir='ltr'><strong>Noui</strong></span> <span class='ocrx_word' id='word_1_167' title='bbox 419 2344 582 2398; x_wconf 82' lang='lat' dir='ltr'><strong>Testamenti</strong></span> <span class='ocrx_word' id='word_1_168' title='bbox 606 2345 740 2397; x_wconf 88' lang='lat' dir='ltr'><strong>unitatem</strong></span> <span class='ocrx_word' id='word_1_169' title='bbox 760 2341 884 2398; x_wconf 78' lang='lat' dir='ltr'><strong>Ecclesia</strong></span> <span class='ocrx_word' id='word_1_170' title='bbox 908 2342 1072 2412; x_wconf 88' lang='lat' dir='ltr'><strong>comprobat.</strong></span> <span class='ocrx_word' id='word_1_171' title='bbox 1097 2345 1180 2398; x_wconf 88' lang='lat' dir='ltr'><strong>Porro</strong></span> <span class='ocrx_word' id='word_1_172' title='bbox 1205 2345 1353 2402; x_wconf 85' lang='lat' dir='ltr'><strong>Nouatiaui</strong></span> <span class='ocrx_word' id='word_1_173' title='bbox 1379 2345 1553 2400; x_wconf 82' lang='lat' dir='ltr'><strong>ambitionem</strong></span> <span class='ocrx_word' id='word_1_174' title='bbox 1578 2345 1609 2396; x_wconf 90' lang='lat' dir='ltr'><strong>in</strong></span> <span class='ocrx_word' id='word_1_175' title='bbox 1632 2338 1787 2394; x_wconf 87' lang='lat' dir='ltr'><strong>invadendo</strong></span> 
     </span>
     <span class='ocr_line' id='line_1_18' title="bbox 137 2425 1789 2506; baseline -0.004 -17"><span class='ocrx_word' id='word_1_176' title='bbox 137 2436 313 2503; x_wconf 79' lang='lat' dir='ltr'><strong>Episcopatu</strong></span> <span class='ocrx_word' id='word_1_177' title='bbox 327 2425 456 2493; x_wconf 79' lang='lat' dir='ltr'><strong>Rmnano,</strong></span> <span class='ocrx_word' id='word_1_178' title='bbox 472 2431 546 2486; x_wconf 83' lang='lat' dir='ltr'><strong>celui</strong></span> <span class='ocrx_word' id='word_1_179' title='bbox 559 2431 639 2487; x_wconf 87' lang='lat' dir='ltr'><strong>aliud</strong></span> <span class='ocrx_word' id='word_1_180' title='bbox 661 2446 754 2501; x_wconf 78' lang='lat' dir='ltr'><strong>opens,</strong></span> <span class='ocrx_word' id='word_1_181' title='bbox 767 2433 864 2500; x_wconf 70' lang='lat' dir='ltr'><strong>panas</strong></span> <span class='ocrx_word' id='word_1_182' title='bbox 879 2435 1046 2500; x_wconf 68' lang='lat' dir='ltr'><strong>procacitas,</strong></span> <span class='ocrx_word' id='word_1_183' title='bbox 1065 2432 1121 2486; x_wconf 88' lang='lat' dir='ltr'><strong>iate</strong></span> <span class='ocrx_word' id='word_1_184' title='bbox 1139 2431 1249 2488; x_wconf 90' lang='lat' dir='ltr'><strong>deducit</strong></span> <span class='ocrx_word' id='word_1_185' title='bbox 1262 2431 1359 2506; x_wconf 82' lang='grc'><strong>495</strong></span> <span class='ocrx_word' id='word_1_186' title='bbox 1372 2449 1457 2504; x_wconf 85' lang='lat' dir='ltr'><strong>aeque</strong></span> <span class='ocrx_word' id='word_1_187' title='bbox 1469 2448 1521 2502; x_wconf 89' lang='lat' dir='ltr'><strong>pro</strong></span> <span class='ocrx_word' id='word_1_188' title='bbox 1542 2445 1634 2487; x_wconf 79' lang='lat' dir='ltr'><strong>amum</strong></span> <span class='ocrx_word' id='word_1_189' title='bbox 1650 2430 1789 2500; x_wconf 82' lang='lat' dir='ltr'><strong>paucitate</strong></span> 
     </span>
     <span class='ocr_line' id='line_1_19' title="bbox 135 2519 1789 2592; baseline -0.004 -14"><span class='ocrx_word' id='word_1_190' title='bbox 135 2527 242 2578; x_wconf 74' lang='lat' dir='ltr'><strong>comba</strong></span> <span class='ocrx_word' id='word_1_191' title='bbox 256 2522 402 2577; x_wconf 73' lang='lat' dir='ltr'><strong>saliuam</strong></span> <span class='ocrx_word' id='word_1_192' title='bbox 415 2521 564 2592; x_wconf 85' lang='lat' dir='ltr'><strong>quidquam</strong></span> <span class='ocrx_word' id='word_1_193' title='bbox 578 2523 667 2588; x_wconf 70' lang='lat' dir='ltr'><strong>(acme</strong></span> <span class='ocrx_word' id='word_1_194' title='bbox 681 2520 754 2575; x_wconf 83' lang='lat' dir='ltr'><strong>illud</strong></span> <span class='ocrx_word' id='word_1_195' title='bbox 766 2520 875 2583; x_wconf 70' lang='lat' dir='ltr'><strong>blattis„</strong></span> <span class='ocrx_word' id='word_1_196' title='bbox 892 2535 957 2576; x_wconf 82' lang='lat' dir='ltr'><strong>rurs</strong></span> <span class='ocrx_word' id='word_1_197' title='bbox 971 2535 979 2575; x_wconf 79' lang='grc' dir='ltr'>ι</span> <span class='ocrx_word' id='word_1_198' title='bbox 996 2541 1010 2570; x_wconf 80' lang='grc' dir='ltr'><strong>ιι</strong></span> <span class='ocrx_word' id='word_1_199' title='bbox 1030 2521 1185 2591; x_wconf 84' lang='lat' dir='ltr'><strong>Ubicunque</strong></span> <span class='ocrx_word' id='word_1_200' title='bbox 1197 2523 1313 2588; x_wconf 75' lang='lat' dir='ltr'><strong>fuerunt</strong></span> <span class='ocrx_word' id='word_1_201' title='bbox 1325 2523 1380 2578; x_wconf 87' lang='lat' dir='ltr'><strong>duo</strong></span> <span class='ocrx_word' id='word_1_202' title='bbox 1394 2523 1436 2578; x_wconf 87' lang='lat' dir='ltr'><strong>uel</strong></span> <span class='ocrx_word' id='word_1_203' title='bbox 1451 2529 1503 2578; x_wconf 86' lang='lat' dir='ltr'><strong>tres</strong></span> <span class='ocrx_word' id='word_1_204' title='bbox 1516 2523 1621 2577; x_wconf 86' lang='lat' dir='ltr'><strong>collecti</strong></span> <span class='ocrx_word' id='word_1_205' title='bbox 1640 2521 1670 2574; x_wconf 89' lang='lat' dir='ltr'><strong>in</strong></span> <span class='ocrx_word' id='word_1_206' title='bbox 1681 2519 1789 2574; x_wconf 87' lang='lat' dir='ltr'><strong>nomine</strong></span> 
     </span>
     <span class='ocr_line' id='line_1_20' title="bbox 138 2610 1789 2682; baseline -0.004 -16"><span class='ocrx_word' id='word_1_207' title='bbox 138 2626 215 2677; x_wconf 85' lang='lat' dir='ltr'><strong>meo,</strong></span> <span class='ocrx_word' id='word_1_208' title='bbox 229 2633 243 2660; x_wconf 79' lang='lat' dir='ltr'><strong>n</strong></span> <span class='ocrx_word' id='word_1_209' title='bbox 260 2613 324 2680; x_wconf 87' lang='lat' dir='ltr'><strong>eic.;</strong></span> <span class='ocrx_word' id='word_1_210' title='bbox 340 2625 425 2682; x_wconf 89' lang='lat' dir='ltr'><strong>neque</strong></span> <span class='ocrx_word' id='word_1_211' title='bbox 438 2612 601 2680; x_wconf 82' lang='lat' dir='ltr'><strong>mortprium</strong></span> <span class='ocrx_word' id='word_1_212' title='bbox 614 2611 670 2666; x_wconf 87' lang='lat' dir='ltr'><strong>illis</strong></span> <span class='ocrx_word' id='word_1_213' title='bbox 682 2625 758 2680; x_wconf 88' lang='lat' dir='ltr'><strong>posse</strong></span> <span class='ocrx_word' id='word_1_214' title='bbox 770 2610 896 2680; x_wconf 85' lang='lat' dir='ltr'><strong>prodesse</strong></span> <span class='ocrx_word' id='word_1_215' title='bbox 911 2614 989 2666; x_wconf 84' lang='lat' dir='ltr'><strong>caira</strong></span> <span class='ocrx_word' id='word_1_216' title='bbox 1003 2610 1159 2665; x_wconf 78' lang='lat' dir='ltr'><strong>Eccimiam.</strong></span> <span class='ocrx_word' id='word_1_217' title='bbox 1173 2611 1235 2666; x_wconf 87' lang='lat' dir='ltr'><strong>Post</strong></span> <span class='ocrx_word' id='word_1_218' title='bbox 1250 2612 1304 2666; x_wconf 84' lang='lat' dir='ltr'><strong>bac</strong></span> <span class='ocrx_word' id='word_1_219' title='bbox 1323 2612 1397 2668; x_wconf 87' lang='lat' dir='ltr'><strong>docet</strong></span> <span class='ocrx_word' id='word_1_220' title='bbox 1412 2627 1466 2666; x_wconf 82' lang='lat' dir='ltr'><strong>nort</strong></span> <span class='ocrx_word' id='word_1_221' title='bbox 1485 2613 1584 2667; x_wconf 89' lang='lat' dir='ltr'><strong>mirari</strong></span> <span class='ocrx_word' id='word_1_222' title='bbox 1605 2623 1648 2664; x_wconf 88' lang='lat' dir='ltr'><strong>eos</strong></span> <span class='ocrx_word' id='word_1_223' title='bbox 1667 2611 1789 2678; x_wconf 85' lang='lat' dir='ltr'><strong>oportere</strong></span> 
     </span>
     <span class='ocr_line' id='line_1_21' title="bbox 137 2695 1790 2770; baseline -0.003 -16"><span class='ocrx_word' id='word_1_224' title='bbox 137 2699 220 2770; x_wconf 85' lang='lat' dir='ltr'><strong>quod</strong></span> <span class='ocrx_word' id='word_1_225' title='bbox 232 2701 353 2768; x_wconf 78' lang='lat' dir='ltr'><strong>ciperem</strong></span> <span class='ocrx_word' id='word_1_226' title='bbox 373 2699 566 2768; x_wconf 73' lang='lat' dir='ltr'><strong>barensium</strong></span> <span class='ocrx_word' id='word_1_227' title='bbox 583 2699 646 2755; x_wconf 89' lang='lat' dir='ltr'><strong>olim</strong></span> <span class='ocrx_word' id='word_1_228' title='bbox 666 2717 683 2754; x_wconf 89' lang='lat' dir='ltr'><strong>a</strong></span> <span class='ocrx_word' id='word_1_229' title='bbox 705 2698 810 2756; x_wconf 85' lang='lat' dir='ltr'><strong>Gbristo</strong></span> <span class='ocrx_word' id='word_1_230' title='bbox 824 2699 967 2770; x_wconf 77' lang='lat' dir='ltr'><strong>predicta</strong></span> <span class='ocrx_word' id='word_1_231' title='bbox 989 2698 1083 2766; x_wconf 82' lang='lat' dir='ltr'><strong>lobiter</strong></span> <span class='ocrx_word' id='word_1_232' title='bbox 1101 2699 1248 2768; x_wconf 66' lang='lat' dir='ltr'><strong>intemectis</strong></span> <span class='ocrx_word' id='word_1_233' title='bbox 1267 2700 1498 2756; x_wconf 74' lang='lat' dir='ltr'><strong>autumaticorum</strong></span> <span class='ocrx_word' id='word_1_234' title='bbox 1515 2695 1684 2770; x_wconf 67' lang='lat' dir='ltr'><strong>suppliciielr</strong></span> <span class='ocrx_word' id='word_1_235' title='bbox 1704 2708 1790 2764; x_wconf 87' lang='lat' dir='ltr'><strong>neque</strong></span> 
     </span>
     <span class='ocr_line' id='line_1_22' title="bbox 139 2789 1788 2862; baseline -0.002 -18"><span class='ocrx_word' id='word_1_236' title='bbox 139 2790 222 2861; x_wconf 83' lang='lat' dir='ltr'><strong>quod</strong></span> <span class='ocrx_word' id='word_1_237' title='bbox 237 2791 397 2856; x_wconf 77' lang='lat' dir='ltr'><strong>mniessores</strong></span> <span class='ocrx_word' id='word_1_238' title='bbox 412 2789 524 2859; x_wconf 89' lang='lat' dir='ltr'><strong>quidam</strong></span> <span class='ocrx_word' id='word_1_239' title='bbox 543 2792 658 2846; x_wconf 86' lang='lat' dir='ltr'><strong>llomaui</strong></span> <span class='ocrx_word' id='word_1_240' title='bbox 679 2790 816 2846; x_wconf 67' lang='lat' dir='ltr'><strong>celeumati</strong></span> <span class='ocrx_word' id='word_1_241' title='bbox 835 2792 1028 2858; x_wconf 80' lang='lat' dir='ltr'><strong>consentirent,</strong></span> <span class='ocrx_word' id='word_1_242' title='bbox 1047 2791 1147 2862; x_wconf 77' lang='lat' dir='ltr'><strong>quippe</strong></span> <span class='ocrx_word' id='word_1_243' title='bbox 1164 2806 1225 2847; x_wconf 93' lang='lat' dir='ltr'><strong>cum</strong></span> <span class='ocrx_word' id='word_1_244' title='bbox 1243 2797 1307 2848; x_wconf 88' lang='lat' dir='ltr'><strong>ante</strong></span> <span class='ocrx_word' id='word_1_245' title='bbox 1324 2793 1427 2848; x_wconf 90' lang='lat' dir='ltr'><strong>obitum</strong></span> <span class='ocrx_word' id='word_1_246' title='bbox 1446 2807 1521 2848; x_wconf 88' lang='lat' dir='ltr'><strong>uerno</strong></span> <span class='ocrx_word' id='word_1_247' title='bbox 1539 2793 1632 2848; x_wconf 88' lang='lat' dir='ltr'><strong>beatus</strong></span> <span class='ocrx_word' id='word_1_248' title='bbox 1647 2792 1694 2854; x_wconf 88' lang='lat' dir='ltr'><strong>sit,</strong></span> <span class='ocrx_word' id='word_1_249' title='bbox 1713 2794 1740 2844; x_wconf 90' lang='lat' dir='ltr'><strong>et</strong></span> <span class='ocrx_word' id='word_1_250' title='bbox 1758 2790 1788 2842; x_wconf 90' lang='lat' dir='ltr'><strong>in</strong></span> 
     </span>
     <span class='ocr_line' id='line_1_23' title="bbox 141 2876 1788 2950; baseline -0.002 -16"><span class='ocrx_word' id='word_1_251' title='bbox 141 2884 208 2950; x_wconf 83' lang='lat' dir='ltr'><strong>ipso</strong></span> <span class='ocrx_word' id='word_1_252' title='bbox 224 2879 405 2949; x_wconf 88' lang='lat' dir='ltr'><strong>apostolorum</strong></span> <span class='ocrx_word' id='word_1_253' title='bbox 424 2885 491 2932; x_wconf 84' lang='lat' dir='ltr'><strong>actu</strong></span> <span class='ocrx_word' id='word_1_254' title='bbox 501 2877 588 2934; x_wconf 80' lang='lat' dir='ltr'><strong>iudas</strong></span> <span class='ocrx_word' id='word_1_255' title='bbox 598 2879 725 2948; x_wconf 81' lang='lat' dir='ltr'><strong>proditor</strong></span> <span class='ocrx_word' id='word_1_256' title='bbox 738 2881 885 2946; x_wconf 64' lang='lat' dir='ltr'><strong>restiterim</strong></span> <span class='ocrx_word' id='word_1_257' title='bbox 896 2879 1012 2934; x_wconf 85' lang='lat' dir='ltr'><strong>uitanda</strong></span> <span class='ocrx_word' id='word_1_258' title='bbox 1026 2881 1089 2934; x_wconf 81' lang='lat' dir='ltr'><strong>item</strong></span> <span class='ocrx_word' id='word_1_259' title='bbox 1102 2880 1332 2942; x_wconf 78' lang='lat' dir='ltr'><strong>sabianadmrum</strong></span> <span class='ocrx_word' id='word_1_260' title='bbox 1345 2887 1370 2936; x_wconf 88' lang='lat' dir='ltr'><strong>et</strong></span> <span class='ocrx_word' id='word_1_261' title='bbox 1386 2881 1571 2937; x_wconf 76' lang='lat' dir='ltr'><strong>hereticorum</strong></span> <span class='ocrx_word' id='word_1_262' title='bbox 1583 2879 1729 2938; x_wconf 85' lang='lat' dir='ltr'><strong>consortia.</strong></span> <span class='ocrx_word' id='word_1_263' title='bbox 1743 2876 1788 2932; x_wconf 81' lang='lat' dir='ltr'><strong>Ad</strong></span> 
     </span>
     <span class='ocr_line' id='line_1_24' title="bbox 136 2967 1015 3042; baseline -0.002 -18"><span class='ocrx_word' id='word_1_264' title='bbox 136 2984 242 3042; x_wconf 87' lang='lat' dir='ltr'><strong>pacem</strong></span> <span class='ocrx_word' id='word_1_265' title='bbox 256 2967 371 3038; x_wconf 84' lang='lat' dir='ltr'><strong>denique</strong></span> <span class='ocrx_word' id='word_1_266' title='bbox 384 2972 408 3024; x_wconf 88' lang='lat' dir='ltr'><strong>et</strong></span> <span class='ocrx_word' id='word_1_267' title='bbox 422 2969 629 3024; x_wconf 85' lang='lat' dir='ltr'><strong>unanimitatem</strong></span> <span class='ocrx_word' id='word_1_268' title='bbox 641 2983 690 3039; x_wconf 89' lang='lat' dir='ltr'><strong>per</strong></span> <span class='ocrx_word' id='word_1_269' title='bbox 702 2967 860 3040; x_wconf 74' lang='lat' dir='ltr'><strong>Scripturas</strong></span> <span class='ocrx_word' id='word_1_270' title='bbox 881 2968 1015 3024; x_wconf 85' lang='lat' dir='ltr'><strong>bortatur.</strong></span> 
     </span>
    </p>
   </div>
   <div class='ocr_carea' id='block_1_7' title="bbox 104 3082 1788 3718">
    <p class='ocr_par' dir='ltr' id='par_1_7' title="bbox 104 3082 1788 3718">
     <span class='ocr_line' id='line_1_25' title="bbox 143 3082 1787 3171; baseline -0.001 -30"><span class='ocrx_word' id='word_1_271' title='bbox 143 3089 168 3141; x_wconf 95' lang='lat' dir='ltr'><strong>l.</strong></span> <span class='ocrx_word' id='word_1_272' title='bbox 188 3086 259 3140; x_wconf 85' lang='lat' dir='ltr'><strong>cnm</strong></span> <span class='ocrx_word' id='word_1_273' title='bbox 281 3087 398 3140; x_wconf 88' lang='lat' dir='ltr'><strong>monesi</strong></span> <span class='ocrx_word' id='word_1_274' title='bbox 421 3082 556 3140; x_wconf 83' lang='lat' dir='ltr'><strong>Dominus</strong></span> <span class='ocrx_word' id='word_1_275' title='bbox 577 3088 606 3140; x_wconf 85' lang='lat' dir='ltr'><strong>et</strong></span> <span class='ocrx_word' id='word_1_276' title='bbox 619 3084 716 3140; x_wconf 87' lang='lat' dir='ltr'><strong>dicat:</strong></span> <span class='ocrx_word' id='word_1_277' title='bbox 735 3087 786 3142; x_wconf 87' lang='lat' dir='ltr'><strong>Vos</strong></span> <span class='ocrx_word' id='word_1_278' title='bbox 807 3088 870 3142; x_wconf 87' lang='lat' dir='ltr'><strong>estis</strong></span> <span class='ocrx_word' id='word_1_279' title='bbox 883 3084 1064 3171; x_wconf 79' lang='lat' dir='ltr'><strong>satBPstris</strong></span> <span class='ocrx_word' id='word_1_280' title='bbox 1084 3084 1229 3140; x_wconf 86' lang='lat' dir='ltr'><strong>induimus</strong></span> <span class='ocrx_word' id='word_1_281' title='bbox 1251 3085 1301 3156; x_wconf 78' lang='lat' dir='ltr'><strong>(t),</strong></span> <span class='ocrx_word' id='word_1_282' title='bbox 1323 3086 1417 3142; x_wconf 89' lang='lat' dir='ltr'><strong>minus</strong></span> <span class='ocrx_word' id='word_1_283' title='bbox 1439 3102 1537 3159; x_wconf 84' lang='lat' dir='ltr'><strong>supere</strong></span> <span class='ocrx_word' id='word_1_284' title='bbox 1559 3087 1588 3142; x_wconf 92' lang='lat' dir='ltr'><strong>in</strong></span> <span class='ocrx_word' id='word_1_285' title='bbox 1615 3085 1723 3142; x_wconf 89' lang='lat' dir='ltr'><strong>tuenda</strong></span> <span class='ocrx_word' id='word_1_286' title='bbox 1745 3101 1787 3140; x_wconf 91' lang='lat' dir='ltr'><strong>sa-</strong></span> 
     </span>
     <span class='ocr_line' id='line_1_26' title="bbox 104 3177 1787 3252; baseline -0.002 -16"><span class='ocrx_word' id='word_1_287' title='bbox 104 3188 191 3236; x_wconf 70' lang='lat' dir='ltr'><strong>tana</strong></span> <span class='ocrx_word' id='word_1_288' title='bbox 210 3178 334 3250; x_wconf 67' lang='lat' dir='ltr'><strong>(blatta,</strong></span> <span class='ocrx_word' id='word_1_289' title='bbox 358 3194 385 3244; x_wconf 85' lang='lat' dir='ltr'><strong>v,</strong></span> <span class='ocrx_word' id='word_1_290' title='bbox 410 3177 464 3246; x_wconf 81' lang='lat' dir='ltr'><strong>lb),</strong></span> <span class='ocrx_word' id='word_1_291' title='bbox 480 3193 603 3248; x_wconf 88' lang='lat' dir='ltr'><strong>cumque</strong></span> <span class='ocrx_word' id='word_1_292' title='bbox 622 3193 684 3232; x_wconf 88' lang='lat' dir='ltr'><strong>esse</strong></span> <span class='ocrx_word' id='word_1_293' title='bbox 702 3194 753 3233; x_wconf 89' lang='lat' dir='ltr'><strong>nos</strong></span> <span class='ocrx_word' id='word_1_294' title='bbox 770 3177 871 3250; x_wconf 85' lang='lat' dir='ltr'><strong>jubeat</strong></span> <span class='ocrx_word' id='word_1_295' title='bbox 889 3179 925 3234; x_wconf 86' lang='lat' dir='ltr'><strong>ad</strong></span> <span class='ocrx_word' id='word_1_296' title='bbox 974 3179 1032 3234; x_wconf 86' lang='lat' dir='ltr'><strong>late</strong></span> <span class='ocrx_word' id='word_1_297' title='bbox 1047 3177 1216 3234; x_wconf 79' lang='lat' dir='ltr'><strong>vidmmurt</strong></span> <span class='ocrx_word' id='word_1_298' title='bbox 1236 3179 1332 3252; x_wconf 90' lang='lat' dir='ltr'><strong>Neque</strong></span> <span class='ocrx_word' id='word_1_299' title='bbox 1355 3180 1432 3235; x_wconf 90' lang='lat' dir='ltr'><strong>enim</strong></span> <span class='ocrx_word' id='word_1_300' title='bbox 1461 3179 1621 3252; x_wconf 91' lang='lat' dir='ltr'><strong>persecutio</strong></span> <span class='ocrx_word' id='word_1_301' title='bbox 1644 3179 1703 3234; x_wconf 88' lang='lat' dir='ltr'><strong>sola</strong></span> <span class='ocrx_word' id='word_1_302' title='bbox 1728 3193 1787 3232; x_wconf 91' lang='lat' dir='ltr'><strong>me-</strong></span> 
     </span>
     <span class='ocr_line' id='line_1_27' title="bbox 106 3269 1788 3344; baseline -0.003 -16"><span class='ocrx_word' id='word_1_303' title='bbox 106 3271 307 3328; x_wconf 85' lang='lat' dir='ltr'><strong>ianocentiaur</strong></span> <span class='ocrx_word' id='word_1_304' title='bbox 328 3269 480 3342; x_wconf 85' lang='lat' dir='ltr'><strong>simplices,</strong></span> <span class='ocrx_word' id='word_1_305' title='bbox 505 3274 535 3326; x_wconf 90' lang='lat' dir='ltr'><strong>el</strong></span> <span class='ocrx_word' id='word_1_306' title='bbox 554 3275 730 3326; x_wconf 87' lang='lat' dir='ltr'><strong>tamencum</strong></span> <span class='ocrx_word' id='word_1_307' title='bbox 746 3271 925 3343; x_wconf 85' lang='lat' dir='ltr'><strong>simplicitate</strong></span> <span class='ocrx_word' id='word_1_308' title='bbox 976 3271 1082 3326; x_wconf 87' lang='lat' dir='ltr'><strong>tuenda</strong></span> <span class='ocrx_word' id='word_1_309' title='bbox 1100 3273 1162 3326; x_wconf 89' lang='lat' dir='ltr'><strong>est¹</strong></span> <span class='ocrx_word' id='word_1_310' title='bbox 1182 3275 1211 3326; x_wconf 90' lang='lat' dir='ltr'><strong>et</strong></span> <span class='ocrx_word' id='word_1_311' title='bbox 1229 3288 1262 3328; x_wconf 86' lang='lat' dir='ltr'><strong>ea</strong></span> <span class='ocrx_word' id='word_1_312' title='bbox 1282 3289 1346 3344; x_wconf 85' lang='lat' dir='ltr'><strong>qaoe</strong></span> <span class='ocrx_word' id='word_1_313' title='bbox 1369 3273 1539 3329; x_wconf 84' lang='lat' dir='ltr'><strong>subruendis</strong></span> <span class='ocrx_word' id='word_1_314' title='bbox 1561 3289 1595 3330; x_wconf 87' lang='lat' dir='ltr'><strong>aa</strong></span> <span class='ocrx_word' id='word_1_315' title='bbox 1620 3270 1788 3344; x_wconf 85' lang='lat' dir='ltr'><strong>dejiciendis</strong></span> 
     </span>
     <span class='ocr_line' id='line_1_28' title="bbox 107 3361 1788 3439; baseline -0.002 -19"><span class='ocrx_word' id='word_1_316' title='bbox 107 3365 268 3436; x_wconf 82' lang='lat' dir='ltr'><strong>prudentes</strong></span> <span class='ocrx_word' id='word_1_317' title='bbox 281 3362 404 3434; x_wconf 62' lang='lat' dir='ltr'><strong>(blatta,</strong></span> <span class='ocrx_word' id='word_1_318' title='bbox 428 3380 457 3432; x_wconf 85' lang='lat' dir='ltr'><strong>x,</strong></span> <span class='ocrx_word' id='word_1_319' title='bbox 473 3362 528 3431; x_wconf 84' lang='lat' dir='ltr'><strong>lb),</strong></span> <span class='ocrx_word' id='word_1_320' title='bbox 545 3361 614 3434; x_wconf 88' lang='lat' dir='ltr'><strong>quid</strong></span> <span class='ocrx_word' id='word_1_321' title='bbox 627 3363 713 3432; x_wconf 86' lang='lat' dir='ltr'><strong>eliud,</strong></span> <span class='ocrx_word' id='word_1_322' title='bbox 726 3363 828 3419; x_wconf 84' lang='lat' dir='ltr'><strong>iratres</strong></span> <span class='ocrx_word' id='word_1_323' title='bbox 841 3363 925 3419; x_wconf 80' lang='lat' dir='ltr'><strong>dileo</strong></span> <span class='ocrx_word' id='word_1_324' title='bbox 975 3364 1026 3420; x_wconf 86' lang='lat' dir='ltr'><strong>Dei</strong></span> <span class='ocrx_word' id='word_1_325' title='bbox 1047 3363 1135 3420; x_wconf 85' lang='lat' dir='ltr'><strong>servis</strong></span> <span class='ocrx_word' id='word_1_326' title='bbox 1149 3367 1249 3436; x_wconf 88' lang='lat' dir='ltr'><strong>aperta</strong></span> <span class='ocrx_word' id='word_1_327' title='bbox 1268 3365 1483 3437; x_wconf 82' lang='lat' dir='ltr'><strong>impugnatione</strong></span> <span class='ocrx_word' id='word_1_328' title='bbox 1498 3370 1663 3439; x_wconf 81' lang='lat' dir='ltr'><strong>grassantur</strong></span> <span class='ocrx_word' id='word_1_329' title='bbox 1673 3366 1695 3420; x_wconf 81' lang='lat'><strong>².</strong></span> <span class='ocrx_word' id='word_1_330' title='bbox 1712 3364 1788 3419; x_wconf 82' lang='lat' dir='ltr'><strong>Faci-</strong></span> 
     </span>
     <span class='ocr_line' id='line_1_29' title="bbox 109 3455 1787 3532; baseline 0.001 -20"><span class='ocrx_word' id='word_1_331' title='bbox 109 3458 224 3523; x_wconf 79' lang='lat' dir='ltr'><strong>tissimi,</strong></span> <span class='ocrx_word' id='word_1_332' title='bbox 248 3473 334 3528; x_wconf 85' lang='lat' dir='ltr'><strong>quern</strong></span> <span class='ocrx_word' id='word_1_333' title='bbox 357 3455 509 3527; x_wconf 86' lang='lat' dir='ltr'><strong>providere</strong></span> <span class='ocrx_word' id='word_1_334' title='bbox 524 3471 575 3510; x_wconf 88' lang='lat' dir='ltr'><strong>nos</strong></span> <span class='ocrx_word' id='word_1_335' title='bbox 594 3455 735 3524; x_wconf 84' lang='lat' dir='ltr'><strong>convenit,</strong></span> <span class='ocrx_word' id='word_1_336' title='bbox 760 3459 789 3511; x_wconf 91' lang='lat' dir='ltr'><strong>et</strong></span> <span class='ocrx_word' id='word_1_337' title='bbox 804 3455 924 3512; x_wconf 89' lang='lat' dir='ltr'><strong>sollicito</strong></span> <span class='ocrx_word' id='word_1_338' title='bbox 974 3457 1135 3514; x_wconf 85' lang='lat' dir='ltr'><strong>liorcaulio</strong></span> <span class='ocrx_word' id='word_1_339' title='bbox 1159 3459 1195 3531; x_wconf 86' lang='grc'><strong>(3)</strong></span> <span class='ocrx_word' id='word_1_340' title='bbox 1217 3463 1258 3514; x_wconf 88' lang='lat' dir='ltr'><strong>est</strong></span> <span class='ocrx_word' id='word_1_341' title='bbox 1282 3459 1331 3514; x_wconf 91' lang='lat' dir='ltr'><strong>ubi</strong></span> <span class='ocrx_word' id='word_1_342' title='bbox 1346 3460 1498 3517; x_wconf 84' lang='lat' dir='ltr'><strong>manilesta</strong></span> <span class='ocrx_word' id='word_1_343' title='bbox 1524 3460 1560 3532; x_wconf 76' lang='lat' dir='ltr'><strong>(l)</strong></span> <span class='ocrx_word' id='word_1_344' title='bbox 1586 3459 1709 3516; x_wconf 79' lang='lat' dir='ltr'><strong>formido</strong></span> <span class='ocrx_word' id='word_1_345' title='bbox 1736 3461 1787 3525; x_wconf 83' lang='lat' dir='ltr'><strong>est,</strong></span> 
     </span>
     <span class='ocr_line' id='line_1_30' title="bbox 109 3547 1788 3626; baseline 0 -20"><span class='ocrx_word' id='word_1_346' title='bbox 109 3550 197 3606; x_wconf 88' lang='lat' dir='ltr'><strong>corde</strong></span> <span class='ocrx_word' id='word_1_347' title='bbox 220 3550 381 3621; x_wconf 80' lang='lat' dir='ltr'><strong>vigilantes,</strong></span> <span class='ocrx_word' id='word_1_348' title='bbox 397 3547 508 3605; x_wconf 87' lang='lat' dir='ltr'><strong>subdoli</strong></span> <span class='ocrx_word' id='word_1_349' title='bbox 527 3547 618 3604; x_wconf 85' lang='lat' dir='ltr'><strong>bostis</strong></span> <span class='ocrx_word' id='word_1_350' title='bbox 631 3548 749 3604; x_wconf 89' lang='lat' dir='ltr'><strong>insidias</strong></span> <span class='ocrx_word' id='word_1_351' title='bbox 762 3549 925 3621; x_wconf 78' lang='lat' dir='ltr'><strong>intelligere</strong></span> <span class='ocrx_word' id='word_1_352' title='bbox 975 3553 1003 3606; x_wconf 89' lang='lat' dir='ltr'><strong>et</strong></span> <span class='ocrx_word' id='word_1_353' title='bbox 1023 3550 1059 3605; x_wconf 88' lang='lat' dir='ltr'><strong>ad</strong></span> <span class='ocrx_word' id='word_1_354' title='bbox 1080 3553 1226 3608; x_wconf 87' lang='lat' dir='ltr'><strong>certamen</strong></span> <span class='ocrx_word' id='word_1_355' title='bbox 1249 3552 1363 3608; x_wconf 88' lang='lat' dir='ltr'><strong>animus</strong></span> <span class='ocrx_word' id='word_1_356' title='bbox 1377 3559 1443 3608; x_wconf 85' lang='lat' dir='ltr'><strong>ante</strong></span> <span class='ocrx_word' id='word_1_357' title='bbox 1467 3554 1649 3626; x_wconf 79' lang='lat' dir='ltr'><strong>prastmdtur</strong></span> <span class='ocrx_word' id='word_1_358' title='bbox 1672 3551 1788 3624; x_wconf 85' lang='lat' dir='ltr'><strong>quando</strong></span> 
     </span>
     <span class='ocr_line' id='line_1_31' title="bbox 111 3641 1788 3718; baseline 0.001 -20"><span class='ocrx_word' id='word_1_359' title='bbox 111 3643 219 3714; x_wconf 82' lang='lat' dir='ltr'><strong>pariter</strong></span> <span class='ocrx_word' id='word_1_360' title='bbox 243 3645 271 3698; x_wconf 89' lang='lat' dir='ltr'><strong>et</strong></span> <span class='ocrx_word' id='word_1_361' title='bbox 293 3658 390 3698; x_wconf 84' lang='lat' dir='ltr'><strong>carere</strong></span> <span class='ocrx_word' id='word_1_362' title='bbox 413 3659 450 3698; x_wconf 87' lang='lat' dir='ltr'><strong>ne</strong></span> <span class='ocrx_word' id='word_1_363' title='bbox 470 3641 520 3714; x_wconf 90' lang='lat' dir='ltr'><strong>qui</strong></span> <span class='ocrx_word' id='word_1_364' title='bbox 538 3641 680 3700; x_wconf 88' lang='lat' dir='ltr'><strong>Christum</strong></span> <span class='ocrx_word' id='word_1_365' title='bbox 694 3642 862 3713; x_wconf 83' lang='lat' dir='ltr'><strong>sapientiem</strong></span> <span class='ocrx_word' id='word_1_366' title='bbox 876 3643 925 3698; x_wconf 83' lang='lat' dir='ltr'><strong>liei</strong></span> <span class='ocrx_word' id='word_1_367' title='bbox 975 3659 1004 3698; x_wconf 89' lang='lat' dir='ltr'><strong>se</strong></span> <span class='ocrx_word' id='word_1_368' title='bbox 1028 3643 1207 3700; x_wconf 80' lang='lat' dir='ltr'><strong>adversarius</strong></span> <span class='ocrx_word' id='word_1_369' title='bbox 1230 3645 1383 3702; x_wconf 86' lang='lat' dir='ltr'><strong>confltetur</strong></span> <span class='ocrx_word' id='word_1_370' title='bbox 1413 3647 1462 3718; x_wconf 83' lang='lat'><strong>(5).</strong></span> <span class='ocrx_word' id='word_1_371' title='bbox 1495 3649 1561 3704; x_wconf 84' lang='lat' dir='ltr'><strong>Plus</strong></span> <span class='ocrx_word' id='word_1_372' title='bbox 1594 3645 1788 3703; x_wconf 60' lang='grc' dir='ltr'><strong>ιιιιιιιιιιιιιιιιε</strong></span> 
     </span>
    </p>
   </div>
   <div class='ocr_carea' id='block_1_8' title="bbox 795 3757 1097 3823">
    <p class='ocr_par' dir='ltr' id='par_1_8' title="bbox 795 3757 1097 3823">
     <span class='ocr_line' id='line_1_32' title="bbox 795 3757 1097 3823; baseline 0.007 -3"><span class='ocrx_word' id='word_1_373' title='bbox 795 3757 901 3822; x_wconf 78' lang='lat' dir='ltr'><strong>Verisa</strong></span> <span class='ocrx_word' id='word_1_374' title='bbox 928 3757 1097 3823; x_wconf 88' lang='lat' dir='ltr'><strong>lectiones.</strong></span> 
     </span>
    </p>
   </div>
   <div class='ocr_carea' id='block_1_9' title="bbox 111 3863 1792 4005">
    <p class='ocr_par' dir='ltr' id='par_1_9' title="bbox 111 3863 1792 4005">
     <span class='ocr_line' id='line_1_33' title="bbox 145 3863 1792 3936; baseline 0.002 -23"><span class='ocrx_word' id='word_1_375' title='bbox 145 3863 369 3915; x_wconf 75' lang='lat' dir='ltr'><strong>¹lletuendaest</strong></span> <span class='ocrx_word' id='word_1_376' title='bbox 386 3868 699 3930; x_wconf 74' lang='lat' dir='ltr'><strong>eaquae...prassantur</strong></span> <span class='ocrx_word' id='word_1_377' title='bbox 723 3865 930 3928; x_wconf 82' lang='lat' dir='ltr'><strong>Voss.l.1mpr.</strong></span> <span class='ocrx_word' id='word_1_378' title='bbox 964 3865 1031 3916; x_wconf 73' lang='lat' dir='ltr'><strong>¹lla</strong></span> <span class='ocrx_word' id='word_1_379' title='bbox 1047 3879 1132 3931; x_wconf 81' lang='lat' dir='ltr'><strong>quaa..</strong></span> <span class='ocrx_word' id='word_1_380' title='bbox 1164 3875 1325 3936; x_wconf 78' lang='lat' dir='ltr'><strong>grassantur</strong></span> <span class='ocrx_word' id='word_1_381' title='bbox 1343 3875 1420 3924; x_wconf 80' lang='lat' dir='ltr'><strong>Onon</strong></span> <span class='ocrx_word' id='word_1_382' title='bbox 1440 3887 1453 3923; x_wconf 84' lang='lat' dir='ltr'><strong>e</strong></span> <span class='ocrx_word' id='word_1_383' title='bbox 1470 3873 1501 3924; x_wconf 86' lang='lat' dir='ltr'><strong>io</strong></span> <span class='ocrx_word' id='word_1_384' title='bbox 1519 3871 1578 3922; x_wconf 85' lang='lat' dir='ltr'><strong>edd.</strong></span> <span class='ocrx_word' id='word_1_385' title='bbox 1599 3872 1686 3923; x_wconf 78' lang='lat' dir='ltr'><strong>Minus</strong></span> <span class='ocrx_word' id='word_1_386' title='bbox 1702 3869 1792 3936; x_wconf 79' lang='lat' dir='ltr'><strong>probat</strong></span> 
     </span>
     <span class='ocr_line' id='line_1_34' title="bbox 111 3933 846 4005; baseline 0.004 -21"><span class='ocrx_word' id='word_1_387' title='bbox 111 3936 180 3998; x_wconf 75' lang='lat' dir='ltr'><strong>lips.</strong></span> <span class='ocrx_word' id='word_1_388' title='bbox 215 3940 223 3966; x_wconf 80' lang='lat'>³</span> <span class='ocrx_word' id='word_1_389' title='bbox 239 3933 392 3984; x_wconf 77' lang='lat' dir='ltr'><strong>&#39;timendus</strong></span> <span class='ocrx_word' id='word_1_390' title='bbox 407 3935 503 3986; x_wconf 80' lang='lat' dir='ltr'><strong>salisb.</strong></span> <span class='ocrx_word' id='word_1_391' title='bbox 522 3935 584 3988; x_wconf 85' lang='lat' dir='ltr'><strong>liud.</strong></span> <span class='ocrx_word' id='word_1_392' title='bbox 602 3943 625 4004; x_wconf 78' lang='lat' dir='ltr'><strong>l,</strong></span> <span class='ocrx_word' id='word_1_393' title='bbox 638 3941 664 4005; x_wconf 69' lang='lat' dir='ltr'><strong>t,</strong></span> <span class='ocrx_word' id='word_1_394' title='bbox 674 3941 698 4003; x_wconf 86' lang='grc'><strong>3,</strong></span> <span class='ocrx_word' id='word_1_395' title='bbox 714 3941 846 3992; x_wconf 71' lang='lat' dir='ltr'><strong>eameram.</strong></span> 
     </span>
    </p>
   </div>
   <div class='ocr_carea' id='block_1_10' title="bbox 757 4049 1138 4132">
    <p class='ocr_par' dir='ltr' id='par_1_10' title="bbox 757 4049 1138 4132">
     <span class='ocr_line' id='line_1_35' title="bbox 757 4049 1138 4132; baseline -0.005 -18"><span class='ocrx_word' id='word_1_396' title='bbox 757 4049 869 4132; x_wconf 90' lang='lat' dir='ltr'><strong>Steph.</strong></span> <span class='ocrx_word' id='word_1_397' title='bbox 894 4049 1017 4114; x_wconf 88' lang='lat' dir='ltr'><strong>Baluzii</strong></span> <span class='ocrx_word' id='word_1_398' title='bbox 1038 4055 1138 4114; x_wconf 83' lang='lat' dir='ltr'><strong>notae.</strong></span> 
     </span>
    </p>
   </div>
   <div class='ocr_carea' id='block_1_11' title="bbox 110 4144 1798 5849">
    <p class='ocr_par' dir='ltr' id='par_1_11' title="bbox 112 4144 1795 4862">
     <span class='ocr_line' id='line_1_36' title="bbox 142 4144 1795 4221; baseline -0.004 -21"><span class='ocrx_word' id='word_1_399' title='bbox 142 4153 175 4212; x_wconf 81' lang='grc' dir='ltr'><strong>(ι)</strong></span> <span class='ocrx_word' id='word_1_400' title='bbox 190 4149 263 4202; x_wconf 88' lang='lat' dir='ltr'><strong>Cum</strong></span> <span class='ocrx_word' id='word_1_401' title='bbox 277 4150 306 4200; x_wconf 93' lang='lat' dir='ltr'><strong>ln</strong></span> <span class='ocrx_word' id='word_1_402' title='bbox 323 4151 446 4204; x_wconf 86' lang='lat' dir='ltr'><strong>editione</strong></span> <span class='ocrx_word' id='word_1_403' title='bbox 464 4154 619 4218; x_wconf 71' lang='lat' dir='ltr'><strong>anglicane</strong></span> <span class='ocrx_word' id='word_1_404' title='bbox 638 4157 771 4221; x_wconf 79' lang='lat' dir='ltr'><strong>praeclare</strong></span> <span class='ocrx_word' id='word_1_405' title='bbox 790 4161 932 4208; x_wconf 85' lang='lat' dir='ltr'><strong>ostensum</strong></span> <span class='ocrx_word' id='word_1_406' title='bbox 983 4157 1080 4208; x_wconf 85' lang='lat' dir='ltr'><strong>scribit</strong></span> <span class='ocrx_word' id='word_1_407' title='bbox 1105 4155 1175 4206; x_wconf 89' lang='lat' dir='ltr'><strong>nihil</strong></span> <span class='ocrx_word' id='word_1_408' title='bbox 1202 4167 1263 4206; x_wconf 88' lang='lat' dir='ltr'><strong>esse</strong></span> <span class='ocrx_word' id='word_1_409' title='bbox 1288 4151 1461 4205; x_wconf 87' lang='lat' dir='ltr'><strong>iormldshile</strong></span> <span class='ocrx_word' id='word_1_410' title='bbox 1487 4146 1728 4214; x_wconf 76' lang='lat' dir='ltr'><strong>praeoaventibus5</strong></span> <span class='ocrx_word' id='word_1_411' title='bbox 1748 4144 1795 4196; x_wconf 85' lang='lat' dir='ltr'><strong>Cl-</strong></span> 
     </span>
     <span class='ocr_line' id='line_1_37' title="bbox 112 4221 1795 4298; baseline -0.004 -26"><span class='ocrx_word' id='word_1_412' title='bbox 112 4223 149 4272; x_wconf 86' lang='lat' dir='ltr'><strong>sit</strong></span> <span class='ocrx_word' id='word_1_413' title='bbox 174 4225 201 4272; x_wconf 87' lang='lat' dir='ltr'><strong>et</strong></span> <span class='ocrx_word' id='word_1_414' title='bbox 221 4221 370 4286; x_wconf 87' lang='lat' dir='ltr'><strong>probatum</strong></span> <span class='ocrx_word' id='word_1_415' title='bbox 390 4237 487 4274; x_wconf 79' lang='lat' dir='ltr'><strong>rerum</strong></span> <span class='ocrx_word' id='word_1_416' title='bbox 508 4223 591 4290; x_wconf 80' lang='lat' dir='ltr'><strong>hujus</strong></span> <span class='ocrx_word' id='word_1_417' title='bbox 610 4227 673 4278; x_wconf 82' lang='lat' dir='ltr'><strong>libri</strong></span> <span class='ocrx_word' id='word_1_418' title='bbox 692 4229 803 4279; x_wconf 90' lang='lat' dir='ltr'><strong>titulum</strong></span> <span class='ocrx_word' id='word_1_419' title='bbox 820 4241 882 4279; x_wconf 90' lang='lat' dir='ltr'><strong>esse</strong></span> <span class='ocrx_word' id='word_1_420' title='bbox 902 4227 933 4279; x_wconf 86' lang='lat' dir='ltr'><strong>de</strong></span> <span class='ocrx_word' id='word_1_421' title='bbox 983 4240 1057 4290; x_wconf 87' lang='lat' dir='ltr'><strong>cero,</strong></span> <span class='ocrx_word' id='word_1_422' title='bbox 1084 4226 1132 4276; x_wconf 90' lang='lat' dir='ltr'><strong>llb.</strong></span> <span class='ocrx_word' id='word_1_423' title='bbox 1159 4239 1167 4275; x_wconf 89' lang='grc' dir='ltr'>ι</span> <span class='ocrx_word' id='word_1_424' title='bbox 1193 4225 1355 4288; x_wconf 74' lang='lat' dir='ltr'><strong>officiorum,</strong></span> <span class='ocrx_word' id='word_1_425' title='bbox 1382 4223 1485 4274; x_wconf 84' lang='lat' dir='ltr'><strong>lerlors</strong></span> <span class='ocrx_word' id='word_1_426' title='bbox 1512 4232 1572 4271; x_wconf 88' lang='lat' dir='ltr'><strong>esse</strong></span> <span class='ocrx_word' id='word_1_427' title='bbox 1601 4229 1665 4282; x_wconf 83' lang='lat' dir='ltr'><strong>qum</strong></span> <span class='ocrx_word' id='word_1_428' title='bbox 1696 4229 1795 4298; x_wconf 84' lang='lat' dir='ltr'><strong>repen·</strong></span> 
     </span>
     <span class='ocr_line' id='line_1_38' title="bbox 116 4285 1795 4363; baseline -0.004 -21"><span class='ocrx_word' id='word_1_429' title='bbox 116 4293 220 4342; x_wconf 82' lang='lat' dir='ltr'><strong>t&#39;niiate</strong></span> <span class='ocrx_word' id='word_1_430' title='bbox 245 4292 375 4355; x_wconf 73' lang='lat' dir='ltr'><strong>Ecclesia,</strong></span> <span class='ocrx_word' id='word_1_431' title='bbox 406 4295 447 4344; x_wconf 87' lang='lat' dir='ltr'><strong>ati</strong></span> <span class='ocrx_word' id='word_1_432' title='bbox 481 4295 582 4346; x_wconf 85' lang='lat' dir='ltr'><strong>citatur</strong></span> <span class='ocrx_word' id='word_1_433' title='bbox 607 4298 642 4349; x_wconf 86' lang='lat' dir='ltr'><strong>ab</strong></span> <span class='ocrx_word' id='word_1_434' title='bbox 672 4300 803 4363; x_wconf 89' lang='lat' dir='ltr'><strong>antiquie,</strong></span> <span class='ocrx_word' id='word_1_435' title='bbox 834 4303 862 4350; x_wconf 93' lang='lat' dir='ltr'><strong>et</strong></span> <span class='ocrx_word' id='word_1_436' title='bbox 891 4299 932 4350; x_wconf 90' lang='lat' dir='ltr'><strong>uti</strong></span> <span class='ocrx_word' id='word_1_437' title='bbox 982 4299 1040 4348; x_wconf 92' lang='lat' dir='ltr'><strong>tlno</strong></span> <span class='ocrx_word' id='word_1_438' title='bbox 1059 4297 1152 4362; x_wconf 91' lang='lat' dir='ltr'><strong>aliquo</strong></span> <span class='ocrx_word' id='word_1_439' title='bbox 1177 4295 1259 4347; x_wconf 89' lang='lat' dir='ltr'><strong>modo</strong></span> <span class='ocrx_word' id='word_1_440' title='bbox 1282 4294 1411 4348; x_wconf 89' lang='lat' dir='ltr'><strong>accidunt</strong></span> <span class='ocrx_word' id='word_1_441' title='bbox 1429 4305 1513 4358; x_wconf 88' lang='lat' dir='ltr'><strong>quam</strong></span> <span class='ocrx_word' id='word_1_442' title='bbox 1535 4301 1643 4354; x_wconf 80' lang='lat' dir='ltr'><strong>eaquae</strong></span> <span class='ocrx_word' id='word_1_443' title='bbox 1666 4285 1795 4339; x_wconf 81' lang='lat' dir='ltr'><strong>meditata</strong></span> 
     </span>
     <span class='ocr_line' id='line_1_39' title="bbox 113 4359 1795 4434; baseline -0.004 -22"><span class='ocrx_word' id='word_1_444' title='bbox 113 4365 265 4425; x_wconf 71' lang='lat' dir='ltr'><strong>praeierunt</strong></span> <span class='ocrx_word' id='word_1_445' title='bbox 286 4377 385 4416; x_wconf 89' lang='lat' dir='ltr'><strong>omnes</strong></span> <span class='ocrx_word' id='word_1_446' title='bbox 405 4365 462 4417; x_wconf 89' lang='lat' dir='ltr'><strong>iere</strong></span> <span class='ocrx_word' id='word_1_447' title='bbox 484 4370 593 4418; x_wconf 80' lang='lat' dir='ltr'><strong>veteres</strong></span> <span class='ocrx_word' id='word_1_448' title='bbox 616 4368 693 4429; x_wconf 91' lang='lat' dir='ltr'><strong>llbri,</strong></span> <span class='ocrx_word' id='word_1_449' title='bbox 711 4370 794 4420; x_wconf 88' lang='lat' dir='ltr'><strong>etlam</strong></span> <span class='ocrx_word' id='word_1_450' title='bbox 816 4368 932 4434; x_wconf 74' lang='lat' dir='ltr'><strong>Ssguis-</strong></span> <span class='ocrx_word' id='word_1_451' title='bbox 983 4373 1011 4420; x_wconf 90' lang='lat' dir='ltr'><strong>st</strong></span> <span class='ocrx_word' id='word_1_452' title='bbox 1032 4370 1182 4432; x_wconf 82' lang='lat' dir='ltr'><strong>praeparate</strong></span> <span class='ocrx_word' id='word_1_453' title='bbox 1207 4368 1371 4418; x_wconf 83' lang='lat' dir='ltr'><strong>interantur.</strong></span> <span class='ocrx_word' id='word_1_454' title='bbox 1397 4365 1432 4416; x_wconf 80' lang='lat' dir='ltr'><strong>itt</strong></span> <span class='ocrx_word' id='word_1_455' title='bbox 1457 4363 1505 4416; x_wconf 88' lang='lat' dir='ltr'><strong>lib.</strong></span> <span class='ocrx_word' id='word_1_456' title='bbox 1531 4375 1560 4413; x_wconf 91' lang='grc' dir='ltr'><strong>ιιι</strong></span> <span class='ocrx_word' id='word_1_457' title='bbox 1585 4359 1795 4411; x_wconf 85' lang='lat' dir='ltr'><strong>Tusculanorum</strong></span> 
     </span>
     <span class='ocr_line' id='line_1_40' title="bbox 113 4429 1795 4541; baseline -0.001 -59"><span class='ocrx_word' id='word_1_458' title='bbox 113 4435 219 4492; x_wconf 85' lang='lat' dir='ltr'><strong>rianus,</strong></span> <span class='ocrx_word' id='word_1_459' title='bbox 247 4447 309 4484; x_wconf 88' lang='lat' dir='ltr'><strong>eam</strong></span> <span class='ocrx_word' id='word_1_460' title='bbox 338 4437 518 4497; x_wconf 84' lang='lat' dir='ltr'><strong>sententiam,</strong></span> <span class='ocrx_word' id='word_1_461' title='bbox 550 4451 615 4503; x_wconf 82' lang='lat' dir='ltr'><strong>quse</strong></span> <span class='ocrx_word' id='word_1_462' title='bbox 641 4439 709 4494; x_wconf 87' lang='lat' dir='ltr'><strong>mihi</strong></span> <span class='ocrx_word' id='word_1_463' title='bbox 735 4437 843 4490; x_wconf 84' lang='lat' dir='ltr'><strong>videtur</strong></span> <span class='ocrx_word' id='word_1_464' title='bbox 871 4452 969 4541; x_wconf 67' lang='lat' dir='ltr'><strong>essee</strong></span> <span class='ocrx_word' id='word_1_465' title='bbox 983 4439 1296 4502; x_wconf 77' lang='lat' dir='ltr'><strong>Quaslionum:olirgo</strong></span> <span class='ocrx_word' id='word_1_466' title='bbox 1308 4438 1336 4488; x_wconf 91' lang='lat' dir='ltr'><strong>id</strong></span> <span class='ocrx_word' id='word_1_467' title='bbox 1346 4435 1459 4502; x_wconf 92' lang='lat' dir='ltr'><strong>quidem</strong></span> <span class='ocrx_word' id='word_1_468' title='bbox 1471 4447 1527 4485; x_wconf 93' lang='lat' dir='ltr'><strong>non</strong></span> <span class='ocrx_word' id='word_1_469' title='bbox 1542 4431 1711 4484; x_wconf 89' lang='lat' dir='ltr'><strong>estdubium</strong></span> <span class='ocrx_word' id='word_1_470' title='bbox 1727 4429 1795 4495; x_wconf 89' lang='lat' dir='ltr'><strong>quin</strong></span> 
     </span>
     <span class='ocr_line' id='line_1_41' title="bbox 113 4502 1794 4575; baseline -0.001 -24"><span class='ocrx_word' id='word_1_471' title='bbox 113 4505 228 4568; x_wconf 84' lang='lat' dir='ltr'><strong>optima,</strong></span> <span class='ocrx_word' id='word_1_472' title='bbox 248 4505 328 4568; x_wconf 89' lang='lat' dir='ltr'><strong>sequi</strong></span> <span class='ocrx_word' id='word_1_473' title='bbox 350 4505 464 4569; x_wconf 83' lang='lat' dir='ltr'><strong>placuit.</strong></span> <span class='ocrx_word' id='word_1_474' title='bbox 486 4507 558 4559; x_wconf 91' lang='lat' dir='ltr'><strong>lllud</strong></span> <span class='ocrx_word' id='word_1_475' title='bbox 582 4513 688 4560; x_wconf 87' lang='lat' dir='ltr'><strong>tanturn</strong></span> <span class='ocrx_word' id='word_1_476' title='bbox 711 4509 821 4574; x_wconf 88' lang='lat' dir='ltr'><strong>addam,</strong></span> <span class='ocrx_word' id='word_1_477' title='bbox 844 4510 931 4561; x_wconf 84' lang='lat' dir='ltr'><strong>Fran·</strong></span> <span class='ocrx_word' id='word_1_478' title='bbox 982 4511 1074 4560; x_wconf 90' lang='lat' dir='ltr'><strong>omnis</strong></span> <span class='ocrx_word' id='word_1_479' title='bbox 1086 4522 1150 4575; x_wconf 81' lang='lat' dir='ltr'><strong>qum</strong></span> <span class='ocrx_word' id='word_1_480' title='bbox 1162 4511 1234 4561; x_wconf 88' lang='lat' dir='ltr'><strong>mels</strong></span> <span class='ocrx_word' id='word_1_481' title='bbox 1246 4511 1379 4574; x_wconf 86' lang='lat' dir='ltr'><strong>putantur</strong></span> <span class='ocrx_word' id='word_1_482' title='bbox 1391 4509 1446 4557; x_wconf 88' lang='lat' dir='ltr'><strong>sint</strong></span> <span class='ocrx_word' id='word_1_483' title='bbox 1458 4505 1613 4570; x_wconf 83' lang='lat' dir='ltr'><strong>impraevisa</strong></span> <span class='ocrx_word' id='word_1_484' title='bbox 1632 4502 1794 4568; x_wconf 72' lang='lat' dir='ltr'><strong>graviora.»</strong></span> 
     </span>
     <span class='ocr_line' id='line_1_42' title="bbox 113 4573 1794 4643; baseline -0.001 -19"><span class='ocrx_word' id='word_1_485' title='bbox 113 4577 221 4625; x_wconf 81' lang='lat' dir='ltr'><strong>cissam</strong></span> <span class='ocrx_word' id='word_1_486' title='bbox 248 4573 417 4626; x_wconf 89' lang='lat' dir='ltr'><strong>Balduinum</strong></span> <span class='ocrx_word' id='word_1_487' title='bbox 443 4578 471 4626; x_wconf 90' lang='lat' dir='ltr'><strong>in</strong></span> <span class='ocrx_word' id='word_1_488' title='bbox 500 4578 625 4642; x_wconf 82' lang='lat' dir='ltr'><strong>Epistola</strong></span> <span class='ocrx_word' id='word_1_489' title='bbox 649 4581 685 4631; x_wconf 91' lang='lat' dir='ltr'><strong>od</strong></span> <span class='ocrx_word' id='word_1_490' title='bbox 708 4583 851 4632; x_wconf 83' lang='lat' dir='ltr'><strong>turonium</strong></span> <span class='ocrx_word' id='word_1_491' title='bbox 873 4582 932 4632; x_wconf 84' lang='lat' dir='ltr'><strong>sive</strong></span> <span class='ocrx_word' id='word_1_492' title='bbox 982 4581 1113 4643; x_wconf 80' lang='lat' dir='ltr'><strong>Rufinus,</strong></span> <span class='ocrx_word' id='word_1_493' title='bbox 1134 4583 1163 4632; x_wconf 85' lang='lat' dir='ltr'><strong>in</strong></span> <span class='ocrx_word' id='word_1_494' title='bbox 1181 4580 1251 4632; x_wconf 83' lang='lat' dir='ltr'><strong>Psoi.</strong></span> <span class='ocrx_word' id='word_1_495' title='bbox 1276 4591 1382 4630; x_wconf 73' lang='lat' dir='ltr'><strong>savz«</strong></span> <span class='ocrx_word' id='word_1_496' title='bbox 1403 4578 1521 4630; x_wconf 83' lang='lat' dir='ltr'><strong>Gravius</strong></span> <span class='ocrx_word' id='word_1_497' title='bbox 1542 4574 1794 4636; x_wconf 78' lang='lat' dir='ltr'><strong>renuntiataque</strong></span> 
     </span>
     <span class='ocr_line' id='line_1_43' title="bbox 113 4641 1762 4720; baseline -0.002 -26"><span class='ocrx_word' id='word_1_498' title='bbox 113 4645 255 4696; x_wconf 71' lang='lat' dir='ltr'><strong>Calvinum</strong></span> <span class='ocrx_word' id='word_1_499' title='bbox 272 4645 388 4710; x_wconf 81' lang='lat' dir='ltr'><strong>proeilxa</strong></span> <span class='ocrx_word' id='word_1_500' title='bbox 409 4649 470 4711; x_wconf 78' lang='lat' dir='ltr'><strong>eJus</strong></span> <span class='ocrx_word' id='word_1_501' title='bbox 491 4649 726 4702; x_wconf 68' lang='lat' dir='ltr'><strong>adnotationibus</strong></span> <span class='ocrx_word' id='word_1_502' title='bbox 747 4653 775 4701; x_wconf 91' lang='lat' dir='ltr'><strong>ln</strong></span> <span class='ocrx_word' id='word_1_503' title='bbox 800 4651 932 4716; x_wconf 84' lang='lat' dir='ltr'><strong>Optatam</strong></span> <span class='ocrx_word' id='word_1_504' title='bbox 983 4653 1101 4717; x_wconf 73' lang='lat' dir='ltr'><strong>praevisa</strong></span> <span class='ocrx_word' id='word_1_505' title='bbox 1115 4665 1171 4702; x_wconf 92' lang='lat' dir='ltr'><strong>non</strong></span> <span class='ocrx_word' id='word_1_506' title='bbox 1186 4655 1259 4701; x_wconf 87' lang='lat' dir='ltr'><strong>sunl.</strong></span> <span class='ocrx_word' id='word_1_507' title='bbox 1274 4669 1287 4695; x_wconf 66' lang='grc' dir='ltr'>ι</span> <span class='ocrx_word' id='word_1_508' title='bbox 1301 4649 1371 4700; x_wconf 88' lang='lat' dir='ltr'><strong>Vlde</strong></span> <span class='ocrx_word' id='word_1_509' title='bbox 1386 4648 1488 4698; x_wconf 91' lang='lat' dir='ltr'><strong>librum</strong></span> <span class='ocrx_word' id='word_1_510' title='bbox 1503 4645 1536 4696; x_wconf 88' lang='lat' dir='ltr'><strong>de</strong></span> <span class='ocrx_word' id='word_1_511' title='bbox 1552 4641 1762 4720; x_wconf 69' lang='lat' dir='ltr'><strong>domesticare.</strong></span> 
     </span>
     <span class='ocr_line' id='line_1_44' title="bbox 113 4713 1793 4792; baseline -0.003 -26"><span class='ocrx_word' id='word_1_512' title='bbox 113 4718 269 4778; x_wconf 74' lang='lat' dir='ltr'><strong>testones,</strong></span> <span class='ocrx_word' id='word_1_513' title='bbox 291 4717 358 4768; x_wconf 91' lang='lat' dir='ltr'><strong>dum</strong></span> <span class='ocrx_word' id='word_1_514' title='bbox 382 4717 505 4770; x_wconf 87' lang='lat' dir='ltr'><strong>Tridenli</strong></span> <span class='ocrx_word' id='word_1_515' title='bbox 530 4726 613 4782; x_wconf 88' lang='lat' dir='ltr'><strong>esset,</strong></span> <span class='ocrx_word' id='word_1_516' title='bbox 630 4721 659 4772; x_wconf 90' lang='lat' dir='ltr'><strong>id</strong></span> <span class='ocrx_word' id='word_1_517' title='bbox 676 4724 767 4786; x_wconf 89' lang='lat' dir='ltr'><strong>ipsam</strong></span> <span class='ocrx_word' id='word_1_518' title='bbox 781 4724 883 4788; x_wconf 77' lang='lat' dir='ltr'><strong>legisse</strong></span> <span class='ocrx_word' id='word_1_519' title='bbox 903 4725 932 4773; x_wconf 92' lang='lat' dir='ltr'><strong>in</strong></span> <span class='ocrx_word' id='word_1_520' title='bbox 1013 4725 1048 4786; x_wconf 87' lang='lat' dir='ltr'><strong>(l)</strong></span> <span class='ocrx_word' id='word_1_521' title='bbox 1070 4721 1221 4785; x_wconf 71' lang='lat' dir='ltr'><strong>Marciissta.</strong></span> <span class='ocrx_word' id='word_1_522' title='bbox 1250 4719 1392 4771; x_wconf 80' lang='lat' dir='ltr'><strong>Manutius</strong></span> <span class='ocrx_word' id='word_1_523' title='bbox 1417 4717 1511 4780; x_wconf 91' lang='lat' dir='ltr'><strong>posuit</strong></span> <span class='ocrx_word' id='word_1_524' title='bbox 1534 4713 1724 4792; x_wconf 67' lang='grc' dir='ltr'><strong>ιιιιιιιιγιιιιιιιἸ</strong></span> <span class='ocrx_word' id='word_1_525' title='bbox 1740 4722 1793 4761; x_wconf 89' lang='lat' dir='ltr'><strong>ne-</strong></span> 
     </span>
     <span class='ocr_line' id='line_1_45' title="bbox 112 4780 1795 4862; baseline -0.006 -22"><span class='ocrx_word' id='word_1_526' title='bbox 112 4789 209 4840; x_wconf 89' lang='lat' dir='ltr'><strong>codice</strong></span> <span class='ocrx_word' id='word_1_527' title='bbox 225 4790 315 4852; x_wconf 80' lang='lat' dir='ltr'><strong>Apulo</strong></span> <span class='ocrx_word' id='word_1_528' title='bbox 330 4790 447 4840; x_wconf 76' lang='lat' dir='ltr'><strong>Antonii</strong></span> <span class='ocrx_word' id='word_1_529' title='bbox 465 4792 624 4854; x_wconf 80' lang='lat' dir='ltr'><strong>Augustini.</strong></span> <span class='ocrx_word' id='word_1_530' title='bbox 981 4795 1039 4844; x_wconf 88' lang='lat' dir='ltr'><strong>scio</strong></span> <span class='ocrx_word' id='word_1_531' title='bbox 1071 4805 1127 4857; x_wconf 87' lang='lat' dir='ltr'><strong>qua</strong></span> <span class='ocrx_word' id='word_1_532' title='bbox 1156 4791 1328 4843; x_wconf 86' lang='lat' dir='ltr'><strong>auctoritate.</strong></span> <span class='ocrx_word' id='word_1_533' title='bbox 1359 4787 1426 4838; x_wconf 88' lang='lat' dir='ltr'><strong>Nam</strong></span> <span class='ocrx_word' id='word_1_534' title='bbox 1460 4789 1487 4836; x_wconf 90' lang='lat' dir='ltr'><strong>et</strong></span> <span class='ocrx_word' id='word_1_535' title='bbox 1523 4787 1631 4834; x_wconf 81' lang='lat' dir='ltr'><strong>veteres</strong></span> <span class='ocrx_word' id='word_1_536' title='bbox 1660 4780 1795 4862; x_wconf 81' lang='lat' dir='ltr'><strong>editiones</strong></span> 
     </span>
    </p>

    <p class='ocr_par' dir='ltr' id='par_1_12' title="bbox 110 4853 1798 5776">
     <span class='ocr_line' id='line_1_46' title="bbox 143 4853 1794 4923; baseline -0.005 -13"><span class='ocrx_word' id='word_1_537' title='bbox 143 4861 176 4921; x_wconf 72' lang='grc' dir='ltr'><strong>(Ξ)</strong></span> <span class='ocrx_word' id='word_1_538' title='bbox 198 4859 348 4910; x_wconf 75' lang='lat' dir='ltr'><strong>arcuimus.</strong></span> <span class='ocrx_word' id='word_1_539' title='bbox 372 4859 412 4910; x_wconf 90' lang='lat' dir='ltr'><strong>lla</strong></span> <span class='ocrx_word' id='word_1_540' title='bbox 436 4859 585 4914; x_wconf 90' lang='lat' dir='ltr'><strong>duodecim</strong></span> <span class='ocrx_word' id='word_1_541' title='bbox 618 4863 680 4914; x_wconf 89' lang='lat' dir='ltr'><strong>libri</strong></span> <span class='ocrx_word' id='word_1_542' title='bbox 702 4865 788 4914; x_wconf 86' lang='lat' dir='ltr'><strong>nostri</strong></span> <span class='ocrx_word' id='word_1_543' title='bbox 811 4867 839 4914; x_wconf 93' lang='lat' dir='ltr'><strong>et</strong></span> <span class='ocrx_word' id='word_1_544' title='bbox 858 4877 933 4915; x_wconf 91' lang='lat' dir='ltr'><strong>unus</strong></span> <span class='ocrx_word' id='word_1_545' title='bbox 982 4867 1010 4915; x_wconf 88' lang='lat' dir='ltr'><strong>et</strong></span> <span class='ocrx_word' id='word_1_546' title='bbox 1029 4876 1082 4914; x_wconf 84' lang='lat' dir='ltr'><strong>xxr</strong></span> <span class='ocrx_word' id='word_1_547' title='bbox 1108 4863 1171 4913; x_wconf 86' lang='lat' dir='ltr'><strong>libri</strong></span> <span class='ocrx_word' id='word_1_548' title='bbox 1197 4863 1293 4922; x_wconf 85' lang='lat' dir='ltr'><strong>nostri,</strong></span> <span class='ocrx_word' id='word_1_549' title='bbox 1319 4861 1347 4910; x_wconf 91' lang='lat' dir='ltr'><strong>in</strong></span> <span class='ocrx_word' id='word_1_550' title='bbox 1371 4856 1473 4923; x_wconf 90' lang='lat' dir='ltr'><strong>quibus</strong></span> <span class='ocrx_word' id='word_1_551' title='bbox 1496 4855 1609 4906; x_wconf 87' lang='lat' dir='ltr'><strong>nomino</strong></span> <span class='ocrx_word' id='word_1_552' title='bbox 1635 4853 1794 4917; x_wconf 73' lang='lat' dir='ltr'><strong>segniens-</strong></span> 
     </span>
     <span class='ocr_line' id='line_1_47' title="bbox 113 4923 1795 4998; baseline -0.003 -20"><span class='ocrx_word' id='word_1_553' title='bbox 113 4931 275 4980; x_wconf 77' lang='lat' dir='ltr'><strong>vossisnns</strong></span> <span class='ocrx_word' id='word_1_554' title='bbox 294 4929 365 4992; x_wconf 78' lang='lat' dir='ltr'><strong>Quas</strong></span> <span class='ocrx_word' id='word_1_555' title='bbox 386 4943 456 4982; x_wconf 88' lang='lat' dir='ltr'><strong>sene</strong></span> <span class='ocrx_word' id='word_1_556' title='bbox 477 4932 559 4983; x_wconf 89' lang='lat' dir='ltr'><strong>lectio</strong></span> <span class='ocrx_word' id='word_1_557' title='bbox 580 4933 678 4984; x_wconf 90' lang='lat' dir='ltr'><strong>melior</strong></span> <span class='ocrx_word' id='word_1_558' title='bbox 700 4937 743 4984; x_wconf 88' lang='lat' dir='ltr'><strong>est</strong></span> <span class='ocrx_word' id='word_1_559' title='bbox 767 4947 851 4998; x_wconf 75' lang='grc' dir='ltr'>ιιιιιιιι</span> <span class='ocrx_word' id='word_1_560' title='bbox 873 4935 927 4985; x_wconf 87' lang='lat' dir='ltr'><strong>alie</strong></span> <span class='ocrx_word' id='word_1_561' title='bbox 982 4946 1059 4996; x_wconf 89' lang='lat' dir='ltr'><strong>num,</strong></span> <span class='ocrx_word' id='word_1_562' title='bbox 1077 4938 1105 4984; x_wconf 89' lang='lat' dir='ltr'><strong>et</strong></span> <span class='ocrx_word' id='word_1_563' title='bbox 1128 4937 1190 4986; x_wconf 90' lang='lat' dir='ltr'><strong>octo</strong></span> <span class='ocrx_word' id='word_1_564' title='bbox 1216 4929 1363 4996; x_wconf 71' lang='lat' dir='ltr'><strong>anglicani</strong></span> <span class='ocrx_word' id='word_1_565' title='bbox 1388 4929 1538 4994; x_wconf 84' lang='lat' dir='ltr'><strong>praeierunt</strong></span> <span class='ocrx_word' id='word_1_566' title='bbox 1563 4925 1714 4989; x_wconf 71' lang='lat' dir='ltr'><strong>manifesto.</strong></span> <span class='ocrx_word' id='word_1_567' title='bbox 1736 4923 1795 4986; x_wconf 79' lang='lat' dir='ltr'><strong>ligo</strong></span> 
     </span>
     <span class='ocr_line' id='line_1_48' title="bbox 112 4997 1796 5069; baseline -0.003 -17"><span class='ocrx_word' id='word_1_568' title='bbox 112 5015 174 5066; x_wconf 76' lang='lat' dir='ltr'><strong>qua</strong></span> <span class='ocrx_word' id='word_1_569' title='bbox 202 5001 288 5052; x_wconf 88' lang='lat' dir='ltr'><strong>babet</strong></span> <span class='ocrx_word' id='word_1_570' title='bbox 316 5003 462 5052; x_wconf 82' lang='lat' dir='ltr'><strong>induimur.</strong></span> <span class='ocrx_word' id='word_1_571' title='bbox 490 5004 574 5066; x_wconf 87' lang='lat' dir='ltr'><strong>inira,</strong></span> <span class='ocrx_word' id='word_1_572' title='bbox 602 5006 630 5055; x_wconf 90' lang='lat' dir='ltr'><strong>ln</strong></span> <span class='ocrx_word' id='word_1_573' title='bbox 660 5005 714 5056; x_wconf 90' lang='lat' dir='ltr'><strong>boc</strong></span> <span class='ocrx_word' id='word_1_574' title='bbox 740 5007 800 5069; x_wconf 87' lang='lat' dir='ltr'><strong>ipso</strong></span> <span class='ocrx_word' id='word_1_575' title='bbox 828 5004 899 5055; x_wconf 90' lang='lat' dir='ltr'><strong>libro</strong></span> <span class='ocrx_word' id='word_1_576' title='bbox 925 5022 929 5054; x_wconf 93' lang='lat'>:</span> <span class='ocrx_word' id='word_1_577' title='bbox 982 5017 1048 5056; x_wconf 87' lang='lat' dir='ltr'><strong>vero</strong></span> <span class='ocrx_word' id='word_1_578' title='bbox 1063 5004 1183 5056; x_wconf 86' lang='lat' dir='ltr'><strong>arbitror</strong></span> <span class='ocrx_word' id='word_1_579' title='bbox 1200 5019 1261 5056; x_wconf 84' lang='lat' dir='ltr'><strong>eam</strong></span> <span class='ocrx_word' id='word_1_580' title='bbox 1283 5003 1431 5055; x_wconf 89' lang='lat' dir='ltr'><strong>lectionem</strong></span> <span class='ocrx_word' id='word_1_581' title='bbox 1455 5013 1516 5052; x_wconf 88' lang='lat' dir='ltr'><strong>esse</strong></span> <span class='ocrx_word' id='word_1_582' title='bbox 1536 4997 1688 5050; x_wconf 89' lang='lat' dir='ltr'><strong>meliorem.</strong></span> <span class='ocrx_word' id='word_1_583' title='bbox 1709 4997 1796 5048; x_wconf 87' lang='lat' dir='ltr'><strong>Panlo</strong></span> 
     </span>
     <span class='ocr_line' id='line_1_49' title="bbox 115 5068 1795 5140; baseline -0.002 -17"><span class='ocrx_word' id='word_1_584' title='bbox 115 5073 212 5124; x_wconf 77' lang='lat' dir='ltr'><strong>Tunica</strong></span> <span class='ocrx_word' id='word_1_585' title='bbox 239 5085 356 5123; x_wconf 81' lang='lat' dir='ltr'><strong>waneao</strong></span> <span class='ocrx_word' id='word_1_586' title='bbox 387 5075 500 5124; x_wconf 87' lang='lat' dir='ltr'><strong>ostendii</strong></span> <span class='ocrx_word' id='word_1_587' title='bbox 530 5075 623 5138; x_wconf 89' lang='lat' dir='ltr'><strong>populi</strong></span> <span class='ocrx_word' id='word_1_588' title='bbox 654 5077 748 5137; x_wconf 70' lang='lat' dir='ltr'><strong>mosim,</strong></span> <span class='ocrx_word' id='word_1_589' title='bbox 778 5075 825 5140; x_wconf 90' lang='lat' dir='ltr'><strong>qui</strong></span> <span class='ocrx_word' id='word_1_590' title='bbox 847 5075 933 5126; x_wconf 72' lang='lat' dir='ltr'><strong>Cleric-</strong></span> <span class='ocrx_word' id='word_1_591' title='bbox 982 5078 1044 5136; x_wconf 90' lang='lat' dir='ltr'><strong>post</strong></span> <span class='ocrx_word' id='word_1_592' title='bbox 1058 5074 1177 5138; x_wconf 80' lang='lat' dir='ltr'><strong>legitur:</strong></span> <span class='ocrx_word' id='word_1_593' title='bbox 1196 5091 1210 5120; x_wconf 81' lang='grc' dir='ltr'>ι</span> <span class='ocrx_word' id='word_1_594' title='bbox 1223 5072 1356 5124; x_wconf 86' lang='lat' dir='ltr'><strong>Cavenda</strong></span> <span class='ocrx_word' id='word_1_595' title='bbox 1370 5074 1434 5122; x_wconf 90' lang='lat' dir='ltr'><strong>sunt</strong></span> <span class='ocrx_word' id='word_1_596' title='bbox 1448 5075 1612 5122; x_wconf 86' lang='lat' dir='ltr'><strong>autemnon</strong></span> <span class='ocrx_word' id='word_1_597' title='bbox 1626 5068 1718 5120; x_wconf 90' lang='lat' dir='ltr'><strong>solum</strong></span> <span class='ocrx_word' id='word_1_598' title='bbox 1732 5081 1795 5133; x_wconf 80' lang='lat' dir='ltr'><strong>qnae</strong></span> 
     </span>
     <span class='ocr_line' id='line_1_50' title="bbox 111 5143 1348 5210; baseline -0.001 -18"><span class='ocrx_word' id='word_1_599' title='bbox 111 5151 166 5192; x_wconf 86' lang='lat' dir='ltr'><strong>ium</strong></span> <span class='ocrx_word' id='word_1_600' title='bbox 197 5143 343 5202; x_wconf 77' lang='lat' dir='ltr'><strong>induimus,</strong></span> <span class='ocrx_word' id='word_1_601' title='bbox 372 5145 538 5194; x_wconf 88' lang='lat' dir='ltr'><strong>concordiam</strong></span> <span class='ocrx_word' id='word_1_602' title='bbox 569 5145 780 5196; x_wconf 73' lang='lat' dir='ltr'><strong>coherentem.»</strong></span> <span class='ocrx_word' id='word_1_603' title='bbox 809 5145 857 5197; x_wconf 88' lang='lat' dir='ltr'><strong>Sta</strong></span> <span class='ocrx_word' id='word_1_604' title='bbox 883 5159 932 5210; x_wconf 93' lang='lat' dir='ltr'><strong>pro</strong></span> <span class='ocrx_word' id='word_1_605' title='bbox 982 5147 1152 5207; x_wconf 86' lang='lat' dir='ltr'><strong>euntaperte</strong></span> <span class='ocrx_word' id='word_1_606' title='bbox 1168 5145 1348 5194; x_wconf 82' lang='lat' dir='ltr'><strong>manifesta.»</strong></span> 
     </span>
     <span class='ocr_line' id='line_1_51' title="bbox 111 5211 1796 5280; baseline -0.001 -16"><span class='ocrx_word' id='word_1_607' title='bbox 111 5229 143 5264; x_wconf 85' lang='lat' dir='ltr'><strong>so</strong></span> <span class='ocrx_word' id='word_1_608' title='bbox 168 5213 245 5278; x_wconf 92' lang='lat' dir='ltr'><strong>quod</strong></span> <span class='ocrx_word' id='word_1_609' title='bbox 270 5215 298 5264; x_wconf 90' lang='lat' dir='ltr'><strong>in</strong></span> <span class='ocrx_word' id='word_1_610' title='bbox 327 5216 411 5266; x_wconf 87' lang='lat' dir='ltr'><strong>reteri</strong></span> <span class='ocrx_word' id='word_1_611' title='bbox 436 5217 662 5280; x_wconf 88' lang='lat' dir='ltr'><strong>interpretatione</strong></span> <span class='ocrx_word' id='word_1_612' title='bbox 681 5217 778 5268; x_wconf 81' lang='lat' dir='ltr'><strong>lrenael</strong></span> <span class='ocrx_word' id='word_1_613' title='bbox 801 5217 830 5266; x_wconf 91' lang='lat' dir='ltr'><strong>in</strong></span> <span class='ocrx_word' id='word_1_614' title='bbox 858 5229 933 5280; x_wconf 81' lang='lat' dir='ltr'><strong>prae-</strong></span> <span class='ocrx_word' id='word_1_615' title='bbox 1015 5217 1046 5277; x_wconf 70' lang='grc' dir='ltr'><strong>(δ)</strong></span> <span class='ocrx_word' id='word_1_616' title='bbox 1066 5214 1216 5278; x_wconf 73' lang='lat' dir='ltr'><strong>Confitetur.</strong></span> <span class='ocrx_word' id='word_1_617' title='bbox 1233 5215 1273 5264; x_wconf 88' lang='lat' dir='ltr'><strong>lte</strong></span> <span class='ocrx_word' id='word_1_618' title='bbox 1290 5227 1387 5266; x_wconf 88' lang='lat' dir='ltr'><strong>omnes</strong></span> <span class='ocrx_word' id='word_1_619' title='bbox 1407 5213 1542 5265; x_wconf 89' lang='lat' dir='ltr'><strong>editiones</strong></span> <span class='ocrx_word' id='word_1_620' title='bbox 1564 5211 1722 5262; x_wconf 86' lang='lat' dir='ltr'><strong>Psmellena</strong></span> <span class='ocrx_word' id='word_1_621' title='bbox 1743 5225 1796 5262; x_wconf 86' lang='lat' dir='ltr'><strong>an-</strong></span> 
     </span>
     <span class='ocr_line' id='line_1_52' title="bbox 110 5283 1796 5350; baseline 0 -18"><span class='ocrx_word' id='word_1_622' title='bbox 110 5284 215 5336; x_wconf 86' lang='lat' dir='ltr'><strong>ialiooe</strong></span> <span class='ocrx_word' id='word_1_623' title='bbox 242 5283 308 5335; x_wconf 90' lang='lat' dir='ltr'><strong>libri</strong></span> <span class='ocrx_word' id='word_1_624' title='bbox 335 5284 416 5348; x_wconf 90' lang='lat' dir='ltr'><strong>primi</strong></span> <span class='ocrx_word' id='word_1_625' title='bbox 442 5286 587 5350; x_wconf 75' lang='lat' dir='ltr'><strong>legebatur</strong></span> <span class='ocrx_word' id='word_1_626' title='bbox 618 5293 646 5339; x_wconf 91' lang='lat' dir='ltr'><strong>et</strong></span> <span class='ocrx_word' id='word_1_627' title='bbox 677 5305 690 5334; x_wconf 78' lang='grc' dir='ltr'>ι</span> <span class='ocrx_word' id='word_1_628' title='bbox 727 5288 756 5338; x_wconf 90' lang='lat' dir='ltr'><strong>in</strong></span> <span class='ocrx_word' id='word_1_629' title='bbox 787 5286 932 5338; x_wconf 86' lang='lat' dir='ltr'><strong>barborum</strong></span> <span class='ocrx_word' id='word_1_630' title='bbox 982 5285 1125 5350; x_wconf 88' lang='lat' dir='ltr'><strong>tiqaiores,</strong></span> <span class='ocrx_word' id='word_1_631' title='bbox 1141 5285 1238 5350; x_wconf 76' lang='lat' dir='ltr'><strong>viginti</strong></span> <span class='ocrx_word' id='word_1_632' title='bbox 1258 5297 1307 5336; x_wconf 86' lang='lat' dir='ltr'><strong>sex</strong></span> <span class='ocrx_word' id='word_1_633' title='bbox 1324 5285 1490 5350; x_wconf 85' lang='lat' dir='ltr'><strong>exemplaria</strong></span> <span class='ocrx_word' id='word_1_634' title='bbox 1506 5287 1608 5344; x_wconf 67' lang='lat' dir='ltr'><strong>nostra</strong></span> <span class='ocrx_word' id='word_1_635' title='bbox 1627 5286 1655 5334; x_wconf 91' lang='lat' dir='ltr'><strong>et</strong></span> <span class='ocrx_word' id='word_1_636' title='bbox 1671 5283 1796 5347; x_wconf 88' lang='lat' dir='ltr'><strong>quinque</strong></span> 
     </span>
     <span class='ocr_line' id='line_1_53' title="bbox 110 5353 1798 5423; baseline -0.001 -19"><span class='ocrx_word' id='word_1_637' title='bbox 110 5367 256 5406; x_wconf 67' lang='lat' dir='ltr'><strong>armonem</strong></span> <span class='ocrx_word' id='word_1_638' title='bbox 281 5354 437 5420; x_wconf 86' lang='lat' dir='ltr'><strong>plerumque</strong></span> <span class='ocrx_word' id='word_1_639' title='bbox 461 5370 601 5420; x_wconf 85' lang='lat' dir='ltr'><strong>vocamur,</strong></span> <span class='ocrx_word' id='word_1_640' title='bbox 628 5377 643 5404; x_wconf 90' lang='lat'>»</span> <span class='ocrx_word' id='word_1_641' title='bbox 664 5372 724 5423; x_wconf 84' lang='lat' dir='ltr'><strong>quse</strong></span> <span class='ocrx_word' id='word_1_642' title='bbox 751 5359 834 5411; x_wconf 90' lang='lat' dir='ltr'><strong>lectlo</strong></span> <span class='ocrx_word' id='word_1_643' title='bbox 856 5361 932 5410; x_wconf 89' lang='lat' dir='ltr'><strong>certe</strong></span> <span class='ocrx_word' id='word_1_644' title='bbox 981 5355 1146 5419; x_wconf 78' lang='lat' dir='ltr'><strong>Angllcsna.</strong></span> <span class='ocrx_word' id='word_1_645' title='bbox 1167 5355 1307 5407; x_wconf 87' lang='lat' dir='ltr'><strong>Psmelius</strong></span> <span class='ocrx_word' id='word_1_646' title='bbox 1324 5370 1358 5406; x_wconf 89' lang='lat' dir='ltr'><strong>ex</strong></span> <span class='ocrx_word' id='word_1_647' title='bbox 1372 5356 1428 5407; x_wconf 89' lang='lat' dir='ltr'><strong>ilde</strong></span> <span class='ocrx_word' id='word_1_648' title='bbox 1447 5355 1552 5406; x_wconf 88' lang='lat' dir='ltr'><strong>codicis</strong></span> <span class='ocrx_word' id='word_1_649' title='bbox 1567 5353 1798 5406; x_wconf 77' lang='lat' dir='ltr'><strong>camberonensis</strong></span> 
     </span>
     <span class='ocr_line' id='line_1_54' title="bbox 111 5425 1795 5492; baseline -0.001 -18"><span class='ocrx_word' id='word_1_650' title='bbox 111 5425 177 5476; x_wconf 81' lang='lat' dir='ltr'><strong>laisa</strong></span> <span class='ocrx_word' id='word_1_651' title='bbox 199 5429 250 5486; x_wconf 85' lang='lat' dir='ltr'><strong>est¹</strong></span> <span class='ocrx_word' id='word_1_652' title='bbox 266 5429 299 5476; x_wconf 88' lang='lat' dir='ltr'><strong>nt</strong></span> <span class='ocrx_word' id='word_1_653' title='bbox 323 5425 446 5478; x_wconf 88' lang='lat' dir='ltr'><strong>ostendit</strong></span> <span class='ocrx_word' id='word_1_654' title='bbox 463 5429 508 5480; x_wconf 84' lang='lat' dir='ltr'><strong>vir</strong></span> <span class='ocrx_word' id='word_1_655' title='bbox 528 5428 707 5482; x_wconf 88' lang='lat' dir='ltr'><strong>doctissimus</strong></span> <span class='ocrx_word' id='word_1_656' title='bbox 728 5430 856 5481; x_wconf 87' lang='lat' dir='ltr'><strong>Domnus</strong></span> <span class='ocrx_word' id='word_1_657' title='bbox 877 5429 932 5480; x_wconf 86' lang='lat' dir='ltr'><strong>lie-</strong></span> <span class='ocrx_word' id='word_1_658' title='bbox 983 5427 1094 5490; x_wconf 88' lang='lat' dir='ltr'><strong>scripsit</strong></span> <span class='ocrx_word' id='word_1_659' title='bbox 1115 5426 1260 5491; x_wconf 71' lang='lat' dir='ltr'><strong>metietur.</strong></span> <span class='ocrx_word' id='word_1_660' title='bbox 1284 5425 1338 5478; x_wconf 90' lang='lat' dir='ltr'><strong>Cui</strong></span> <span class='ocrx_word' id='word_1_661' title='bbox 1361 5440 1412 5492; x_wconf 80' lang='lat' dir='ltr'><strong>ego</strong></span> <span class='ocrx_word' id='word_1_662' title='bbox 1438 5441 1494 5478; x_wconf 90' lang='lat' dir='ltr'><strong>non</strong></span> <span class='ocrx_word' id='word_1_663' title='bbox 1518 5439 1633 5491; x_wconf 87' lang='lat' dir='ltr'><strong>possum</strong></span> <span class='ocrx_word' id='word_1_664' title='bbox 1658 5425 1795 5476; x_wconf 87' lang='lat' dir='ltr'><strong>assentiri.</strong></span> 
     </span>
     <span class='ocr_line' id='line_1_55' title="bbox 111 5495 1795 5564; baseline 0 -20"><span class='ocrx_word' id='word_1_665' title='bbox 111 5501 194 5545; x_wconf 85' lang='lat' dir='ltr'><strong>natus</strong></span> <span class='ocrx_word' id='word_1_666' title='bbox 221 5495 396 5558; x_wconf 60' lang='lat' dir='ltr'><strong>namnetum</strong></span> <span class='ocrx_word' id='word_1_667' title='bbox 425 5498 472 5550; x_wconf 90' lang='lat' dir='ltr'><strong>ille</strong></span> <span class='ocrx_word' id='word_1_668' title='bbox 494 5501 615 5564; x_wconf 85' lang='lat' dir='ltr'><strong>reposuit</strong></span> <span class='ocrx_word' id='word_1_669' title='bbox 636 5513 770 5560; x_wconf 83' lang='lat' dir='ltr'><strong>coeamus,</strong></span> <span class='ocrx_word' id='word_1_670' title='bbox 794 5499 932 5551; x_wconf 81' lang='lat' dir='ltr'><strong>adnotans</strong></span> <span class='ocrx_word' id='word_1_671' title='bbox 983 5497 1085 5548; x_wconf 88' lang='lat' dir='ltr'><strong>Notum</strong></span> <span class='ocrx_word' id='word_1_672' title='bbox 1111 5501 1152 5548; x_wconf 89' lang='lat' dir='ltr'><strong>est</strong></span> <span class='ocrx_word' id='word_1_673' title='bbox 1179 5496 1249 5548; x_wconf 91' lang='lat' dir='ltr'><strong>illud</strong></span> <span class='ocrx_word' id='word_1_674' title='bbox 1276 5497 1397 5548; x_wconf 86' lang='lat' dir='ltr'><strong>Petronii</strong></span> <span class='ocrx_word' id='word_1_675' title='bbox 1422 5513 1427 5546; x_wconf 91' lang='lat'>:</span> <span class='ocrx_word' id='word_1_676' title='bbox 1457 5517 1471 5544; x_wconf 74' lang='grc' dir='ltr'>ι</span> <span class='ocrx_word' id='word_1_677' title='bbox 1497 5497 1591 5550; x_wconf 83' lang='lat' dir='ltr'><strong>Habes</strong></span> <span class='ocrx_word' id='word_1_678' title='bbox 1616 5496 1795 5548; x_wconf 85' lang='lat' dir='ltr'><strong>confitentem</strong></span> 
     </span>
     <span class='ocr_line' id='line_1_56' title="bbox 111 5565 1796 5635; baseline 0 -21"><span class='ocrx_word' id='word_1_679' title='bbox 111 5565 188 5618; x_wconf 88' lang='lat' dir='ltr'><strong>bunc</strong></span> <span class='ocrx_word' id='word_1_680' title='bbox 214 5579 337 5618; x_wconf 80' lang='lat' dir='ltr'><strong>amorem</strong></span> <span class='ocrx_word' id='word_1_681' title='bbox 365 5568 451 5620; x_wconf 85' lang='lat' dir='ltr'><strong>luisse</strong></span> <span class='ocrx_word' id='word_1_682' title='bbox 481 5570 591 5622; x_wconf 79' lang='lat' dir='ltr'><strong>iconam</strong></span> <span class='ocrx_word' id='word_1_683' title='bbox 625 5574 737 5635; x_wconf 89' lang='lat' dir='ltr'><strong>propter</strong></span> <span class='ocrx_word' id='word_1_684' title='bbox 767 5569 931 5622; x_wconf 79' lang='lat' dir='ltr'><strong>affinitatem</strong></span> <span class='ocrx_word' id='word_1_685' title='bbox 983 5579 1078 5630; x_wconf 89' lang='lat' dir='ltr'><strong>reum;</strong></span> <span class='ocrx_word' id='word_1_686' title='bbox 1103 5586 1118 5614; x_wconf 74' lang='lat' dir='ltr'><strong>s</strong></span> <span class='ocrx_word' id='word_1_687' title='bbox 1141 5571 1168 5619; x_wconf 89' lang='lat' dir='ltr'><strong>et</strong></span> <span class='ocrx_word' id='word_1_688' title='bbox 1191 5567 1261 5618; x_wconf 90' lang='lat' dir='ltr'><strong>illud</strong></span> <span class='ocrx_word' id='word_1_689' title='bbox 1287 5567 1430 5620; x_wconf 87' lang='lat' dir='ltr'><strong>Ciceronis</strong></span> <span class='ocrx_word' id='word_1_690' title='bbox 1460 5570 1489 5620; x_wconf 91' lang='lat' dir='ltr'><strong>in</strong></span> <span class='ocrx_word' id='word_1_691' title='bbox 1523 5569 1642 5632; x_wconf 85' lang='lat' dir='ltr'><strong>quadam</strong></span> <span class='ocrx_word' id='word_1_692' title='bbox 1672 5567 1796 5630; x_wconf 80' lang='lat' dir='ltr'><strong>Epistola</strong></span> 
     </span>
     <span class='ocr_line' id='line_1_57' title="bbox 111 5635 1796 5706; baseline 0 -21"><span class='ocrx_word' id='word_1_693' title='bbox 111 5635 266 5688; x_wconf 85' lang='lat' dir='ltr'><strong>litterarum</strong></span> <span class='ocrx_word' id='word_1_694' title='bbox 279 5651 292 5688; x_wconf 83' lang='lat' dir='ltr'><strong>s</strong></span> <span class='ocrx_word' id='word_1_695' title='bbox 303 5641 332 5688; x_wconf 90' lang='lat' dir='ltr'><strong>et</strong></span> <span class='ocrx_word' id='word_1_696' title='bbox 343 5651 367 5700; x_wconf 89' lang='lat' dir='ltr'><strong>r,</strong></span> <span class='ocrx_word' id='word_1_697' title='bbox 390 5643 417 5690; x_wconf 91' lang='lat' dir='ltr'><strong>et</strong></span> <span class='ocrx_word' id='word_1_698' title='bbox 431 5644 574 5704; x_wconf 89' lang='lat' dir='ltr'><strong>propterea</strong></span> <span class='ocrx_word' id='word_1_699' title='bbox 594 5641 717 5706; x_wconf 84' lang='lat' dir='ltr'><strong>proclive</strong></span> <span class='ocrx_word' id='word_1_700' title='bbox 743 5641 830 5693; x_wconf 88' lang='lat' dir='ltr'><strong>luisse</strong></span> <span class='ocrx_word' id='word_1_701' title='bbox 853 5641 929 5692; x_wconf 90' lang='lat' dir='ltr'><strong>iesti-</strong></span> <span class='ocrx_word' id='word_1_702' title='bbox 981 5637 1017 5688; x_wconf 91' lang='lat' dir='ltr'><strong>ad</strong></span> <span class='ocrx_word' id='word_1_703' title='bbox 1041 5639 1153 5689; x_wconf 75' lang='lat' dir='ltr'><strong>Atticam</strong></span> <span class='ocrx_word' id='word_1_704' title='bbox 1167 5653 1175 5688; x_wconf 90' lang='lat'><em>:</em></span> <span class='ocrx_word' id='word_1_705' title='bbox 1191 5655 1205 5684; x_wconf 91' lang='lat'>«</span> <span class='ocrx_word' id='word_1_706' title='bbox 1220 5637 1292 5689; x_wconf 89' lang='lat' dir='ltr'><strong>Cum</strong></span> <span class='ocrx_word' id='word_1_707' title='bbox 1308 5637 1435 5690; x_wconf 88' lang='lat' dir='ltr'><strong>homines</strong></span> <span class='ocrx_word' id='word_1_708' title='bbox 1451 5639 1549 5692; x_wconf 76' lang='lat' dir='ltr'><strong>umeris</strong></span> <span class='ocrx_word' id='word_1_709' title='bbox 1570 5639 1605 5692; x_wconf 88' lang='lat' dir='ltr'><strong>de</strong></span> <span class='ocrx_word' id='word_1_710' title='bbox 1626 5639 1712 5704; x_wconf 87' lang='lat' dir='ltr'><strong>patrio</strong></span> <span class='ocrx_word' id='word_1_711' title='bbox 1730 5649 1796 5701; x_wconf 87' lang='lat' dir='ltr'><strong>par-</strong></span> 
     </span>
     <span class='ocr_line' id='line_1_58' title="bbox 111 5706 1324 5776; baseline 0.007 -22"><span class='ocrx_word' id='word_1_712' title='bbox 111 5706 244 5756; x_wconf 85' lang='lat' dir='ltr'><strong>nsntibus</strong></span> <span class='ocrx_word' id='word_1_713' title='bbox 259 5707 359 5759; x_wconf 87' lang='lat' dir='ltr'><strong>scribis</strong></span> <span class='ocrx_word' id='word_1_714' title='bbox 371 5711 552 5773; x_wconf 87' lang='lat' dir='ltr'><strong>posteriorem</strong></span> <span class='ocrx_word' id='word_1_715' title='bbox 566 5713 711 5776; x_wconf 89' lang='lat' dir='ltr'><strong>propriori</strong></span> <span class='ocrx_word' id='word_1_716' title='bbox 724 5712 855 5764; x_wconf 90' lang='lat' dir='ltr'><strong>scribere.</strong></span> <span class='ocrx_word' id='word_1_717' title='bbox 981 5708 1079 5760; x_wconf 90' lang='lat' dir='ltr'><strong>ricidio</strong></span> <span class='ocrx_word' id='word_1_718' title='bbox 1093 5709 1296 5762; x_wconf 81' lang='lat' dir='ltr'><strong>confiterentur.</strong></span> <span class='ocrx_word' id='word_1_719' title='bbox 1310 5727 1324 5754; x_wconf 69' lang='grc' dir='ltr'><strong>»ι</strong></span> 
     </span>
    </p>

    <p class='ocr_par' dir='ltr' id='par_1_13' title="bbox 146 5779 931 5849">
     <span class='ocr_line' id='line_1_59' title="bbox 146 5779 931 5849; baseline 0.01 -21"><span class='ocrx_word' id='word_1_720' title='bbox 146 5779 177 5840; x_wconf 79' lang='lat' dir='ltr'><strong>iti</strong></span> <span class='ocrx_word' id='word_1_721' title='bbox 205 5779 321 5832; x_wconf 71' lang='lat' dir='ltr'><strong>Facilior</strong></span> <span class='ocrx_word' id='word_1_722' title='bbox 343 5782 440 5834; x_wconf 81' lang='lat' dir='ltr'><strong>cautio.</strong></span> <span class='ocrx_word' id='word_1_723' title='bbox 465 5782 669 5840; x_wconf 74' lang='lat' dir='ltr'><strong>Demosthenes</strong></span> <span class='ocrx_word' id='word_1_724' title='bbox 693 5784 750 5836; x_wconf 83' lang='lat' dir='ltr'><strong>lnt</strong></span> <span class='ocrx_word' id='word_1_725' title='bbox 774 5782 931 5849; x_wconf 78' lang='lat' dir='ltr'><strong>Pamppic,</strong></span> 
     </span>
    </p>
   </div>
   <div class='ocr_carea' id='block_1_12' title="bbox 0 0 2002 6196">
    <p class='ocr_par' dir='ltr' id='par_1_14' title="bbox 0 0 2002 6196">
     <span class='ocr_line' id='line_1_60' title="bbox 0 0 2002 6196; baseline 0 0"><span class='ocrx_word' id='word_1_726' title='bbox 0 0 2002 6196; x_wconf 95' lang='lat' dir='ltr'><strong> </strong></span> 
     </span>
    </p>
   </div>
  </div>
 </body>
</html>
