4012 6192
125 223 192 291 sse*
633 235 834 302 surculosus
852 237 1015 300 orusouu
1035 239 1279 303 sacuuauruu.
1675 219 1677 224 ’
1743 243 1795 308 seo

125 357 302 431 tpmpiretsm
323 357 509 434 Ezechielem)
524 377 531 418 s
547 362 597 418 Fili
612 363 744 433 hominia,
761 365 805 420 die
824 365 931 438 populo
945 377 969 452 Α
983 361 1048 419 tatis
1066 378 1135 418 mese
1155 369 1197 418 est
1215 381 1291 421 urors
1311 365 1404 438 impii,
1421 367 1489 424 dicit
1508 366 1644 425 Dominus
1664 367 1748 441 Deus,
1764 374 1794 440 et

123 453 205 508 lsrael
220 469 227 508 :
245 474 258 504 ιι
273 455 363 519 oriere
376 455 459 511 locuti
474 456 541 512 estis
551 456 679 514 dicamas
690 475 697 515 ε
707 459 856 516 Erroribus
869 477 931 516 nos
982 473 1039 512 non
1053 463 1084 512 ut
1097 463 1281 514 convertatur
1293 477 1309 514 o
1323 461 1373 516 viis
1387 461 1454 530 suis,
1469 467 1496 518 et
1511 463 1602 520 visati
1615 486 1629 515 ιι

120 549 169 604 tris
190 547 425 618 contabescimus,
446 552 475 604 et
494 551 639 622 quomodo
660 553 727 609 salvi
745 570 807 608 esse
827 553 930 624 poteri·
1016 554 1108 621 Atque
1137 552 1188 606 hac
1216 569 1283 608 sanc
1309 553 1545 626 interpretatione
1574 559 1677 630 posita,
1707 565 1792 632 etque

120 643 202 698 mirsi
221 642 266 697 die
286 643 325 698 eis
340 660 346 698 :
361 642 430 699 Vivo
444 661 508 716 ego,
531 644 600 700 dicit
622 645 768 718 Dominus,
787 648 853 720 quia
872 665 929 704 nun
980 644 1051 700 adeo
1072 661 1109 724 ,⁰¹
1128 646 1300 718 etymologia
1323 647 1384 720 ipse
1405 650 1529 706 nominis
1550 651 1662 708 Adonei
1678 653 1793 709 ridetur

118 735 245 792 desidero
265 741 389 792 mortem
407 738 571 810 peccatoris,
585 740 633 796 sed
653 740 785 797 desidero
802 747 832 798 ut
847 758 929 798 aver·
978 739 1069 794 altera
1083 754 1115 794 cr
1133 739 1176 794 bis
1191 740 1314 808 vocibus,
1330 741 1452 805 Adortui,
1468 746 1604 808 Dominus,
1618 746 1789 804 redundare.

117 834 193 883 tator
210 835 377 902 peccatore
398 830 441 887 ria
459 849 510 888 sua
529 833 661 904 pessima,
682 840 710 890 et
730 835 813 891 uiuat.
837 857 850 886 ιι
872 836 927 891 Xd-
978 833 1033 888 Sed
1047 833 1122 888 iuter
1136 849 1167 888 ea
1186 833 1266 888 nolui
1286 847 1389 889 mentis
1406 833 1434 891 in
1456 836 1632 906 superiorem
1648 838 1789 910 iuterpre-

115 921 215 978 hibent
234 939 359 996 quoque,
378 940 414 980 ne
432 931 548 982 cunctos
570 943 747 984 enumerem.
768 929 927 1001 Cyprianus
977 926 1116 982 tationem
1134 925 1262 998 injicere.
1276 928 1382 984 Locum
1398 928 1472 984 hunc
1486 946 1543 984 non
1556 929 1660 986 omittit
1673 933 1789 988 Damas-

116 1017 175 1088 (sub
185 1018 272 1074 finem
284 1018 347 1075 libri
358 1019 392 1076 de
401 1022 497 1091 lapsis
506 1023 535 1076 et
547 1020 599 1076 sub
609 1021 723 1078 initium
735 1023 801 1078 libri
813 1025 846 1080 de
855 1027 927 1082 Dono
977 1035 1065 1075 tenus
1080 1020 1178 1076 erebro
1191 1021 1326 1092 allegatus
1341 1021 1380 1094 (iu
1395 1023 1513 1086 Paruit..
1527 1024 1603 1096 utu).

114 1111 265 1182 Patientia)
284 1116 313 1168 et
326 1112 524 1186 Hieronymus.
541 1115 611 1172 Vide
629 1133 693 1188 quae
710 1116 803 1172 dicam
823 1135 853 1174 n.
869 1119 925 1190 30).
1012 1113 1085 1168 ΧΧΧ.
1109 1116 1177 1169 ltem
1199 1114 1386 1188 ἰ)1ἰι(Ειιιὴ.,
1404 1133 1482 1184 ιιιιι,
1506 1116 1549 1188 un)
1565 1134 1572 1172 ε
1590 1119 1791 1183 convertimini,

148 1206 282 1262 Eamdem
297 1208 469 1264 senteutiam
484 1207 621 1281 vulgatus
636 1210 777 1282 interpres
799 1212 926 1268 Latinam
976 1213 1001 1262 et
1025 1210 1137 1263 auertite
1158 1224 1204 1264 uus
1227 1209 1261 1264 ub
1282 1211 1407 1264 omnibus
1430 1211 1614 1281 impietatibus
1634 1215 1739 1281 vestem,
1765 1218 1791 1268 et

114 1299 207 1355 effecit
221 1297 316 1374 856
331 1301 481 1356 hisverbis
492 1319 500 1357 :
511 1322 525 1353 ιι
536 1305 576 1358 Tu
590 1320 670 1377 ergo,
682 1305 720 1360 tili
735 1305 867 1372 bominis,
882 1307 925 1362 dic
976 1316 1030 1356 '1⁰⁷²
1050 1306 1129 1358 θωπί
1148 1303 1221 1358 tobit
1239 1304 1268 1357 in
1284 1319 1401 1374 penum.
1422 1305 1550 1373 Projicite
1571 1321 1588 1359 a
1608 1306 1683 1361 vobis
1701 1321 1792 1361 omnes

113 1393 146 1450 ad
168 1394 285 1450 domum
307 1395 416 1451 lsrael:
436 1396 481 1453 Sic
499 1397 585 1452 locuti
605 1399 681 1469 estis,
704 1399 827 1456 dicentes
842 1418 848 1454 :
865 1400 922 1456 lni-
975 1396 1133 1464 iniquitates
1151 1403 1266 1456 oestrus.
1286 1412 1353 1466 quus
1373 1399 1453 1468 impie
1473 1399 1573 1464 fecistis
1592 1400 1621 1454 in
1635 1414 1685 1463 me,
1703 1403 1728 1454 et
1741 1401 1790 1466 lu·

115 1487 926 1564 quitatesnosteae,etpaccatanostrasupernussuut,et
974 1490 1026 1544 cite
1051 1489 1126 1543 uubis
1154 1505 1200 1543 tor
1223 1505 1331 1553 novum,
1359 1496 1384 1545 et
1414 1493 1543 1562 spiritum
1567 1507 1674 1546 novum·
1701 1494 1736 1548 Et
1759 1495 1791 1547 ut

113 1580 141 1636 in
153 1581 224 1652 ipsis
237 1597 290 1637 nos
307 1582 479 1638 tabescimus
494 1599 501 1639 :
516 1584 661 1655 quomodo
678 1602 748 1656 ergo
767 1587 859 1644 vivere
873 1604 923 1660 po-
974 1582 1042 1652 puid
1063 1584 1226 1650 moriemini,
1250 1583 1346 1638 domm
1369 1585 1475 1640 Ιιιιιεὶ.9
1500 1587 1566 1656 puin
1592 1585 1653 1640 noto
1678 1590 1790 1642 mortem

112 1675 252 1732 tenmusi
281 1675 382 1732 dicad
407 1691 454 1732 eos
479 1693 486 1733 ι
515 1677 581 1734 Vivo
606 1695 670 1750 ego,
697 1679 765 1735 dicit
788 1679 925 1737 Dominus
974 1678 1121 1739 monentia
1135 1676 1203 1732 dicit
1217 1678 1336 1744 Adonei,
1350 1680 1490 1733 Dominus.

111 1768 184 1822 Deus
200 1784 207 1823 :
225 1769 291 1825 nolo
305 1772 425 1828 monem
446 1769 540 1843 impii,
558 1772 607 1828 sed
626 1779 656 1828 ut
675 1778 855 1830 convertatur
869 1745 962 1831 ιιι-Β
1011 1770 1040 1824 ln
1062 1769 1111 1824 illo
1134 1769 1194 1839 ipso
1217 1769 1306 1841 capite
1329 1771 1438 1827 decimo
1462 1773 1572 1840 octavo,
1594 1771 1672 1842 quoa
1696 1787 1788 1843 nuper

110 1861 173 1931 pius
187 1878 203 1916 a
218 1862 264 1916 vie
277 1879 336 1929 siaa,
351 1869 379 1919 et
392 1862 476 1919 vivat.
491 1883 505 1916 ι
974 1863 1103 1934 allegavi,
1123 1860 1218 1938 857
1234 1864 1283 1919 sed
1297 1864 1439 1921 nonnullis
1452 1863 1628 1935 interpositis
1643 1864 1789 1936 (versiculo

142 1955 254 2010 XXVlll.
271 1956 340 2012 ltem
360 1955 417 2012 illrc
436 1956 577 2028 (Ezechiel,
600 1974 693 2028 xxarr,
719 1960 762 2028 36)
778 1976 785 2015 :
799 1963 855 2030 Epo
870 1963 923 2016 Do.
974 1954 1080 2011 scilicet
1094 1955 1148 2026 30),
1158 1956 1287 2012 invenies
1297 1974 1341 2026 ea,
1355 1957 1475 2028 quaebic
1485 1957 1675 2028 adducuntur,
1686 1957 1789 2029 quibus

110 2050 210 2112 mincis,
229 2049 360 2118 aedificent
377 2050 516 2114 demolito,
539 2057 564 2106 et
583 2052 711 2122 plantavi
732 2057 922 2112 ertuminutu.
973 2049 1090 2120 quidem
1104 2050 1207 2106 inritat
1224 2050 1362 2106 Dominus
1379 2052 1510 2106 scelestos
1526 2050 1562 2106 ad
1580 2049 1787 2122 poenitentiam,

142 2142 293 2214 Allegoria
313 2142 414 2210 altera,
433 2143 527 2200 albaris
545 2144 586 2200 illi
600 2161 663 2216 quae
676 2162 706 2200 n.
720 2148 754 2202 26
769 2146 855 2203 allata
871 2153 923 2218 est,
973 2142 1086 2214 illisque
1109 2160 1167 2198 nou
1190 2144 1277 2200 modo
1298 2143 1396 2214 uitam,
1419 2160 1517 2201 verum
1542 2143 1629 2200 etiam
1652 2143 1788 2216 gravissi·

111 2234 155 2288 hic
182 2235 361 2306 proponitur,
384 2253 471 2308 quam
503 2238 640 2309 quoniam
665 2238 808 2311 scriptoris
834 2241 924 2297 nostri
974 2253 1086 2292 morum
1106 2237 1302 2309 quorumlibet
1325 2237 1477 2293 criminum
1495 2237 1606 2293 venum
1626 2236 1787 2309 pollicetur.

110 2327 204 2383 verbis
223 2329 317 2397 rotuli,
338 2329 409 2385 libet
427 2330 514 2386 eiiam
529 2331 655 2403 Vulgata
669 2332 762 2388 verbis
776 2333 923 2403 exhibere,
973 2329 1041 2385 Vide
1055 2346 1120 2400 quoe
1134 2329 1256 2385 diximus
1271 2331 1306 2386 ud
1321 2331 1484 2400 locarunt,
1498 2347 1543 2400 xv,
1555 2337 1584 2387 ut
1594 2331 1694 2386 munes
1706 2331 1786 2387 ulios·

110 2437 172 2492 qum
199 2421 364 2492 hujusmodi
384 2428 450 2478 sunt
474 2441 481 2478 ε
508 2445 522 2473 ιι
544 2425 605 2495 Ego
627 2426 764 2481 Dominus
786 2427 923 2482 edificari
1008 2422 1131 2480 Adhibet
1163 2424 1381 2496 explicationem
1416 2424 1489 2479 banc
1522 2428 1651 2480 nostram
1689 2429 1788 2480 auctor

110 2513 245 2584 dissipata
260 2516 439 2588 plantavique
455 2517 571 2572 inculta.
588 2539 601 2568 ιι
972 2515 1038 2572 libri
1066 2516 1103 2571 ad
1133 2517 1321 2572 horatianum
1348 2518 1409 2573 haec
1440 2517 1566 2573 scribens
1599 2518 1674 2590 (pag.
1714 2516 1786 2588 tat:

142 2609 230 2664 XXIX.
251 2609 321 2663 item
341 2608 398 2664 illic
417 2609 782 2682 (Ezechiel,1s1u,2t):ttt
812 2617 923 2685 ineptam
973 2629 988 2660 ιι
1008 2611 1111 2665 Demus
1130 2610 1220 2682 igitur
1241 2609 1307 2666 totis
1327 2610 1434 2666 viribus
1453 2610 1639 2667 tideiuostrae
1654 2611 1710 2665 Deo
1729 2609 1789 2664 lau·

108 2703 284 2756 neonuertut
303 2717 330 2758 se
344 2703 378 2758 ab
393 2704 514 2758 omnibus
535 2706 741 2776 iniquitatibus,
762 2723 831 2777 quus
845 2709 922 2775 (ecit,
973 2702 1051 2771 dem,
1066 2703 1166 2759 demus
1181 2704 1295 2775 plenam
1315 2705 1518 2760 contessionem
1532 2721 1540 2759 s
1554 2701 1787 2776 quandoquidem

108 2801 131 2850 et
148 2795 390 2851 custudiutomnie
404 2797 537 2852 mandatu
554 2813 623 2864 meu,
639 2804 664 2854 ct
678 2801 767 2866 lecim
780 2801 920 2872 iudicium,
972 2813 1059 2868 super
1080 2797 1247 2869 paenitentia
1269 2803 1366 2852 nostra
1387 2797 1534 2869 gaudeant
1564 2797 1680 2852 uirtutes
1701 2795 1785 2850 coelo·

108 2893 132 2941 et
139 2888 295 2956 justitium,
315 2894 341 2943 et
358 2889 581 2956 misericordium,
596 2892 654 2946 nitu
671 2894 742 2946 uiuet
760 2897 785 2947 et
799 2909 853 2948 non
865 2910 920 2949 mo·
971 2906 1046 2958 rum,
1061 2891 1203 2960 gaudeant
1215 2889 1310 2962 angeli
1331 2907 1439 2959 omues,
1457 2891 1577 2962 gaudeat
1597 2893 1625 2945 et
1645 2888 1784 2956 Christus,

107 2983 204 3036 rietur.
225 2982 322 3038 Οιιιιία
342 2983 693 3053 mantuanensem,
715 3001 769 3040 non
790 2993 872 3042 erunt
893 2990 921 3041 in
972 2983 1019 3054 qui
1043 2999 1095 3038 uos
1117 2983 1211 3038 denuo
1231 2973 1351 3056 peccatis
1372 2988 1513 3052 oneratus,
1530 2982 1639 3039 delictis
1658 2982 1785 3052 obrutos,

107 3076 245 3139 memorie,
265 3076 296 3129 in
316 3090 367 3130 suu
385 3076 508 3144 justitio,
531 3092 614 3146 quem
635 3078 711 3144 lecit,
735 3081 815 3134 uiuet.
840 3076 1055 3180 Nun-Cplena
1076 3080 1105 3132 et
1126 3077 1262 3132 clementi
1284 3076 1477 3133 moderatione
1499 3091 1607 3132 cessare
1629 3075 1785 3131 alacianus

107 3168 173 3238 quid
194 3168 333 3224 uoluntate
355 3169 414 3223 nolo
441 3175 552 3224 montem
577 3170 690 3238 injusti.
718 3170 785 3226 dicit
809 3173 922 3228 Adonei
972 3170 1103 3225 hortatur
1128 3169 1225 3225 dicens
1249 3187 1256 3224 z
1283 3191 1298 3220 ιι
1319 3171 1479 3228 Convertite
1503 3186 1560 3239 vos,
1585 3176 1613 3225 et
1636 3169 1727 3224 redite
1751 3169 1786 3224 ab

107 3263 247 3328 Dominus,
263 3278 347 3331 quum
363 3267 394 3316 ut
407 3268 514 3318 contet
532 3279 560 3318 se
577 3267 653 3318 auin
672 3280 722 3320 sue
736 3266 820 3328 mutu,
834 3272 859 3320 et
878 3269 920 3320 ut·
972 3263 1164 3335 impietatibus
1179 3264 1291 3332 vestris,
1305 3266 1334 3319 et
1348 3280 1405 3319 non
1423 3267 1507 3318 ernist
1525 3263 1603 3318 vobis
1623 3262 1786 3334 iniquitates

106 3370 165 3411 uere
185 3357 269 3410 eum?
971 3361 1070 3412 vestrae
1086 3357 1122 3412 ad
1141 3373 1264 3430 paenam.
1283 3357 1414 3428 Projicite
1435 3356 1546 3412 anobis
1564 3373 1662 3412 omnes
1681 3355 1785 3427 impie·

141 3453 171 3508 td
195 3453 287 3524 ipsum
307 3454 384 3525 quod
405 3456 492 3526 paulo
513 3459 579 3511 ante
601 3456 755 3512 Ezechielis
774 3457 921 3530 prophetae
971 3456 1041 3505 tates
1055 3453 1171 3518 vestras,
1188 3467 1257 3521 quas
1278 3451 1385 3506 lecistis
1404 3450 1554 3505 adversum
1574 3466 1620 3504 me
1631 3467 1639 3518 ;
1660 3453 1688 3503 et
1703 3448 1786 3503 tacite

107 3548 223 3602 ιιιιιιιῑιιι
249 3547 388 3602 inditum
417 3553 493 3616 erse,
519 3549 596 3618 eliis,
623 3550 818 3622 superioribus
842 3552 921 3608 valde
971 3542 1049 3598 vobis
1065 3559 1244 3611 cornorum,
1265 3547 1293 3600 et
1314 3543 1446 3615 spiritum
1469 3559 1587 3598 novum·
1612 3545 1645 3598 m
1664 3548 1694 3596 ut
1718 3541 1788 3613 quid

106 3640 252 3712 proximis,
269 3641 316 3695 hic
329 3641 496 3697 inculcatur.
972 3652 1020 3691 vos
1042 3637 1126 3691 morti
1147 3636 1269 3705 traditis,
1291 3636 1394 3692 dumus
1412 3637 1520 3692 israeli
1535 3639 1595 3691 Non
1617 3636 1696 3691 enim
1717 3634 1788 3691 desi·

139 3733 244 3788 Recole
272 3750 427 3790 numerum
450 3751 512 3791 xxa.
540 3736 589 3792 liic
615 3742 724 3793 tuntum
753 3742 820 3792 noto
845 3738 920 3794 hunc
971 3731 1039 3785 dero
1055 3737 1175 3784 mortem
1197 3731 1362 3801 peccatoris.
1384 3752 1398 3780 ιι
1416 3731 1602 3800 Hieronymus
1621 3730 1728 3800 pariter
1741 3728 1788 3782 etl·

105 3828 256 3883 nzsebietis
279 3828 372 3883 locum
395 3830 425 3884 iu
448 3829 581 3884 eurmdem
604 3830 722 3886 furasse
745 3847 860 3886 sensum
883 3834 921 3886 st·
971 3823 1059 3890 hibet,
1084 3823 1120 3876 aa
1146 3822 1291 3876 Rusticum
1319 3823 1428 3892 lausum
1455 3823 1517 3877 hec
1543 3821 1667 3876 scribens
1695 3821 1750 3892 (³³)
1778 3836 1786 3873 s

106 3921 234 3991 legatum
256 3920 342 3976 fuisse
363 3938 379 3976 a
400 3921 541 3993 Cypriam
564 3923 624 3977 haec
645 3923 764 3978 docente
788 3925 830 3990 (de
848 3927 921 3981 pono
972 3917 1135 3971 «Ezechiel
1161 3932 1277 3986 quoque
1302 3915 1403 3970 iisdem
1423 3915 1526 3978 verbis,
1552 3915 1620 3985 quia
1639 3914 1739 3969 eodem
1759 3915 1789 3967 et

104 4016 257 4076 Patientia.
282 4029 348 4085 pag.
372 4015 435 4087 teo)
459 4031 465 4070 :
487 4035 501 4065 ιι
526 4016 668 4072 Admonet
690 4033 728 4072 ne
748 4018 812 4088 quis
831 4018 922 4089 inspa-
971 4009 1071 4081 spiritu
1090 4024 1097 4062 s
1117 4031 1130 4059 ιι
1144 4007 1359 4076 Convenimini,
1382 4007 1487 4079 inquit,
1508 4010 1536 4062 et
1559 4006 1650 4062 redite
1673 4007 1709 4061 ab
1733 4007 1786 4060 ini·

105 4108 178 4160 tiens
199 4107 230 4160 iu
253 4107 415 4177 operatione
435 4107 557 4176 deliniat,
575 4126 612 4165 ne
634 4109 697 4180 quis
719 4110 920 4166 tentationibus
972 4102 1129 4174 quitatibus
1144 4101 1252 4168 vestris,
1269 4101 1370 4156 d⁰¹¹¹¹¹⁵
1392 4101 1495 4168 Isracl;
1515 4104 1542 4155 tl
1559 4117 1616 4156 ¹10ss
1640 4105 1725 4154 erunt
1743 4117 1787 4154 VD

105 4205 153 4255 erit
171 4203 318 4268 avocatus,
337 4205 386 4255 aut
400 4200 489 4256 victus
503 4202 533 4258 in
551 4203 645 4258 medio
662 4203 762 4269 laudis,
780 4209 808 4260 et
823 4204 921 4276 gloria
970 4196 1013 4251 ΜΒ
1028 4195 1057 4250 in
1077 4200 1253 4250 tormentum
1274 4194 1446 4266 impietates·
1464 4194 1596 4266 projicite
1613 4209 1711 4248 Omnes
1732 4195 1787 4248 im·

104 4291 208 4348 itinere
238 4292 363 4361 desistat,
391 4301 420 4350 et
443 4300 563 4365 pereant
585 4297 740 4368 praeterite,
764 4297 832 4352 dum
855 4313 920 4368 quse
970 4289 1089 4360 pietates
1102 4295 1218 4356 vestras,
1232 4289 1336 4360 quibus
1349 4287 1435 4360 impie
1449 4288 1547 4358 egistis
1562 4288 1711 4344 adversum
1729 4303 1784 4354 me,

103 4392 259 4457 ceperant,
281 4387 416 4443 desinunt
440 4403 501 4445 esse
525 4389 660 4460 perfecta,
689 4391 760 4446 sicut
782 4390 920 4461 scriptum
970 4389 998 4437 eu
1012 4383 1093 4437 tacite
1114 4381 1192 4438 vobis
1211 4397 1261 4437 cor
1288 4397 1392 4436 novum
1412 4387 1440 4437 et
1461 4383 1594 4452 spiritum
1614 4397 1732 4436 novum·
1749 4381 1785 4434 Et

103 4485 163 4534 cst:
182 4499 195 4531 ι
209 4480 322 4534 lustitia
337 4480 407 4551 justi
426 4498 484 4538 non
502 4482 632 4539 liberabit
651 4499 717 4539 eum
737 4483 766 4540 in
788 4469 959 4554 quacum-D
970 4493 1057 4548 quate
1068 4475 1240 4542 imitemini·
1252 4475 1356 4531 d⁰ffl¹¹⁵
1368 4475 1477 4530 lsrael?
1489 4475 1558 4530 N010
1571 4475 1649 4529 'essim
1662 4481 1785 4529 mrtem

104 4589 158 4643 que
179 4573 226 4628 die
248 4575 431 4629 exerraverit.
454 4596 468 4625 ιι
492 4575 527 4629 Et
547 4576 650 4631 iterum
675 4593 682 4632 :
707 4597 721 4626 ιι
745 4577 819 4633 Tene
841 4579 918 4648 quod
969 4569 1133 4641 peccatoria,
1150 4569 1219 4624 dicit
1234 4568 1380 4624 Dominus.
1396 4589 1409 4618 ιι
1424 4569 1503 4623 Unde
1518 4574 1546 4623 et
1564 4568 1592 4622 in
1607 4583 1785 4637 consequen-

104 4667 202 4735 habes,
219 4683 256 4722 ne
271 4667 343 4722 alius
357 4667 476 4739 accipiat
495 4684 631 4726 coronam
649 4674 736 4726 taram.
752 4691 766 4720 ιι
782 4671 851 4734 011oe
865 4687 917 4726 vox
969 4663 1044 4718 tibus
1067 4664 1195 4734 loquitur
1217 4678 1225 4718 ι
1251 4683 1264 4712 ιι
1285 4661 1350 4716 Vivo
1373 4677 1436 4733 ego,
1460 4661 1528 4715 dicit
1551 4661 1695 4726 Dominus,
1719 4660 1785 4714 nolo

101 4760 271 4816 adhortatur
297 4761 441 4832 patienter
466 4767 495 4816 et
524 4762 638 4818 fortiter
663 4780 861 4834 perseverare,
890 4770 921 4820 ut
969 4763 1091 4812 mortem
1112 4757 1279 4828 peccaturis,
1300 4753 1354 4808 nisi
1374 4759 1405 4809 ut
1424 4757 1613 4809 revertatura
1632 4752 1677 4808 ria
1693 4769 1742 4808 sua
1758 4757 1787 4806 ct

101 4853 149 4923 qui
166 4853 204 4909 ad
230 4869 368 4909 eoronam
395 4855 476 4910 laude
496 4855 558 4926 jam
582 4858 712 4927 proxima
734 4858 843 4926 nititur,
865 4858 918 4914 du.
969 4851 1060 4920 vivat5
1079 4871 1092 4900 ιι
1109 4865 1145 4904 ne
1166 4865 1247 4904 mens
1265 4847 1410 4902 incredula
1425 4847 1459 4902 de
1474 4847 1618 4902 bonorum
1632 4847 1785 4918 repromis-

101 4955 181 5002 rante
201 4946 338 5018 patientia
357 4952 551 5004 coronetur.»
969 4943 1048 4997 sione
1069 4942 1207 5013 desperet,
1232 4944 1260 4996 et
1277 4941 1362 4996 semel
1387 4939 1542 5012 perditioni
1565 4938 1678 4995 animus
1701 4939 1786 4994 desti-

135 5041 177 5094 lta
199 5056 266 5095 vero
286 5040 316 5096 in
336 5041 455 5112 Vulgata
478 5058 512 5097 ea
532 5041 617 5098 verba
643 5043 803 5100 redduntur
825 5061 831 5100 :
855 5067 868 5094 ιι
889 5045 920 5101 si
970 5040 1051 5091 natus
1068 5053 1124 5090 nuri
1145 5035 1282 5090 adhibeat
1302 5034 1412 5089 uulneri
1427 5034 1615 5100 curationem,
1638 5033 1713 5105 quod
1734 5049 1783 5088 ne·

100 5139 198 5188 nutem
214 5133 320 5204 impius
337 5135 430 5206 egerit
443 5135 641 5206 paenitentiam
656 5137 690 5192 ab
707 5137 840 5192 carnibus
854 5155 918 5209 pec·
968 5145 1113 5201 quaquam
1129 5127 1269 5184 existimat
1284 5145 1366 5199 POSSG
1381 5126 1485 5182 curari·

100 5227 169 5280 catis
190 5227 258 5294 suis,
279 5243 343 5298 quse
366 5233 503 5300 operatua
521 5232 574 5299 est,
592 5235 621 5286 et
639 5230 802 5286 custodierit
823 5233 920 5287 omnia
1006 5223 1143 5293 vulgatus
1166 5222 1307 5293 interpres
1331 5221 1371 5275 iifl
1391 5221 1490 5275 laune
1510 5219 1567 5292 lssssi
1584 5220 1672 5276 voluit
1692 5222 1785 5276 l⁰⁰¹¹¹¹¹

100 5323 246 5392 precepta
267 5337 343 5387 mea,
369 5327 398 5377 et
420 5322 521 5380 fecerit
541 5323 693 5395 judicium,
717 5331 746 5380 ee
767 5325 918 5396 justitiam,
968 5316 1046 5371 hunc
1071 5332 1077 5370 :
1106 5337 1120 5364 ιι
1144 5313 1361 5384 Convertimini,
1379 5317 1407 5368 et
1427 5312 1503 5384 agite
1525 5313 1726 5385 paenitentiam
1749 5313 1785 5368 ab

100 5415 157 5468 rita
177 5413 264 5483 uiuet,
280 5419 309 5468 ct
329 5430 387 5469 non
410 5416 558 5471 morietur.
579 5417 713 5472 Omnium
734 5417 918 5490 istiquitatum
969 5409 1104 5464 Omnibus
1119 5407 1317 5480 iniquilaiibffi
1337 5405 1447 5474 γθεῑιιῑθι
1464 5409 1493 5460 fil
1511 5423 1569 5462 1¹0ss
1591 5407 1646 5461 trit
1665 5406 1742 5462 ν01)ῑὸ
1756 5406 1784 5460 ῑῐ]

100 5507 170 5575 eijcis,
193 5523 264 5578 quas
285 5513 415 5577 operatus
436 5512 487 5578 est,
510 5526 567 5564 nun
590 5511 773 5578 recordabur;
791 5511 919 5582 injusti.
969 5502 1081 5556 ruinam
1096 5501 1241 5574 iniquitas.
1261 5500 1392 5571 Projiciia
1408 5499 1518 5554 euobis
1535 5515 1636 5555 omnes
1651 5499 1785 5572 pracvari-

102 5601 142 5654 tia
160 5617 220 5670 sua,
236 5617 322 5671 quarn
345 5605 479 5672 operatus
496 5608 548 5671 est,
569 5603 653 5659 viver,
670 5604 803 5676 Nunquid
823 5605 920 5662 volun.
969 5596 1095 5651 cationes
1111 5599 1215 5650 vestras
1230 5595 1372 5668 inquibus
1385 5592 1784 5666 prevaricatiestis,etractus

135 5775 191 5842 {33¹1
210 5775 241 5828 ln
255 5775 336 5842 epist.
351 5777 418 5830 olim
430 5779 478 5840 ⁴⁶5
496 5779 525 5830 in
539 5777 605 5833 edit.
622 5778 735 5840 Veron..
753 5779 805 5842 tis,
819 5794 845 5846 p.
864 5782 885 5832 t.
