4080 6200
111 265 147 320 rer
785 247 943 312 aristoni
961 241 1041 307 iiiii.
1697 253 1749 310 eoo

107 387 155 441 aius
170 387 196 438 ct
211 381 299 449 ((ιιίι,
318 379 436 448 Sabina,
452 378 577 452 spesina,
598 382 627 434 et
645 393 765 445 sorores,
780 378 884 432 lanua·
896 387 926 462 Α
937 373 1111 444 talecunque
1126 372 1197 428 ratio
1214 372 1357 430 declarata
1371 377 1422 444 cst,
1442 371 1519 430 aliud
1538 375 1655 432 scamni
1672 377 1750 448 quod

106 478 379 546 rio,liativa,lloaato.
399 474 558 530 salutamus
577 487 642 528 cnm
662 471 718 526 suis
737 471 885 539 Saturum,
937 483 988 522 nec
1012 467 1106 538 ipsum
1131 467 1220 522 latere
1246 483 1293 521 vos
1318 466 1426 522 debuit.
1451 469 1520 524 liam
1543 469 1633 524 irater·
1656 474 1751 526 noster

105 572 292 640 &absumet
308 569 471 624 universum
489 563 883 640 282clerum‚Urnuium,
936 561 1092 628 Lucienus,
1121 565 1149 616 et
1179 559 1239 632 ipse
1270 577 1345 615 uuus
1373 562 1408 615 de
1440 562 1667 631 confessoribus,
1695 563 1750 618 fide

103 665 219 730 henum,
244 661 446 729 Quintianum,
472 659 652 728 Colonicsm,
680 662 709 714 et
739 656 886 712 universos
935 655 1053 726 quidem
1074 652 1183 710 calidus
1207 657 1236 709 et
1258 654 1360 710 virtute
1381 655 1524 728 robustus,
1548 656 1599 712 sed
1619 658 1749 714 minus³³

102 772 201 830 qnomm
216 754 330 810 nomina
341 770 401 810 nou
416 753 523 826 scripsi,
537 753 675 825 quiajam
693 752 782 806 lassus
795 765 884 806 eram.
935 747 1082 803 [lominica
1100 747 1222 802 lectione
1243 745 1388 814 fundatus,
1408 749 1541 821 quasdam
1561 755 1678 806 conatus
1696 755 1749 821 est,

102 851 151 906 ideo
176 849 316 920 ignoscere
347 845 461 904 debent.
491 846 564 920 Opto
592 861 640 900 ros
671 845 744 901 irene
772 845 884 913 valere,
935 839 1059 912 imperiti
1071 839 1245 912 jampridem
1257 839 1356 912 (ilisa
1372 841 1448 912 vulgi
1461 844 1639 898 ιιιιιοιοιιι38
1652 842 1750 917 283

100 943 204 998 tierium
226 946 254 996 st
275 941 434 998 Getulicum
456 946 485 996 et
508 939 687 1012 argentarios
711 943 738 994 ei
764 953 884 994 sorores.
935 933 1122 1002 constituens,
1138 937 1170 988 ut
1184 948 1272 988 mauu
1287 933 1348 1004 ejus
1363 933 1461 1006 scripti
1479 933 1566 990 libelli
1580 936 1633 1006 tii)
1647 951 1750 1008 grega-

99 1037 204 1092 Salatant
215 1051 263 1090 ros
280 1050 391 1090 sorores
409 1048 481 1090 mera
497 1032 629 1090 launaria
646 1035 676 1088 ei
695 1031 802 1103 Sophia
815 1047 886 1104 quus
935 1025 987 1082 tim
1002 1026 1100 1082 multis
1118 1027 1173 1098 ((3)
1193 1025 1309 1082 nomiae
1326 1026 1405 1082 Pauli
1424 1027 1572 1096 darentur,
1591 1044 1656 1084 cum
1674 1030 1749 1100 liap-

98 1127 342 1184 mhjscommendo,
935 1120 1041 1193 palicas
1073 1123 1182 1191 martyr
1215 1123 1314 1174 cautus
1342 1125 1371 1176 et
1396 1120 1592 1189 verecundus,
1617 1121 1688 1194 legis
1720 1139 1752 1178 ac

313 1239 478 1296 Eplsmm
494 1237 563 1294 xm
578 1237 645 1310 (39),
935 1212 1091 1285 disciplima
1113 1229 1232 1280 memor,
1255 1213 1348 1269 nullas
1372 1218 1470 1270 contre
1494 1215 1681 1287 Evangehum
1702 1215 1751 1270 iit-

98 1341 181 1400 (ΡΜ
204 1351 282 1403 mm
293 1341 396 1405 mm,
407 1339 503 1400 Bm,
517 1339 607 1402 puis..
618 1336 792 1402 „1130qu
806 1335 885 1400 Lm,
934 1309 1012 1362 teras
1024 1306 1132 1375 iecerit,
1145 1306 1196 1362 sed
1207 1309 1320 1362 mutum
1336 1307 1492 1364 domestica
1503 1307 1610 1380 pietate
1625 1325 1749 1366 commo·

184 1378 192 1403 ’
432 1411 525 1474 nm.)
935 1402 980 1456 tus
1000 1400 1087 1456 matri
1105 1416 1164 1455 suoe
1185 1399 1239 1472 tii)
1257 1416 1322 1472 que
1343 1399 1425 1473 lapsa
1442 1402 1582 1474 ineram,
1601 1403 1752 1460 mandare·

98 1531 123 1571 ss,
141 1530 234 1572 cmm,
257 1531 335 1571 ,m
359 1529 567 1583 mmmm,
591 1531 625 1568 Β,
652 1527 746 1570 pum,
769 1525 883 1569 cogens.
935 1493 972 1548 rit
985 1509 1085 1566 paoem
1099 1492 1163 1548 dari
1170 1510 1179 1564 3
1201 1493 1370 1550 Saturninus
1389 1510 1502 1566 quoque
1522 1501 1587 1567 post
1605 1500 1751 1554 tormenta

123 1609 219 1652 marrus
242 1611 274 1651 ar
294 1611 330 1650 oa
353 1611 464 1652 sacrani
486 1609 683 1651 rurasaaurrnn
705 1609 737 1648 ar
762 1607 884 1648 cumane
935 1587 1029 1644 adhuc
1050 1587 1080 1642 iu
1101 1602 1214 1642 carcere
1235 1586 1406 1642 constitutus
1426 1589 1519 1644 nullas
1541 1589 1682 1661 ejusmodi
1703 1590 1750 1647 lit·

122 1690 282 1732 coimmunis
301 1691 446 1732 uonesrrr.
934 1685 1008 1738 ieras
1030 1681 1165 1738 emiserit.
1188 1681 1327 1738 Lucienus
1351 1698 1427 1752 raro,
1450 1700 1510 1739 non
1534 1688 1643 1742 tuntum
1663 1685 1750 1742 Paulo

96 1791 267 1844 mmm,
282 1790 379 1844 ..13ss
393 1788 490 1844 gum,
505 1785 659 1857 cmm,
673 1753 1027 1840 ,mmmssedbuc
1059 1775 1090 1831 in
1119 1790 1235 1831 carcere
1262 1775 1355 1846 posito
1383 1776 1502 1832 nomino
1533 1777 1609 1832 illius
1638 1778 1750 1835 libellos

120 1893 175 1932 auru
186 1880 321 1933 certiorem
332 1876 425 1932 reddit
439 1876 472 1932 dc
489 1875 618 1931 seditiosa
636 1875 774 1945 lapsorum
785 1878 883 1944 posiu-
935 1885 1021 1926 manu
1040 1885 1093 1925 sua
1114 1869 1233 1940 scriptos
1253 1869 1358 1942 passim
1377 1869 1465 1938 dedii,
1486 1870 1537 1925 sed
1559 1874 1586 1926 el
1608 1876 1672 1943 post
1690 1873 1751 1944 ejus

122 1965 217 2032 amaa,
230 1970 261 2020 ui
273 1966 311 2020 ad
322 1980 416 2036 pacerrr
428 1967 637 2020 restituerentur
650 1968 676 2018 et
688 1963 722 2017 de
732 1964 886 2016 iaoaecou-
935 1979 1082 2018 excessum
1097 1962 1200 2020 eadem
1214 1963 1310 2018 iacere
1330 1962 1382 2018 sub
1402 1962 1462 2034 ejus
1481 1963 1596 2020 nomine
1614 1963 1670 2037 ((5)
1684 1981 1750 2036 per·

120 2053 159 2107 ‘1²'st
171 2055 289 2110 Uicilini·
307 2055 374 2120 01¹2
390 2067 442 2124 utw
457 2053 552 2108 melite
565 2053 764 2122 intelligantur,
782 2052 885 2108 litteras
934 2056 1071 2113 serenavit
1090 2055 1186 2112 dicens
1209 2055 1265 2112 hoe
1284 2055 1338 2112 sihi
1357 2055 1393 2112 ab
1414 2057 1462 2112 iiio
1485 2057 1653 2112 morrdeium
1664 2059 1698 2127 ³⁸,
1713 2075 1750 2115 ne

122 2147 168 2196 inm
185 2158 257 2206 snos,
273 2149 331 2198 tum
348 2142 465 2198 Celermi
483 2149 509 2198 ei
524 2143 641 2198 auriam·
662 2142 886 2198 “omittendas
934 2150 1024 2206 sciens
1041 2151 1157 2206 domina
1177 2149 1270 2222 magis
1291 2165 1378 2222 quam
1396 2166 1532 2206 conservo
1552 2152 1752 2224 obtemperau-

120 2235 185 2286 (Μ
197 2229 359 2302 cypseles.
934 2245 1013 2301 dum.
1029 2243 1126 2318 284
1146 2244 1253 2300 Aurelii
1267 2259 1381 2316 quoque
1398 2244 1585 2301 adolescentis
1606 2249 1750 2302 tormenta

121 2349 139 2402 1,
160 2347 313 2419 cyprianus
339 2346 512 2420 presbyteri„
540 2351 569 2404 er
595 2347 760 2404 diaconibus
786 2347 885 2402 Romae
934 2340 1061 2411 perpessi
1083 2339 1199 2394 nomine
1222 2337 1311 2394 libelli
1333 2338 1417 2394 multi
1444 2338 1502 2394 deti
1526 2343 1594 2394 sunt
1619 2339 1749 2412 eiusdem

95 2440 290 2498 consistentibus
313 2441 451 2496 iratribus
476 2441 605 2497 salntem.
631 2443 696 2497 Post
719 2441 805 2496 iactas
830 2441 885 2514 (io)
934 2431 1051 2492 lanciani
1072 2447 1161 2488 minu
1181 2430 1290 2503 scripti,
1309 2430 1385 2503 qu⁰d
1406 2429 1516 2487 litteris
1534 2431 1582 2488 ἰΠθ
1605 2449 1663 2488 non
1684 2450 1748 2489 11⁰⁵·

96 2535 450 2603 saecularissimus
479 2534 653 2604 charissimi,
677 2535 780 2607 quibus
806 2539 885 2591 actus
934 2531 978 2582 tei
991 2525 1057 2598 (46)-

95 2631 172 2682 nostor
187 2627 329 2700 expositos
349 2631 379 2682 et
398 2626 553 2700 discipline
569 2643 602 2683 ac
617 2627 774 2699 diligentie
793 2643 884 2700 quaa·
971 2626 1003 2682 ll.
1019 2623 1070 2682 Cui
1090 2623 1132 2680 rei
1152 2625 1182 2678 ut
1201 2621 1382 2695 aliquatenus
1403 2627 1499 2694 posset
1519 2623 1628 2694 obusti,
1642 2621 1751 2682 litteras
1844 2627 1847 2635 '

761 2783 865 2849 Varias
886 2783 1056 2848 lectiones.

119 2907 279 2964 ”Robustas
295 2912 482 2978 minnslrrrpr.
516 2913 535 2947 ¹⁴
553 2911 748 2978 imperitejsm
762 2914 948 2965 seauctorem
966 2911 1022 2962 Ver.
1058 2911 1077 2944 ³⁵
1092 2908 1226 2960 litsorori
1244 2920 1308 2973 qnae
1322 2906 1408 2972 lapse
1422 2906 1536 2959 luerunt
1555 2908 1633 2960 Osos.
1667 2907 1687 2943 ³⁸
1705 2906 1750 2961 hb
1862 2919 1867 2926 ·

96 2978 132 3030 illo
143 2993 198 3033 osse
208 2981 375 3034 mandatum
387 2981 451 3034 Bad.
466 2985 489 3032 i.

732 3043 847 3128 Steph.
864 3043 988 3138 Buluzii
1003 3047 1101 3107 notae.

95 3187 207 3240 reminds
221 3189 339 3254 spatula
359 3187 417 3240 ibe
439 3189 562 3255 episcopi
581 3189 715 3241 Edesseni
738 3189 774 3242 ed
787 3190 923 3280 Modone
967 3189 1014 3253 ((3)
1035 3185 1135 3238 Multis.
1163 3187 1195 3236 ln
1220 3183 1318 3238 codice
1337 3183 1425 3236 senati
1452 3183 1580 3249 Dionysii
1605 3184 1751 3238 lisoiensis

94 3253 184 3308 Pusam
197 3260 226 3310 in
239 3259 479 3325 concilioqninto,
494 3263 575 3326 cujus
591 3261 674 3312 etism
691 3263 794 3314 montio
813 3262 885 3313 iacta
936 3260 1073 3324 scriptum
1106 3259 1148 3309 est
1178 3259 1271 3318 ruetis,
1298 3255 1328 3306 iu
1364 3255 1485 3306 linxensi
1512 3257 1603 3307 rustes.
1629 3256 1662 3306 In
1688 3257 1753 3310 Vita

95 3329 159 3378 estin
169 3329 316 3394 Ephesiae.
327 3331 409 3382 lieris
420 3331 550 3383 monachi
559 3331 685 3382 meminit
695 3331 887 3384 Theodoretus
935 3335 1039 3382 sanctae
1054 3329 1151 3393 Tygrls
1164 3327 1278 3391 virginis
1299 3325 1450 3377 Maurienna
1470 3327 1500 3377 ln
1522 3325 1663 3378 Sabaudia
1677 3327 1752 3380 edita

94 3397 240 3465 incapiteit)
252 3403 376 3453 ilistorie
389 3401 524 3466 religiosa.
935 3403 1053 3454 intumo
1071 3401 1170 3466 quinto
1192 3399 1270 3450 Junii
1290 3397 1466 3450 Bolieudiani
1484 3397 1597 3464 iegitur,
1616 3413 1679 3464 pag.
1694 3401 1751 3452 (δι

116 3471 157 3534 (ti)
170 3471 245 3524 Hanc
264 3473 422 3537 epistolam,
444 3486 505 3539 qrrre
523 3475 644 3538 primum
668 3487 772 3525 excuse
794 3476 835 3525 est
858 3473 887 3524 in
936 3489 952 3522 s
976 3471 1121 3524 Concussit
1150 3469 1234 3520 etism
1264 3468 1365 3518 veliem
1400 3466 1559 3520 Cottianam
1587 3471 1616 3520 in
1652 3483 1753 3535 gyrum

95 3541 193 3591 milone
207 3543 378 3607 ilanutiana,
393 3545 422 3594 ia
435 3543 516 3596 nuno
531 3557 628 3596 eornm
647 3548 775 3597 veterum
794 3557 887 3595 exem·
937 3543 1087 3595 Mauricum
1100 3543 1235 3591 structam
1249 3541 1277 3590 at
1293 3542 1383 3610 rustes
1395 3542 1423 3590 at
1434 3537 1532 3604 uvam,
1547 3552 1611 3605 quse
1625 3541 1713 3592 muris
1727 3545 1755 3594 et

94 3609 191 3672 pluium
215 3614 321 3678 quibus
346 3619 410 3666 utor
426 3617 515 3680 reperi
537 3628 622 3680 quam
647 3617 676 3665 in
701 3614 834 3678 Fuxensi,
857 3615 887 3665 in
936 3615 1018 3665 tectis
1050 3611 1177 3664 ecclesie
1198 3610 1396 3661 ministrarent.
1420 3627 1435 3657 rr
1464 3609 1516 3661 Ubi
1539 3611 1638 3663 Daniel
1665 3612 1752 3677 Pape-

94 3679 340 3748 liratisnopolitano,
350 3686 379 3736 in
391 3699 448 3738 uno
463 3700 534 3749 meo,
553 3692 581 3738 at
599 3689 628 3736 in
649 3700 682 3738 eo
698 3687 774 3751 quod
791 3699 888 3738 servs·
937 3682 1069 3736 broebius
1082 3682 1195 3746 conjicit
1208 3694 1257 3746 per
1268 3685 1358 3732 rustes
1373 3679 1490 3746 intelligi
1508 3679 1609 3733 debera
1623 3683 1751 3748 rusticos,

95 3753 129 3800 tur
148 3755 174 3803 in
188 3759 356 3807 manasterio
374 3757 505 3809 Remeasi
522 3758 612 3808 sancti
638 3757 776 3821 Dionysii.
804 3755 888 3822 Angli
937 3769 1008 3821 quos
1022 3756 1090 3806 alias
1108 3753 1228 3806 dicimus
1251 3763 1345 3804 servos
1366 3751 1464 3816 glebae.
1488 3751 1531 3802 lix
1550 3765 1606 3818 quo
1629 3755 1754 3807 fortassis

95 3825 188 3875 unicum
201 3825 363 3878 hehummrt
379 3841 414 3880 ax
431 3829 600 3880 bibliothece
615 3828 774 3881 Bodleiano.
791 3827 887 3878 Peme·
938 3828 1031 3892 colligi
1051 3829 1145 3891 posset
1170 3822 1361 3888 reponendum
1385 3835 1447 3874 esse
1478 3824 1592 3888 rusticis,
1620 3829 1753 3892 tanquam

94 3891 136 3942 lias
156 3909 214 3948 sam
239 3899 389 3951 invenerat
418 3902 447 3951 in
472 3900 571 3952 codice
594 3900 749 3963 anglicano
773 3899 888 3950 ioannis
938 3898 1093 3964 Cyprianus
1115 3898 1144 3947 ln
1166 3907 1199 3947 so
1222 3895 1372 3960 perstiterit
1390 3895 1465 3959 quod
1484 3896 1567 3959 paulo
1585 3901 1651 3950 ante
1673 3898 1753 3964 dixit,

94 3961 197 4018 amaa.
937 3969 1092 4022 Lucienum
1116 3981 1147 4019 se
1164 3967 1284 4032 imperiti
1302 3967 1379 4031 vulgi
1400 3970 1543 4019 auctorem
1563 3971 1751 4024 constituisse.

117 4037 156 4100 (toy
171 4040 335 4103 instinctas.
352 4041 446 4094 Editio
465 4043 591 4106 Morehii,
609 4041 697 4094 codex
718 4053 805 4104 meus,
819 4040 889 4093 Gre—
938 4041 968 4094 Si
1007 4041 1071 4106 quis
1109 4039 1184 4090 hanc
1220 4040 1410 4103 conjecturem
1451 4039 1599 4105 approbat,
1638 4054 1671 4092 ee
1712 4044 1754 4094 uli

94 4105 289 4172 danopoiitenue
301 4117 329 4163 et
341 4127 415 4164 uuus
431 4113 599 4166 Bodlcienus
614 4113 737 4165 habent:
753 4113 839 4164 Factis
852 4111 889 4163 ad
937 4115 1036 4177 potest.

94 4177 232 4232 mirram.
970 4183 1019 4246 rii)
1055 4182 1138 4234 lintri
1169 4193 1232 4232 sos.
1269 4179 1339 4232 Hec
1365 4182 1472 4231 tentum
1506 4181 1591 4232 editio
1626 4181 1752 4235 muntii.

118 4251 157 4308 (iii
175 4253 280 4316 imperii
290 4255 463 4320 jampridem.
488 4256 550 4308 Vox
566 4256 729 4321 jampridem
757 4254 835 4306 deest
859 4254 888 4304 in
938 4253 1080 4308 Morellius
1102 4257 1130 4304 et
1153 4251 1293 4303 Pemeiius
1314 4251 1477 4315 adjecerunt
1498 4258 1521 4303 st
1545 4254 1644 4304 serari.
1672 4253 1754 4305 Nulla

95 4319 173 4372 codioe
185 4321 326 4376 ilamensi.
342 4327 374 4376 ln
387 4326 510 4379 Fuxensi
530 4329 665 4392 scriptum
689 4331 731 4378 est
753 4326 890 4390 imperitia
938 4339 1019 4390 porro
1036 4324 1138 4376 sororis
1149 4324 1254 4374 mentio
1274 4327 1316 4374 est
1335 4325 1364 4374 in
1387 4323 1755 4390 codiceRemens1,ueque

93 4400 129 4438 (ιι
139 4394 284 4453 pridemss.
301 4396 373 4460 Quae
385 4398 467 4449 lectio
482 4398 591 4450 ridetur
610 4399 761 4450 convenire
777 4410 842 4450 cnm
855 4396 889 4447 iis
938 4399 968 4448 ia
983 4395 1113 4458 Fuxensi,
1126 4397 1155 4446 in
1166 4395 1270 4459 quibus
1286 4396 1421 4460 scriptum
1433 4400 1474 4448 est
1495 4409 1553 4461 que
1568 4395 1643 4461 lapsa
1656 4395 1754 4460 iuerat.

94 4471 144 4520 iu&
157 4467 316 4527 paniosate
331 4468 402 4519 dixit
422 4469 580 4534 Cyprianus
598 4470 633 4521 de
654 4469 787 4530 Lucieno,
811 4469 890 4518 illum
938 4469 970 4520 ln
991 4469 1074 4518 variis
1093 4467 1260 4518 lectionibus
1282 4479 1351 4530 quas
1377 4467 1467 4520 habeo
1490 4479 1526 4518 ex
1545 4467 1642 4518 codice
1663 4469 1755 4520 Vero-

95 4541 170 4584 mnus
186 4537 335 4590 Dominica
352 4540 471 4592 lectione
494 4541 642 4592 laudatum
658 4541 752 4592 inisse.
769 4540 890 4590 Vocatur
940 4541 1018 4592 nansi
1033 4539 1111 4588 nulle
1127 4549 1239 4602 quoqne
1254 4538 1357 4588 sororis
1368 4539 1482 4589 mentio.
1504 4537 1603 4589 Exstat
1618 4543 1709 4590 mmon
1724 4541 1754 4590 (ιι

94 4611 170 4681 autem
179 4607 279 4660 ilerum
291 4611 430 4672 irrrprrr'tus
440 4611 469 4662 in
483 4612 537 4663 hec
553 4613 613 4676 ipss
626 4611 751 4677 epistola.
770 4584 929 4662 SanctusD
940 4625 1003 4663 meo
1017 4614 1044 4662 at
1056 4612 1084 4660 in
1099 4609 1364 4673 Gratianopolitano.

95 4671 273 4750 iireronymus,
288 4681 318 4732 in
330 4683 450 4747 Epistola
463 4685 500 4734 ad
511 4685 693 4749 Nepotianum,
711 4681 747 4734 de
761 4683 818 4732 rita
832 4683 890 4733 cle·
971 4683 1019 4746 liti)
1034 4681 1087 4732 Sat
1099 4682 1158 4744 ejus
1169 4680 1281 4730 uomina.
1296 4677 1392 4730 Codex
1403 4677 1559 4741 immensis,
1569 4678 1617 4731 sub
1626 4680 1754 4745 ejusmodi

95 4755 197 4800 urorum
212 4765 218 4799 :
234 4770 248 4798 a
263 4751 412 4804 celeritate
427 4753 536 4806 meandi
550 4755 624 4818 apud
633 4753 891 4819 imperiumrulgus
939 4765 1075 4807 amaseae
1085 4751 1303 4817 perseveraberit.

96 4815 288 4872 admirationem
302 4825 347 4875 sui
359 4825 451 4877 iacere
463 4825 639 4876 indoctorum
651 4826 798 4877 bominum
812 4829 863 4876 est.
876 4841 891 4872 s
972 4826 1019 4888 ((6)
1043 4824 1153 4874 litteras
1175 4833 1229 4871 aaa
1248 4825 1339 4871 uomet.
1362 4820 1437 4872 Hinc
1454 4833 1520 4885 ergo
1546 4821 1639 4887 colligi
1662 4828 1754 4887 potest

96 4883 122 4934 lii
138 4889 224 4941 inira:
241 4895 348 4946 «Nihil
368 4900 424 4946 tam
449 4895 529 4949 iecsse
548 4909 632 4962 quem
653 4898 737 4949 rilem
761 4899 892 4963 plebaea.
939 4897 1017 4948 huuc
1041 4892 1186 4945 Aurelium
1204 4903 1265 4942 esse
1284 4889 1424 4942 diversum
1448 4889 1483 4942 ab
1508 4891 1622 4942 Aurelio
1649 4891 1754 4945 lectore

96 4955 139 5008 lon
159 4967 184 5012 et
208 4965 351 5016 indoctam
382 4967 548 5020 concionem
579 4970 682 5033 lingum
720 4969 892 5026 volubilitate
940 4969 1067 5022 ecciesiae
1081 4965 1317 5029 carthaginensis,
1331 4963 1366 5014 de
1381 4965 1463 5028 cujus
1476 4963 1653 5017 ordinatione
1664 4966 1755 5030 agitur

97 5027 214 5096 decipere,
229 5050 294 5100 quse
309 5037 446 5103 quidquid
459 5052 516 5090 non
527 5040 726 5105 iutelligitplus
740 5042 891 5094 miratur.»
939 5043 969 5092 in
982 5039 1099 5104 epistola
1113 5037 1152 5088 ³2.
1169 5035 1217 5088 Sic
1230 5037 1259 5085 iu
1271 5037 1360 5099 prime
1378 5035 1527 5086 collatione
1542 5035 1755 5102 Carthaginensi

97 5101 239 5168 imnlpbns
254 5107 442 5172 buxeriensis,
458 5112 538 5174 epist.
551 5111 583 5163 ai
596 5126 602 5159 :
617 5111 712 5162 «Sunt
730 5113 805 5163 enim
828 5116 891 5179 qui-
940 5113 1012 5163 intsr
1035 5107 1194 5161 Catholicos
1215 5111 1243 5157 et
1265 5105 1434 5168 Donatistae,
1461 5119 1521 5170 cap.
1545 5107 1599 5170 (33,
1623 5108 1755 5160 'iriiollus

97 5169 146 5248 dam
158 5179 203 5238 qui
220 5191 255 5230 eo
275 5179 400 5232 difficilia
417 5183 530 5245 majoris
547 5183 693 5245 estimant,
713 5185 779 5249 quia
798 5185 892 5236 minus
940 5184 1088 5248 episcopus
1102 5178 1254 5232 ucrensis
1267 5176 1418 5229 subscribit
1429 5191 1479 5242 pro
1497 5178 1613 5230 Paulino
1625 5179 1756 5232 Zamensi

97 5245 219 5298 anisola
242 5251 387 5313 mirantur,
408 5258 436 5303 et
466 5258 599 5318 tanquam
624 5255 741 5319 puerilia
763 5261 892 5320 reputant
940 5257 1077 5320 presente
1113 5251 1217 5301 litteras
1255 5249 1407 5300 nesciente.
1443 5251 1480 5300 nc
1516 5250 1544 5299 in
1584 5251 1756 5315 protensione

98 5323 148 5375 ((3
167 5321 291 5380 iucunda
306 5322 393 5374 lucidi
418 5327 554 5376 sermonis
575 5325 709 5378 serenitas
731 5327 859 5379 illustrat.
877 5347 891 5376 rr
940 5325 1059 5377 Zenoms
1088 5321 1278 5385 chorepiscopi
1313 5323 1397 5372 secte
1438 5319 1756 5386 quartodecimanorum,

100 5381 183 5462 Notum
196 5393 328 5456 estquod
343 5393 426 5445 tradit
437 5393 636 5459 Quintilianus,
651 5397 700 5446 lib.
716 5411 775 5459 vru,
790 5411 850 5463 cap.
866 5399 891 5461 i,
941 5395 1027 5448 relate
1055 5395 1085 5445 ia
1115 5394 1227 5444 actione
1252 5391 1341 5456 prims
1369 5391 1480 5442 concilii
1508 5390 1755 5462 Chalcedonensis,

100 5452 388 5527 insenescentem
407 5467 530 5531 aliquem
555 5469 603 5533 qui
624 5469 776 5534 discipulos
793 5469 893 5522 obscn·
941 5467 1054 5519 Flavius
1098 5463 1239 5516 Palladius
1270 5463 1422 5514 subscribit
1457 5476 1506 5527 pro
1543 5476 1577 5514 eo
1615 5463 1651 5514 ob
1685 5465 1758 5528 qood

101 5536 215 5594 rarequae
228 5532 353 5588 dicerent
361 5537 481 5601 juberet.
940 5549 1055 5604 presens
1083 5537 1180 5587 diceret
1211 5534 1312 5586 litteras
1333 5545 1360 5584 ss
1383 5533 1517 5597 ignorare.
1548 5533 1608 5584 imo
1638 5535 1666 5584 in
1690 5547 1756 5586 oon·

126 5599 164 5662 ru,
183 5603 279 5668 Scripsi
300 5607 388 5659 libelii.
420 5609 516 5662 Codex
538 5610 686 5675 Fuxcusis,
712 5613 740 5663 in
765 5627 822 5678 qno
849 5612 893 5664 bis
941 5611 1006 5662 cilio
1035 5606 1269 5669 chalcedonensi,
1303 5607 1366 5670 post
1398 5603 1501 5656 relecta
1534 5611 1597 5656 ecta
1627 5605 1757 5670 quiedam

104 5664 219 5738 derupta
232 5679 486 5747 esthecapistola,
500 5684 585 5735 hebet
598 5686 696 5736 inuno
709 5684 771 5736 loco
785 5701 799 5731 a
814 5684 894 5736 libel·
942 5680 1092 5746 Ephesiam
1125 5679 1222 5742 primia
1252 5675 1371 5742 synodi,
1409 5675 1560 5727 subscribit
1592 5674 1668 5727 lilius
1698 5677 1756 5740 epi-

104 5737 139 5790 los
152 5751 273 5815 scriptus,
297 5757 430 5823 gregatim
457 5758 553 5810 multis
575 5759 690 5809 nomine
710 5755 789 5807 Penii
813 5755 893 5808 dara·
942 5764 1044 5818 scopus
1077 5747 1292 5814 Hadrianopolis
1325 5760 1375 5812 per
1400 5745 1558 5798 Romanum
1594 5747 1756 5811 episcopum

33 5829 34 5836 ¹
106 5818 171 5870 tar.»
942 5823 1093 5890 llyrorum,
1123 5817 1155 5873 ab
1178 5819 1249 5886 qaod
1273 5817 1416 5872 maroam
1440 5817 1556 5878 litteras,
1577 5821 1606 5870 et
1626 5816 1757 5884 cunnos
