4076 6190
164 228 206 288 3¹¹²
919 212 1105 280 PRAEFthO.
1822 232 1855 290 38

164 354 384 412 cumsonebant.
398 355 500 412 Utrum
515 347 612 410 eutem
627 351 830 408 hereticorum
845 349 989 422 baptisma
1003 353 1097 404 ratum
1113 363 1203 404 necue
1218 349 1384 408 habendum
1398 357 1483 424 esset,
1496 349 1524 412 id
1539 355 1686 413 obscurari
1702 362 1731 414 et
1746 359 1791 416 dic
1807 363 1857 417 ob·

164 445 308 501 solescere
329 445 424 518 potuit
447 443 476 500 in
498 443 599 499 multis
621 441 800 515 regionibus,
823 441 850 496 in
874 438 978 510 quibus
1000 439 1227 510 recipiendorum
1247 439 1859 506 1111111111111111111111111111111

162 533 324 589 admodum
336 549 432 588 ranas.
446 534 539 598 Quare
555 531 654 587 mirari
668 547 725 586 nou
741 531 878 586 debemus
894 545 945 583 cur
957 529 1011 584 hac
1026 528 1057 582 in
1076 543 1106 584 re
1123 528 1349 600 prestantissimi
1365 531 1418 586 viri
1433 533 1601 591 erraverint.
1617 539 1656 592 Ac
1672 538 1777 594 veritas
1790 542 1855 612 qui-

164 622 232 678 dem
255 623 338 678 lacile
354 621 520 694 investigari
541 621 689 694 potuisset,
705 619 729 674 si
742 620 879 674 consultae
894 618 1013 674 luissent
1025 617 1234 689 antiquissima
1252 619 1386 688 ecclesie,
1402 637 1467 692 quae
1482 637 1630 695 nunquam
1646 625 1786 683 haereticis
1805 647 1854 685 ca·

164 716 286 767 reserant
298 727 371 784 quos
382 713 596 783 oppugnarent,
608 712 657 764 aut
671 707 824 764 redeuntes
836 706 866 761 in
881 704 1027 781 37-38
1041 707 1193 763 Ecclesiam
1209 707 1387 779 reciperent,
1400 709 1493 780 qualis
1506 717 1566 765 erut
1582 713 1722 784 inprimis
1734 717 1857 774 Ecclesia

164 801 310 868 Romana,
322 815 387 856 cum
403 797 608 856 vetustissimos
621 813 748 870 quosque
760 797 910 852 haereticos
928 799 1037 852 constet
1049 795 1077 851 in
1092 795 1167 852 hanc
1179 795 1279 852 urbem
1293 813 1353 854 sese
1369 797 1532 854 contulisse.
1547 800 1600 856 Sed
1613 800 1699 872 hujus
1719 807 1857 864 cautionis

163 891 373 962 praetermissa
400 889 574 946 levissimam
598 889 711 960 culpam
732 887 854 944 sustinet
875 887 1044 960 Cyprianus,
1066 885 1116 958 qui
1138 885 1374 942 consuetudinem
1397 887 1592 960 rebaptizandi
1614 907 1670 946 non
1694 891 1805 952 induxit
1826 898 1856 954 in

163 979 317 1034 ecclesiam
333 993 427 1047 suam,
441 975 492 1032 sed
503 975 684 1034 decessorum
697 992 817 1032 suorum
834 975 1004 1032 auctoritate
1018 975 1201 1031 constitutam
1214 975 1330 1048 reperit.

203 1077 361 1132 Rationum
381 1075 534 1132 momentis
547 1075 652 1147 quibus
662 1074 799 1130 utebatur
814 1073 982 1147 Cyprianus,
994 1077 1106 1129 tantum
1125 1074 1198 1128 inest
1210 1073 1380 1145 splendoris,
1390 1078 1458 1130 utse
1468 1077 1643 1147 Augustinus
1653 1081 1714 1136 sola
1724 1081 1856 1141 Ecclesia

163 1165 382 1221 auctoritatate
393 1164 567 1220 contrariam
579 1163 750 1218 sententiam
762 1161 862 1220 adduci
870 1163 1008 1220 fateatur:
1022 1183 1036 1214 ιι
1047 1163 1103 1218 Nec
1115 1162 1227 1232 nosipsi
1239 1185 1265 1230 u,
1275 1162 1396 1234 inquitl.
1405 1179 1424 1218 rr
1432 1164 1465 1219 de
1474 1167 1567 1236 Sept..
1579 1183 1606 1222 n.
1618 1169 1644 1235 5,
1658 1188 1673 1218 ιι
1683 1169 1738 1224 tale
1748 1172 1857 1244 aliquid

164 1255 344 1310 auderemus
359 1269 498 1322 asserere,
513 1251 567 1307 nisi
584 1251 721 1307 universae
734 1251 867 1308 Ecclesiae
882 1251 1102 1309 concordissima
1117 1252 1286 1308 auctoritate
1300 1251 1421 1317 firmati3
1435 1253 1481 1308 cui
1491 1247 1519 1309 c't
1532 1255 1592 1325 ipse
1605 1257 1784 1330 (Cyprianus)
1795 1261 1857 1318 sine

164 1343 257 1398 dubio
268 1343 392 1412 cederet,
403 1343 425 1398 si
431 1343 495 1414 jam
506 1341 554 1397 illo
565 1345 696 1414 tempore
707 1341 870 1413 questionis
881 1340 966 1412 hujus
978 1338 1083 1396 veritm
1097 1340 1223 1411 eliquata
1233 1345 1261 1395 et
1274 1339 1416 1396 declarata
1426 1357 1478 1412 per
1486 1342 1649 1413 plenarium
1657 1347 1806 1406 consilium
1815 1367 1859 1406 so·

163 1433 318 1488 lideretur.
332 1455 346 1482 u
360 1433 415 1487 lloc
430 1437 528 1488 eutem
545 1431 726 1504 potissimum
737 1435 909 1502 argumento
922 1429 1067 1485 nitebatur
1079 1428 1235 1501 Cyprianus
1251 1446 1258 1484 :
1274 1428 1406 1499 haereses,
1417 1446 1482 1486 cum
1496 1431 1531 1486 ab
1546 1431 1675 1490 Ecclesiae
1690 1437 1797 1494 unitate
1810 1440 1860 1495 ab·

165 1522 266 1576 scissae
282 1521 341 1577 siut
353 1527 381 1577 et
400 1537 432 1576 ex
447 1521 567 1577 mortuis
580 1523 712 1577 constent
733 1520 907 1587 hominibus,
921 1533 978 1574 uon
998 1534 1083 1591 posse
1106 1517 1294 1586 sanctificare,
1308 1519 1506 1575 remissionem
1528 1526 1709 1593 peccatorum
1729 1531 1759 1582 et
1771 1527 1860 1600 Spiri-

161 1614 229 1666 tum
254 1616 388 1666 sanctum
403 1608 484 1667 dare.
499 1631 513 1661 ιι
528 1609 597 1675 ouis
619 1614 717 1666 autem
741 1614 835 1684 potest
856 1609 937 1677 dare,
953 1629 967 1660 u
981 1607 1073 1679 inquit
1092 1607 1122 1663 in
1145 1609 1196 1680 Ep.
1210 1623 1273 1675 arx,
1290 1629 1304 1658 ιι
1317 1608 1392 1678 quod
1414 1609 1474 1681 ipse
1487 1626 1546 1666 non
1569 1613 1695 1670 haheat?
1707 1618 1763 1673 dut
1783 1635 1855 1690 quo·
1884 1631 1887 1641 ⁴

162 1700 254 1756 modo
268 1703 362 1772 potest
374 1700 517 1771 spiritalia
530 1715 626 1773 agere,
641 1699 691 1772 qui
704 1698 764 1772 ipse
780 1697 911 1755 amiserit
931 1696 1070 1768 Spiritum
1084 1695 1240 1752 sanctum?
1256 1717 1270 1747 u
1286 1697 1319 1752 Et
1334 1696 1363 1752 iu
1377 1699 1427 1771 Ep.
1444 1715 1507 1755 uxxr
1522 1721 1528 1754 ι
1543 1721 1557 1750 ιι
1572 1701 1668 1774 Neque
1688 1705 1766 1760 enim
1782 1707 1855 1762 acci·

161 1789 251 1862 piant
273 1789 330 1846 illic
351 1789 460 1862 aliquid
476 1790 523 1846 uhi
540 1789 612 1846 nihil
634 1794 688 1846 est.
705 1809 719 1841 u
736 1789 772 1844 Et
792 1787 981 1860 paulopost:
1000 1809 1013 1836 ιι
1027 1786 1206 1842 Manifestum
1223 1789 1375 1844 estautem
1389 1789 1502 1860 eosqui
1523 1805 1580 1845 non
1595 1795 1662 1846 sunt
1685 1791 1715 1848 in
1732 1795 1857 1851 Ecclesia

161 1878 273 1934 Christi
294 1877 514 1935 intermortuos
535 1879 704 1952 computari,
722 1893 773 1934 nec
785 1893 868 1950 posse
880 1876 915 1932 ab
936 1892 970 1932 eo
983 1874 1117 1930 uirilicari
1139 1876 1263 1932 alterum
1276 1875 1325 1948 qui
1348 1875 1408 1949 ipse
1425 1893 1482 1932 non
1497 1878 1580 1936 vivat.
1598 1900 1612 1930 1
1637 1881 1676 1936 Ex
1692 1881 1735 1936 bis
1757 1889 1785 1938 at
1796 1885 1858 1940 eliis

162 1967 309 2038 ejusmodi
324 1967 499 2025 testimoniis
514 1985 695 2042 nequaquem
712 1969 741 2025 id
759 1967 860 2024 statuit
880 1967 1049 2040 Cyprianus,
1064 1966 1142 2038 quod
1155 1982 1189 2022 ex
1205 1966 1266 2038 eJ'us
1279 1963 1373 2020 verbis
1392 1965 1529 2039 consequi
1544 1967 1745 2026 existimarunt
1760 1974 1857 2030 erudi·

161 2059 264 2112 turum
291 2057 433 2125 nonnulli,
457 2059 649 2115 necessariam
670 2074 733 2114 esse
755 2057 876 2130 singulis
899 2055 1039 2112 ministris
1062 2054 1251 2122 sanctitatem,
1276 2057 1308 2108 ut
1332 2059 1513 2112 sacramenta
1533 2058 1623 2114 valide
1645 2058 1855 2122 administrent.

163 2145 312 2217 Loquitur
337 2144 372 2200 de
398 2145 530 2203 universe
550 2147 694 2218 socictate
717 2163 773 2204 uon
798 2146 833 2202 de
855 2145 993 2219 privatis;
1016 2152 1044 2202 et
1066 2142 1315 2218 quemadmodum
1342 2143 1474 2199 Ecclesia
1496 2145 1642 2203 catholicae
1670 2158 1855 2222 sacramenta,

165 2235 239 2290 dnm
254 2253 272 2290 a
291 2235 373 2290 melis
386 2237 631 2308 administrantur,
642 2237 700 2294 rim
719 2242 845 2293 suamet
864 2235 997 2293 ellectum
1016 2233 1144 2290 retinent
1164 2231 1296 2305 precibus
1314 2236 1478 2288 sanctorum
1495 2235 1524 2288 et
1536 2235 1694 2306 gemitibus
1706 2241 1855 2312 columbe,

164 2325 204 2379 sic
229 2325 308 2397 apud
330 2326 491 2394 haereticos,
511 2327 559 2382 nbi
578 2343 679 2383 omnes
701 2327 808 2382 mortni
829 2328 905 2395 sunt,
926 2327 1105 2380 sacramenta
1118 2338 1170 2378 suo
1193 2321 1294 2378 effectu
1318 2321 1481 2378 defraudari
1504 2339 1536 2380 ac
1558 2327 1636 2382 nulla
1656 2345 1772 2399 prorsus
1796 2348 1857 2390 esse

164 2413 365 2483 existimabat,
380 2431 445 2470 curn
472 2415 524 2470 sibi
540 2415 714 2488 persuadere
738 2433 795 2472 non
814 2421 908 2487 posset
930 2413 1106 2482 columbam,
1120 2414 1152 2468 nt
1166 2427 1218 2483 per
1238 2411 1328 2467 malos
1347 2411 1492 2468 ministros
1513 2412 1542 2469 in
1564 2416 1686 2472 Ecclesia
1706 2420 1855 2491 catholiea,

163 2501 207 2556 ita
232 2518 286 2572 per
298 2501 446 2558 hereticos
468 2508 497 2558 et
513 2504 707 2560 schismaticos
728 2504 757 2560 in
771 2503 873 2559 heresi
894 2507 923 2559 et
945 2501 1097 2558 schismate
1115 2499 1271 2572 baptizare.
1285 2499 1332 2556 Sic
1352 2500 1550 2573 explicandam
1572 2505 1706 2578 Cypriani
1726 2514 1856 2565 mentem

163 2589 347 2660 expluribus
366 2591 436 2646 locis
449 2590 621 2663 perspicitur
636 2612 643 2647 :
660 2614 674 2643 ιι
687 2595 839 2658 Quomodo
862 2596 958 2648 autern
975 2589 1158 2660 mundare»,
1175 2589 1270 2661 inquit
1285 2589 1315 2644 in
1335 2589 1387 2662 Ep.
1405 2605 1466 2657 ux,
1481 2611 1496 2641 ιι
1512 2597 1541 2646 et
1559 2595 1735 2652 sanctificare
1753 2614 1857 2669 aquam

163 2682 261 2751 potest
283 2679 360 2752 apud
375 2695 461 2751 quam
475 2680 595 2752 Spiritus
616 2687 731 2738 sanctus
751 2700 808 2739 non
822 2684 920 2740 esti...
936 2683 993 2737 Aut
1006 2678 1150 2753 quomodo
1162 2678 1309 2751 baptizans
1323 2677 1392 2734 dare
1413 2679 1497 2735 alteri
1510 2681 1659 2738 remissam
1674 2691 1856 2757 peccatorum

164 2771 273 2840 potest,
288 2770 340 2840 qni
362 2769 423 2840 ipse
445 2777 562 2842 peccate
575 2773 630 2826 'sua
652 2772 794 2844 deponere
819 2779 899 2828 extra
921 2769 1074 2826 Ecclesiam
1098 2784 1155 2824 non
1176 2768 1316 2840 potestte
1337 2769 1371 2824 Et
1390 2767 1419 2823 iu
1442 2769 1494 2841 Ep.
1510 2785 1602 2841 uxxur,
1615 2789 1646 2844 p.
1664 2776 1714 2830 131
1729 2791 1737 2829 s
1753 2797 1767 2826 ιι
1782 2778 1859 2833 Nun-

168 2858 237 2930 quid
252 2857 289 2912 de
304 2858 437 2914 aeclesia
461 2859 590 2916 lontibus
603 2860 698 2934 rigere
722 2865 827 2934 polest,
843 2861 892 2934 qni
916 2861 993 2916 intus
1013 2859 1041 2914 in
1066 2856 1189 2912 Ecclesia
1212 2872 1271 2912 non
1284 2857 1346 2911 estt
1360 2877 1374 2908 »
1389 2857 1505 2914 Fatetur
1520 2861 1682 2932 paulopost
1701 2864 1857 2938 haereticos,

170 2967 186 2997 ιι
204 2947 229 3001 si
241 2946 378 3002 Ecclesia
400 2948 494 3004 devoti
507 2951 537 3003 et
559 2947 588 3004 in
612 2949 737 3005 Ecclesia
753 2949 900 3007 constituti
921 2956 997 3016 sunt,
1010 2963 1095 3022 posse
1115 2952 1144 3002 et
1158 2945 1304 3018 Baptismo
1324 2945 1386 3018 ejus
1408 2950 1436 3001 et
1454 2949 1563 3004 ceteris
1586 2951 1757 3010 salutaribus
1775 2955 1857 3011 bonis

163 3037 219 3092 nti.
237 3058 253 3088 u
269 3037 402 3108 Denique
424 3036 454 3092 in
471 3037 572 3094 eadem
586 3037 705 3110 epistola
730 3043 767 3111 (p.
787 3040 848 3113 133)
862 3039 1006 3112 conceptis
1023 3037 1116 3093 verbis
1137 3037 1226 3091 malos
1244 3035 1335 3107 quiin
1356 3035 1479 3090 Ecclesia
1496 3041 1562 3094 suot
1582 3039 1733 3114 distinguit
1745 3043 1781 3098 ab
1800 3043 1859 3100 har-
1946 3081 1950 3092 ι

162 3125 262 3181 seticis
277 3143 285 3181 ι
302 3147 317 3177 ιι
332 3127 420 3182 Ρο11ο
434 3125 514 3181 aliud
529 3131 581 3196 est,
594 3125 700 3198 inquit,
715 3145 762 3183 eos
777 3129 827 3201 qui
841 3129 918 3187 intus
932 3131 960 3184 in
977 3127 1102 3184 Ecclesia
1115 3131 1182 3181 sunt
1197 3126 1231 3180 de
1245 3126 1362 3181 nomine
1378 3125 1481 3182 Christi
1495 3128 1583 3200 loqui,
1599 3131 1676 3186 eliud
1690 3137 1734 3190 est
1745 3149 1794 3190 eos
1806 3134 1856 3208 qui

162 3215 237 3270 loris
261 3218 330 3269 sunt
345 3221 374 3270 et
397 3221 497 3270 contra
510 3214 664 3270 Ecclesiam
688 3215 807 3287 iaciunt,
823 3219 853 3275 in
873 3218 990 3274 nornine
1008 3215 1112 3274 Christi
1125 3214 1279 3287 baptizare.
1296 3214 1391 3281 Quare
1410 3214 1459 3288 qui
1480 3217 1621 3275 hereticis
1642 3226 1857 3293 patrocinantur

162 3319 224 3358 non
249 3302 280 3357 id
304 3303 456 3374 proterant
478 3303 552 3374 quod
579 3303 684 3358 Paulus
707 3303 742 3360 de
765 3305 900 3362 iratribus
928 3305 1032 3378 posuit,
1053 3305 1101 3360 sed
1124 3303 1275 3360 ostendant
1297 3303 1320 3360 si
1345 3305 1480 3362 haeretico
1504 3307 1612 3382 aliquid
1641 3313 1857 3370 concedendum

162 3394 287 3465 putarit,
300 3398 350 3447 aut
367 3394 391 3448 si
411 3391 499 3448 fldem
515 3398 544 3448 et
566 3390 711 3464 baptisma
731 3410 830 3451 eornm
846 3396 987 3468 probavit,
1001 3398 1052 3451 eut
1072 3394 1095 3449 si
1117 3393 1239 3466 perfidos
1258 3398 1288 3452 et
1305 3393 1486 3466 blasphemos
1504 3399 1704 3456 remissionem
1723 3409 1856 3474 peccato·

164 3497 233 3536 rum
252 3481 383 3554 accipere
396 3487 477 3537 extra
490 3480 645 3537 Ecclesiam
664 3498 748 3554 posse
762 3485 921 3542 constituit.
937 3507 952 3536 »
970 3483 1075 3540 Eadem
1092 3483 1179 3540 habet
1194 3483 1375 3540 Eirmilianus
1394 3501 1424 3556 p.
1440 3488 1501 3544 111.
1515 3487 1585 3543 llinc
1599 3489 1732 3547 observat
1744 3495 1856 3565 hugus·

162 3569 245 3625 tinus
270 3569 300 3641 (l.
319 3587 346 3626 rr
367 3570 401 3626 dc
423 3569 517 3641 Bopt.)
537 3570 710 3642 Cyprianum
735 3571 913 3647 distinguere
934 3595 948 3626 ιι
972 3574 1050 3630 inter
1068 3589 1117 3630 eos
1140 3571 1189 3644 qui
1213 3571 1281 3628 mali
1304 3571 1374 3628 loris
1395 3579 1471 3644 sunt,
1495 3581 1524 3631 et
1545 3593 1593 3632 eos
1614 3578 1664 3650 qui
1684 3579 1762 3636 intus
1786 3582 1856 3638 111111

164 3665 255 3730 sunt;
270 3681 286 3710 t)
300 3675 334 3715 ac
357 3657 487 3730 pluribus
508 3658 688 3715 demonstrat
704 3660 825 3718 minima
847 3663 976 3736 sequias
996 3662 1049 3718 hoc
1068 3660 1261 3731 distinctione,
1278 3667 1309 3717 ut
1327 3661 1451 3719 Ecclesia
1470 3663 1541 3720 ioris
1560 3682 1615 3739 per
1626 3667 1777 3726 hereticos
1797 3687 1858 3728 non

163 3746 306 3821 baptizet,
321 3747 561 3820 quemadmodum
575 3763 627 3820 per
639 3749 730 3806 malos
744 3749 821 3808 intus
837 3751 972 3824 baptizat.

204 3855 236 3912 Si
262 3855 383 3927 petitae
404 3855 546 3927 Cypriane
558 3871 573 3911 e
587 3854 742 3928 Scripturis
761 3867 934 3932 argumenta
948 3876 1008 3917 uon
1020 3859 1100 3916 omni
1120 3857 1377 3916 verisimilitudinis
1391 3861 1486 3917 colore
1505 3862 1641 3920 destitute
1659 3871 1737 3936 sunt,
1750 3873 1780 3924 at
1792 3885 1858 3943 quas

166 3945 294 4018 objectae
314 3944 351 4000 ab
369 3945 536 4001 adversariis
551 3945 694 4003 traditioni
709 3950 872 4021 respondet,
885 3966 918 4006 ea
933 3950 1005 4006 tanti
1017 3950 1127 4024 ingenii
1140 3952 1203 4007 luco
1224 3963 1340 4021 prorsus
1351 3948 1480 4022 indigna.
1494 3953 1653 4009 llumanam
1675 3957 1859 4018 traditionem

165 4035 302 4108 appellat
316 4033 406 4106 quod,
420 4033 528 4088 nullius
542 4035 653 4092 concilii
666 4038 834 4094 auctoritate
855 4041 1052 4113 constitutum,
1068 4041 1099 4098 in
1114 4039 1247 4097 maximis
1265 4039 1425 4112 quibusque
1441 4041 1571 4098 Ecclesiis
1591 4060 1705 4101 srrmmo
1719 4065 1860 4108 consensu

167 4123 357 4190 observatur,
373 4138 427 4178 uec
450 4121 479 4178 in
502 4121 563 4195 ipsa
578 4123 670 4180 Africa
690 4129 756 4182 ante
774 4128 967 4202 Agrippinum
987 4129 1130 4186 observari
1145 4129 1277 4186 desierat.
1292 4128 1363 4185 Cum
1381 4135 1478 4186 autem
1493 4130 1520 4187 ei
1541 4132 1736 4204 objiceretur:
1753 4159 1767 4189 ιι
1786 4141 1858 4205 Quid

166 4228 245 4285 ergo
263 4211 313 4267 liet
327 4212 363 4266 de
376 4211 422 4268 his
442 4211 533 4284 quiin
553 4213 732 4284 praeteritum
753 4215 788 4272 de
804 4218 906 4275 boercsi
921 4221 956 4276 ad
975 4220 1128 4277 Ecclesiam
1147 4219 1292 4274 venientes
1304 4219 1366 4274 sine
1387 4219 1531 4292 Baptismo
1551 4223 1668 4280 admissi
1687 4229 1777 4284 sunit
1790 4249 1804 4281 u
1817 4232 1858 4289 sic

166 4301 382 4374 respondetis
406 4301 495 4373 Epist.
509 4301 547 4357 od
566 4302 680 4358 lubet:
701 4323 716 4356 a
734 4305 837 4364 Potens
860 4312 902 4365 est
923 4311 1061 4366 [lominus
1082 4307 1277 4366 misericordia
1300 4324 1352 4364 sua
1372 4307 1581 4382 indulgentiam
1600 4313 1679 4385 dare,
1694 4319 1724 4371 et
1744 4321 1860 4392 eosqui

165 4391 205 4446 ad
228 4389 389 4448 Ecclesiam
410 4390 580 4462 simpliciter
601 4393 717 4448 admissi
740 4395 769 4450 in
792 4397 916 4454 Ecclesia
938 4397 1125 4468 dormierunt,
1141 4398 1176 4454 ab
1197 4397 1327 4453 Ecclesia
1342 4413 1401 4454 sure
1422 4401 1589 4458 muneribus
1610 4419 1668 4460 non
1684 4421 1828 4477 separare.
1843 4429 1857 4461 u

166 4481 199 4536 ln
225 4480 284 4536 bac
302 4480 476 4553 reponsione
499 4481 666 4538 charitatem
683 4484 817 4556 Cypriani
829 4492 858 4542 et
881 4487 972 4544 animi
987 4488 1213 4544 moderationem
1234 4488 1313 4544 lacile
1330 4504 1484 4561 agnosces;
1502 4491 1551 4547 sed
1571 4493 1689 4565 quodsi
1706 4496 1859 4569 objicieba-

165 4573 229 4640 tur,
245 4585 312 4624 cnm
334 4573 364 4624 et
378 4569 491 4625 adultos
511 4574 540 4626 et
554 4569 678 4628 inlantes
699 4575 945 4646 complecteretur,
960 4577 1020 4652 ipse
1034 4579 1070 4634 de
1084 4578 1189 4634 adultis
1202 4595 1275 4650 sese,
1291 4582 1323 4635 ut
1344 4583 1447 4652 potest,
1461 4582 1587 4655 expedit,
1602 4586 1632 4640 at
1645 4585 1679 4641 de
1701 4585 1857 4644 infantibus

163 4660 198 4716 in
224 4659 328 4714 haeresi
350 4658 514 4802 blaptizatis,
534 4663 564 4715 ct
584 4659 614 4715 in
636 4663 758 4719 Ecclesia
781 4662 842 4720 siue
863 4683 939 4724 noro
964 4668 1106 4740 baptismo
1127 4672 1193 4726 ante
1215 4685 1300 4726 usum
1319 4671 1441 4728 rationis
1461 4673 1661 4746 morientibus,
1679 4691 1715 4732 ne
1741 4677 1857 4734 uerbum

165 4749 295 4824 quidem
308 4765 361 4820 pro
374 4747 503 4820 oquitur.

205 4857 346 4924 Quemvis
366 4863 464 4912 antem
485 4857 602 4930 objecta
623 4861 772 4920 traditioni
786 4865 882 4922 miuus
902 4867 977 4924 belle
996 4866 1180 4940 responderit
1197 4867 1362 4941 Cyprianus,
1376 4883 1436 4924 non
1455 4868 1559 4925 ideirco
1580 4873 1675 4927 tamen
1697 4873 1860 4934 traditionis

164 4947 381 5006 auctoritatem
400 4946 561 5006 floccifecit.
575 4951 718 5024 Nusquam
742 4955 878 5027 exprimit
891 4964 941 5014 aut
955 4959 1025 5016 dicit
1043 4959 1119 5032 quod
1135 4960 1161 5015 ei
1177 4959 1272 5015 Simon
1293 4957 1455 5014 Gorrlartius
1468 4959 1499 5014 in
1518 4960 1594 5016 notis
1608 4960 1645 5016 ad
1665 4963 1754 5036 Epist.
1768 4981 1858 5036 11111,

163 5045 197 5096 et
223 5036 309 5093 multi
330 5036 827 5113 1111111011111111111111111111,1ο
851 5064 968 5106 ornnem
985 5050 1182 5124 evangelicam
1203 5055 1231 5106 et
1244 5048 1427 5122 apostolicam
1446 5049 1629 5106 traditionem
1650 5069 1711 5108 esse
1725 5071 1858 5126 quaeren-

164 5129 239 5185 dam
269 5127 301 5183 in
318 5127 487 5200 Evangeliis,
500 5131 577 5186 actis
598 5139 648 5189 aut
662 5133 811 5208 Epistolis;
824 5140 856 5194 2⁰
876 5139 974 5196 omnia
994 5139 1040 5196 illa
1063 5155 1128 5215 quac
1143 5157 1199 5196 nou
1223 5143 1340 5212 possunt
1359 5140 1388 5196 in
1409 5139 1453 5196 his
1469 5139 1550 5195 libris
1562 5143 1684 5214 reperiri
1703 5145 1859 5217 rejicienda

163 5223 198 5276 at
209 5216 423 5274 contemnenda
436 5233 510 5276 esse.

211 5325 277 5382 lion
300 5324 414 5382 videtur
427 5327 531 5384 caelum
551 5333 624 5385 terra
648 5330 764 5405 longius
783 5333 901 5408 distare,
915 5351 1003 5411 quiam
1021 5337 1155 5411 Cypriani
1179 5340 1320 5396 sententia
1335 5337 1474 5412 ejusmodi
1493 5342 1671 5399 commentis.
1688 5344 1717 5398 l⁰
1738 5342 1777 5400 Er
1798 5347 1860 5420 ey'us

164 5417 208 5474 de
231 5413 365 5470 Ecclesia
384 5414 587 5474 inlellibililata
606 5421 778 5480 testimoniis
801 5442 867 5498 quae
887 5443 974 5500 supra
995 5427 1155 5498 retulimus,
1170 5428 1293 5502 perspici
1307 5433 1401 5503 potest
1422 5445 1460 5486 an
1480 5429 1565 5486 aliam
1581 5431 1646 5488 lidei
1658 5433 1786 5506 regulam
1801 5453 1859 5496 non

163 5503 334 5574 admiserit,
350 5521 437 5578 quem
460 5505 615 5579 Scriptura
636 5514 804 5570 contextum
824 5531 842 5572 a
863 5516 1019 5573 traditione
1042 5519 1222 5589 separatum
1236 5523 1268 5575 2⁹
1288 5519 1446 5591 Cyprianus
1460 5525 1489 5574 et
1509 5519 1690 5576 Eirmilianus
1713 5539 1856 5597 nusquam

165 5599 338 5668 queruntur
358 5597 435 5668 quod
459 5598 641 5657 traditionem
662 5603 833 5674 Stephanus,
848 5611 878 5661 ut
899 5605 966 5664 lldei
981 5609 1123 5680 regulam,
1139 5613 1274 5682 opponat.
1291 5609 1425 5664 Eatentur
1445 5606 1520 5663 bauo
1534 5608 1715 5666 traditionem
1731 5611 1766 5668 de
1786 5615 1857 5686 Bap-

166 5684 262 5740 tismo
287 5684 486 5742 hereticorum
514 5705 570 5744 non
593 5688 722 5748 iterando
744 5693 950 5751 observandam
972 5713 1044 5767 csse,
1067 5697 1091 5752 si
1119 5698 1155 5753 ab
1181 5697 1316 5770 apostolis
1340 5701 1400 5752 orte
1429 5697 1481 5766 sit3
1497 5697 1547 5753 sed
1574 5702 1665 5754 ortam
1689 5704 1797 5772 negant
1821 5705 1858 5758 ab

166 5773 326 5850 apostulis,
339 5775 408 5848 quia
428 5775 558 5836 haeretiei
578 5779 627 5853 qui
649 5781 702 5838 sub
723 5785 861 5857 apostolis
882 5785 1005 5858 rediere,
1019 5787 1079 5862 jam
1101 5785 1131 5843 in
1142 5786 1265 5844 Ecclesia
1277 5785 1410 5862 baptizati
1422 5785 1538 5842 luerent
1552 5785 1633 5860 (Epp.
1644 5803 1726 5845 uxxrr
1740 5794 1770 5846 et
1781 5791 1858 5865 urar)

1402 5954 1414 6003 r

1398 6042 1412 6122 't
