4090 6188
147 183 150 192 '
255 200 323 264 asos
682 197 1506 268 til:multisnilobduruisti.1l'rtillltiot.¹ttttti.
1862 195 1928 258 stol

255 333 354 407 partis,
374 337 441 390 uou'
460 334 557 390 autem
574 335 668 390 totum
688 332 764 390 iltius
779 313 983 407 argumentum
1009 334 1067 392 exi·
1076 331 1210 420 Ascribi.
1226 331 1280 389 Sed
1290 331 1320 388 id
1341 330 1450 387 nemini
1462 329 1570 386 mirum
1585 327 1676 385 videri
1695 327 1784 384 debet
1797 343 1805 384 c
1818 328 1932 400 quando

255 426 314 484 bet.
1117 425 1235 499 quidem
1250 426 1384 496 pleraque
1405 423 1539 496 Cypriani
1553 423 1647 494 Opera
1671 422 1708 478 ab
1727 421 1855 493 antiquis
1868 421 1933 476 scri·

289 521 373 578 Certo
388 519 485 591 itaque
510 519 655 576 affirmare
677 537 732 578 non
751 535 904 593 possumus
923 539 988 596 quse
1000 539 1067 580 vera
1115 518 1244 591 ptoribus
1264 517 1400 588 epistota,
1428 519 1570 574 Tacctmm
1592 519 1620 571 et
1645 516 1723 570 Libri
1740 513 1933 570 indifferenter

255 613 292 669 sit
309 613 396 684 hugus
412 612 478 668 libri
490 612 647 686 inscriptio,
662 631 695 670 ac
709 614 786 686 quod
809 614 887 671 illins
904 615 1064 674 exordium.
1115 616 1308 688 appellantur.
1324 615 1421 686 Neque
1434 629 1506 686 opus
1527 618 1571 668 est
1588 612 1660 670 illud
1676 612 1789 668 anobis
1812 610 1931 667 demon·

254 705 389 762 Erasmus
406 719 475 761 vero
497 706 655 778 suspicatus
678 713 720 763 est
741 707 792 763 illc
818 709 934 765 adaucta
953 709 1067 766 tuissaa
1116 709 1212 776 strari,
1237 707 1368 781 quod'ab
1389 707 1467 776 aliis,
1482 721 1515 762 ac
1537 707 1698 778 presertim
1720 705 1757 761 ab
1781 703 1931 760 oxoniensi

254 798 380 870 quodam
395 799 478 854 docto
490 798 616 870 homine,
634 817 686 856 nec
706 800 781 857 aliud
796 801 879 858 nobis
906 818 1065 875 superesse,
1116 803 1248 875 episcopo
1260 801 1327 858 satis
1352 800 1467 856 abunde
1492 799 1643 871 probatum
1668 803 1721 854 est.
1743 799 1851 854 Verum
1865 799 1931 870 quia

253 891 309 948 nisi
334 891 527 964 fragmentum
557 892 643 964 hujus
660 893 874 964 lucubrationis,
888 911 953 968 que
975 896 1066 967 capite
1115 895 1178 952 haec
1189 895 1392 952 commentatio
1404 893 1513 950 nullam
1536 909 1596 965 prm
1608 908 1638 948 se
1650 891 1705 947 tert
1723 891 1850 964 epistolae
1870 908 1931 961 sps·

254 987 387 1041 truncata
418 990 462 1041 est
481 986 615 1057 (Erasm,
640 988 717 1052 Not..
741 990 772 1043 s'n
793 989 864 1044 tunc
881 988 966 1058 libr).
996 990 1066 1044 Nem
1116 987 1349 1056 ciem,atendum
1366 987 1460 1058 potius
1483 985 1596 1041 videtur
1621 1001 1721 1040 eorum
1743 984 1865 1055 judicio,
1883 985 1932 1055 qui

254 1078 346 1150 testis,
361 1077 468 1150 inquit,
489 1078 570 1134 nobis
596 1082 640 1135 est
657 1061 818 1136 Lactantius
834 1081 958 1152 plurime
982 1083 1067 1154 aCy·
1115 1080 1237 1138 illumin
1251 1083 1422 1136 tractatuum
1445 1094 1566 1135 numero
1593 1078 1789 1150 reponendam
1812 1093 1928 1132 censue·

252 1172 356 1244 priano
380 1170 542 1243 conscripta
557 1171 645 1228 tuisse
667 1174 820 1230 volumina.
845 1179 879 1231 at
906 1177 1066 1232 bacuntius
1115 1177 1183 1230 runt
1210 1175 1335 1246 (Presct.
1369 1174 1456 1231 omn.
1482 1174 1512 1228 tn
1536 1173 1642 1228 Annei.
1670 1171 1765 1242 Cppr..
1789 1185 1858 1244 pag.
1894 1171 1931 1240 li.

254 1263 372 1337 quidem
384 1263 457 1320 dixit
479 1265 569 1320 multa
595 1265 630 1321 ab
649 1265 698 1322 illo
717 1261 793 1322 edite
813 1267 909 1337 tuisse,
921 1269 972 1326 sed
984 1269 1065 1342 peni·
1415 1290 1562 1332 taunucus
1574 1291 1615 1331 111.

254 1359 301 1413 tus
326 1357 413 1412 mouit
439 1372 526 1428 quam
550 1357 581 1412 in
607 1373 670 1414 rem
696 1359 802 1431 scripta
823 1360 891 1429 sint,
918 1377 950 1417 ac
970 1367 1067 1434 postca
1116 1367 1173 1435 Qua
1196 1369 1369 1437 compescet
1394 1377 1477 1435 quam
1502 1366 1668 1432 festinanter
1688 1364 1732 1418 bic
1758 1363 1826 1418 taber
1845 1379 1865 1418 c
1880 1362 1931 1432 Gu-

253 1449 340 1506 unius
352 1449 553 1505 tautummodo
566 1449 604 1505 ad
625 1451 843 1508 demetrianum
860 1454 998 1512 orationis
1014 1471 1065 1510 no·
1354 1447 1454 1515 pmcne
1466 1447 1584 1516 mittut
1597 1445 1694 1511 sutrii·

255 1541 390 1598 minatim
416 1543 549 1600 meminit
560 1543 708 1616 ltbsctant.
735 1545 818 1602 litas
840 1549 919 1618 lust,
946 1565 1009 1622 csp.
1040 1552 1065 1616 t,
1150 1547 1274 1605 Tametsi
1288 1547 1399 1603 nultum
1414 1547 1563 1619 temporis,
1578 1561 1637 1618 quo
1661 1545 1706 1602 hie
1717 1545 1792 1600 liber
1806 1545 1930 1616 scriptus

256 1649 322 1706 pag.
350 1636 414 1704 tea,
435 1638 465 1691 et
490 1652 553 1709 cap.
578 1637 606 1706 4,
630 1653 696 1710 paa.
728 1639 803 1710 trs).
826 1641 938 1696 Poterat
968 1644 1065 1698 autem
1114 1639 1665 1712 est,indiciuminsudepreheudatur,
1692 1637 1812 1712 quidem
1825 1642 1929 1694 umen

253 1728 390 1784 Erasmus
426 1729 617 1801 augustinum
657 1731 747 1788 etiam
779 1736 809 1788 et
846 1733 1022 1792 llieronum.
1051 1733 1313 1810 chutantillum
1329 1749 1347 1788 s
1366 1732 1508 1806 Cypriane
1527 1732 1662 1788 inlucem
1682 1733 1820 1788 emissum
1835 1733 1934 1787 statim

254 1821 515 1894 nohispeuloante
540 1823 681 1893 laudatos,
704 1825 800 1890 citare,
814 1843 936 1898 quorum
961 1827 1071 1900 primus
1119 1831 1205 1900 atque
1228 1827 1315 1884 sacris
1338 1827 1470 1900 baptismi
1495 1826 1579 1882 nudis
1593 1831 1780 1898 regeneratus
1810 1826 1878 1893 tuit,
1909 1829 1935 1881 et

255 1917 391 1971 testatum
406 1915 476 1972 tecit
493 1917 616 1972 multae
637 1919 792 1990 Cypriane,
816 1920 846 1975 in
865 1937 916 1976 suo
938 1921 1071 1978 adversus
1119 1923 1276 1990 antequam
1288 1919 1499 1992 presbyteratus
1511 1919 1613 1974 ordine
1624 1918 1797 1974 initiaretur.
1821 1917 1937 1990 Opinie

262 2009 392 2064 ethnicos
403 2008 475 2064 libro
493 2011 616 2082 proferri
635 2011 751 2068 illorum
764 2013 950 2070 testimonia:
971 2030 1071 2071 secun·
1119 2029 1187 2069 nem
1202 2015 1299 2069 autem
1322 2028 1404 2068 suam
1427 2011 1613 2069 connituntur
1635 2011 1811 2084 quibusdam
1833 2012 1936 2067 contir-

259 2103 314 2159 dus
347 2117 413 2158 aero
452 2102 603 2160 historiam
631 2104 761 2160 omnium
796 2105 943 2162 scientiam
976 2107 1006 2162 in
1035 2124 1070 2163 eo
1120 2123 1200 2162 mere
1215 2105 1396 2177 coniecturis.
1412 2105 1538 2162 Primam
1562 2105 1708 2160 veroinde
1728 2103 1936 2177 ducuntqnod

258 2196 385 2252 exhiberi
399 2197 543 2268 (August,
558 2197 608 2252 lib.
628 2202 714 2254 contr.
730 2199 875 2266 Petiticn,
886 2200 919 2256 de
933 2203 1008 2257 unic.
1020 2203 1071 2257 ltu·
1120 2199 1290 2256 eruditiores
1308 2198 1371 2268 siri,
1391 2197 1440 2271 qui
1463 2197 1567 2269 rejecta
1586 2197 1658 2253 falsa
1677 2197 1865 2254 ethnicorum
1892 2215 1935 2254 re·

250 2292 332 2362 ptis„
353 2305 415 2362 cap.
429 2291 457 2358 4,
470 2289 524 2361 §⁶2
539 2306 607 2362 pag.
622 2293 683 2358 530,
695 2295 767 2347 tom.
789 2292 843 2363 llll.
858 2292 914 2348 Sed
929 2293 976 2348 hic
998 2293 1072 2348 dixit
1120 2292 1238 2364 ligione,
1263 2292 1452 2348 Christianam
1469 2291 1718 2363 amplexanbatur,
1734 2291 1868 2347 solebant
1888 2307 1936 2362 pu-

254 2381 286 2438 id
303 2398 414 2438 summu
437 2382 757 2440 trecentensimus
779 2389 856 2440 certe
878 2385 908 2439 in
930 2385 1069 2441 hoclibro
1119 2380 1192 2436 blico
1217 2380 1312 2452 aliquo
1343 2380 1447 2452 scripto
1474 2381 1597 2453 probare
1612 2394 1700 2452 quam
1724 2379 1839 2435 uacare
1866 2385 1936 2435 esset

264 2475 369 2532 citatur
389 2475 535 2544 duntaxat]
556 2476 675 2532 nomine
701 2493 752 2533 suo
780 2476 894 2550 insigne
916 2478 1070 2534 Alexandri
1120 2488 1220 2528 eorum
1239 2473 1397 2530 conversio.
1424 2475 1527 2530 Verum
1562 2472 1703 2545 numquid
1735 2489 1850 2542 omnes,
1879 2490 1935 2528 non

256 2567 631 2640 ltsgntsdmstrsmsusm
652 2569 847 2627 volumenstt
874 2571 941 2643 quia
956 2571 1070 2644 Cypria·
1119 2565 1181 2622 dico
1207 2566 1369 2636 Christiani,
1391 2567 1443 2624 sed
1466 2567 1636 2624 Christiane
1661 2566 1807 2638 religionis
1834 2565 1934 2621 deten-
1990 2550 1997 2566 ⁹

256 2675 311 2717 nus
325 2661 450 2732 plurima
464 2666 563 2718 contra
587 2662 710 2734 gentilos
729 2663 764 2719 de
787 2663 903 2720 illorum
930 2664 983 2719 dlis
1007 2681 1070 2720 con·
1119 2675 1198 2715 sores
1218 2660 1342 2716 stctima
1357 2659 1551 2716 conversionis
1571 2676 1630 2716 suae
1656 2659 1739 2716 initio
1765 2659 1857 2715 libros
1872 2661 1936 2716 scri-

256 2753 353 2826 gessit,
367 2769 433 2826 que
452 2771 468 2809 a
492 2754 590 2811 multis
617 2757 763 2812 memoriae
781 2759 810 2812 et
833 2755 945 2828 scriptis
965 2755 1070 2812 tradita
1118 2757 1249 2824 pserunt,
1262 2753 1363 2824 quihus
1375 2753 1442 2809 tidei
1467 2769 1525 2809 suae
1548 2751 1657 2808 certius
1673 2753 1777 2808 dment
1791 2754 1899 2824 pignus
1910 2759 1936 2809 et

255 2847 381 2916 luerent,
402 2847 470 2902 binc
502 2849 601 2920 procul
626 2848 713 2905 drabio
738 2849 915 2921 Augustinus
946 2849 1019 2906 dixit
1041 2853 1070 2908 et
1118 2846 1459 2902 monimentuthemo
1478 2862 1546 2903 saue
1558 2845 1586 2901 id
1613 2844 1728 2901 dixerit.
1744 2845 1859 2902 Deinde
1873 2863 1935 2902 ram

254 2939 316 2996 haec
340 2940 513 3012 scriptorum
538 2941 718 2998 ethnicorum
739 2943 906 2998 testimoniis
934 2959 1063 3016 compro·
1120 2937 1278 3010 Cyprianus
1303 2944 1459 3012 antequam
1482 2939 1558 2994 hunc
1578 2939 1683 2994 librum
1709 2939 1859 3010 edidisset,
1874 2940 1934 2995 satis

254 3033 329 3090 bari.
749 3089 751 3096 Α
1122 3031 1264 3101 etscripto
1285 3035 1314 3086 et
1335 3032 1409 3087 facto
1434 3031 1606 3102 probaverat
1629 3031 1766 3089 tideisuse
1788 3033 1934 3105 integrita-

292 3126 383 3183 hliam
398 3127 514 3200 insuper
535 3128 670 3183 Erasmus
683 3127 804 3186 mutilati
817 3127 902 3200 hujus
916 3126 980 3183 libri
1004 3099 1110 3184 con·ss
1124 3126 1194 3180 tana.
1208 3125 1271 3180 tam
1295 3124 1373 3180 enim
1387 3125 1422 3180 nd
1436 3125 1587 3196 Cosmum,
1603 3125 1644 3181 uti
1667 3126 1807 3194 intentur,
1821 3127 1934 3198 scripse

256 3218 404 3292 iecturam
431 3219 500 3276 iuda
526 3220 612 3292 capit,
631 3222 708 3293 quod
734 3237 768 3276 ex
796 3219 918 3292 abrupto
947 3220 1072 3292 incipiat.
1124 3216 1296 3286 ratlibrum,
1317 3233 1373 3290 quo
1386 3225 1523 3290 suscepte
1536 3235 1553 3274 a
1566 3234 1595 3274 sc
1608 3218 1756 3291 religionis
1764 3219 1932 3275 Christiane

261 3319 361 3390 Neque
376 3331 430 3371 nos
443 3313 482 3370 illi
494 3312 616 3384 aliisque
628 3313 862 3385 repugnabimus,
878 3314 929 3386 qui
951 3315 1073 3372 arbitra·
1123 3310 1265 3366 rationem
1288 3311 1380 3382 petam
1410 3310 1548 3368 reddidit.
1574 3311 1770 3368 Certissimunr
1796 3316 1933 3384 pssum

258 3411 379 3477 buntur,
394 3413 423 3464 et
435 3405 589 3464 ostendent
601 3404 631 3460 in
644 3405 745 3476 primis
766 3408 816 3460 eut
836 3405 899 3462 aliis
917 3408 1075 3480 paulopost
1124 3402 1204 3459 dedit
1235 3403 1310 3460 illius
1345 3405 1458 3476 pignus,
1483 3420 1551 3461 cum
1576 3405 1669 3461 adhuc
1709 3406 1931 3464 catechumenos

262 3505 398 3580 Cypriani
438 3502 574 3559 sseoulum
610 3503 757 3575 descriptis
796 3503 940 3560 codicibus
967 3506 1075 3562 nullam
1123 3499 1202 3554 tanto
1228 3496 1393 3554 Christiane
1418 3497 1605 3569 perfectionis
1622 3498 1723 3553 ardore
1737 3497 1931 3556 inflammatus

261 3602 348 3658 luisse
374 3597 601 3671 inscriptionem,
630 3601 658 3652 et
680 3596 716 3652 ab
740 3596 786 3652 his
804 3597 939 3670 incipisse
955 3598 1071 3655 verbis:
1124 3589 1364 3662 t³⁸h¹1tllrtt2dii³
1389 3591 1447 3646 ⁸⁰5⁵
1468 3591 1601 3647 omnibus
1625 3591 1760 3664 tenditis,
1788 3594 1932 3650 collectam

263 3715 277 3746 u
296 3691 483 3765 ltegcsolim‚
511 3697 565 3746 etc.
585 3711 600 3741 u
624 3689 728 3746 Sedah
742 3689 787 3747 bis
811 3691 893 3759 illud,
909 3689 1075 3764 quoddith·
1123 3681 1191 3738 ἱῡᾶθ
1212 3682 1365 3754 l³⁰0unitim
1379 3683 1553 3756 laflltliblss
1575 3683 1763 3741 distribuerit·
1780 3683 1858 3752 Quid
1870 3702 1932 3758 ⁰18⁰

260 3790 404 3847 cillimum
430 3791 482 3858 est,
507 3787 682 3865 probantum
698 3787 753 3844 erit
770 3787 816 3844 cui
848 3789 1014 3846 ascribenda
1039 3791 1075 3847 sit
1123 3791 1240 3832 ¹¹0⁰0⁵⁸0
1266 3776 1391 3850 “minut
1413 3783 1485 3848 mh
1499 3781 1533 3862 Ut
1554 3778 1629 3834 “lim
1656 3777 1746 3834 ⁸¹i⁰l⁰
1766 3779 1843 3836 libffl
1871 3781 1932 3836 ”stt

257 3885 343 3956 huJus
368 3882 445 3938 tituli
477 3881 700 3954 pretermissio,
724 3897 761 3937 sn
787 3880 902 3953 ipsimet
932 3882 1074 3954 cypriano
1123 3885 1265 3942 ⁵¹¹P⁰lsl²¹⁰
1291 3870 1931 3946 limbssumss‘ll'mtussmd0ss11000fflltl'0bss·

258 3993 366 4050 magna
379 3975 561 4032 testinatione
588 3975 734 4043 scribenti,
750 3976 792 4031 vel
812 3976 996 4048 negligentiae
1008 3977 1074 4032 scri-
1123 3963 1186 4018 rei?

258 4066 372 4132 harum,
388 4064 438 4137 qui
452 4078 576 4119 vacuum
589 4061 666 4118 haud
682 4063 797 4120 insolito
810 4079 891 4120 more
899 4064 1076 4137 reliquerant
1159 4059 1288 4118 Secunde
1309 4061 1437 4130 illorum,
1459 4063 1508 4135 qni
1532 4062 1609 4120 hunc
1628 4063 1735 4120 librum
1759 4080 1776 4120 a
1798 4065 1933 4138 Cypriane

261 4157 427 4230 spatiumin
441 4172 498 4229 quo
512 4171 578 4212 eum
600 4155 714 4212 titulum
733 4156 890 4228 majoribus
903 4157 1015 4226 littaris,
1042 4175 1075 4214 ac
1123 4155 1289 4226 nuperrime
1301 4155 1460 4213 Christiano
1477 4157 1637 4214 contectum
1658 4158 1744 4214 fuisse
1759 4159 1931 4226 existimant,

260 4249 349 4308 nimio
362 4250 449 4306 etiam
462 4253 620 4304 exararent.¹
647 4248 721 4304 Satis
746 4265 833 4321 porro
847 4251 994 4307 adnotasse
1016 4251 1073 4308 sut·
1123 4247 1283 4319 conjectura
1301 4248 1369 4304 hinc
1394 4249 1514 4321 capitur,
1529 4251 1604 4323 quod
1626 4250 1674 4306 ille
1699 4250 1797 4308 serbis
1818 4253 1930 4310 minime

261 4345 338 4400 ticiat
357 4343 449 4410 illum,
462 4341 511 4414 qui
528 4342 558 4397 in
578 4341 662 4396 variis
685 4342 828 4399 codicibus
851 4346 881 4398 et
893 4343 1018 4413 ineditis,
1046 4348 1074 4400 et
1123 4340 1289 4396 Chaistionis
1302 4341 1357 4398 hoc
1370 4342 1400 4398 in
1421 4343 1496 4399 libro
1518 4360 1585 4399 usus
1607 4347 1661 4412 est,
1688 4345 1929 4417 quemadmodum

264 4437 349 4494 editis
363 4439 422 4493 tam
450 4435 561 4492 diverso
574 4434 662 4491 modo
676 4434 793 4506 legitur,
808 4453 825 4491 a
852 4437 991 4509 Cypriane
1005 4454 1072 4510 pro·
1083 4459 1113 4533 D
1125 4433 1185 4488 istis
1200 4451 1207 4490 :
1223 4455 1238 4484 u
1256 4435 1413 4508 Regna.....
1428 4441 1505 4493 sorte
1526 4438 1687 4508 variantnr;
1703 4459 1718 4489 a
1744 4443 1775 4495 et
1788 4445 1888 4513 postea
1900 4440 1930 4494 de

263 4529 372 4587 fectum
406 4545 463 4585 non
487 4528 587 4584 videri.
612 4528 712 4584 Plures
735 4533 886 4600 pretereat
910 4530 1075 4586 existimant
1124 4526 1233 4584 Christo
1260 4527 1405 4584 advitam
1429 4533 1580 4586 revocato:
1603 4552 1617 4582 ss
1642 4531 1684 4588 Ad
1702 4549 1828 4605 superos
1844 4535 1930 4590 denuo

263 4623 393 4697 spurium
406 4639 438 4678 ac
462 4623 641 4695 suppositum
662 4637 723 4677 esse
748 4622 779 4678 iu
797 4621 892 4694 prima
910 4621 994 4695 hujus
1009 4623 1075 4680 libri
1124 4619 1399 4693 regredi(Cyprisu.,
1412 4623 1554 4681 tietdotor.
1570 4626 1755 4698 Vnctt.,pag.
1768 4630 1802 4683 {³
1817 4635 1846 4684 et
1857 4627 1928 4698 lii-1·

262 4722 342 4791 perte
365 4717 570 4788 fragmentum,
586 4714 621 4771 de
649 4730 706 4787 quo
729 4719 985 4789 posteajagemns.
1010 4717 1073 4773 Non
1123 4716 1222 4774 Plures
1240 4735 1364 4791 quoque,
1380 4719 1523 4793 inquiunt,
1555 4722 1712 4795 Cyprianus
1734 4725 1856 4796 protana
1880 4725 1928 4780 his·

262 4810 382 4867 minima
395 4809 484 4882 igitur
504 4807 654 4865 dubitandi
667 4809 741 4864 ratio
759 4815 802 4864 est
826 4811 923 4865 utrum
939 4809 986 4866 hic
999 4810 1074 4867 liber
1123 4810 1208 4866 terias
1219 4812 1369 4883 congessit,
1384 4829 1439 4868 noc
1461 4814 1560 4871 citavit
1571 4831 1658 4871 sacrae
1686 4816 1844 4889 Scripturas
1856 4819 1927 4875 testi·

263 4906 350 4979 plane
358 4902 539 4973 incorruptus
555 4902 591 4957 ad
603 4918 654 4958 nos
666 4902 841 4973 pervenerit.
1123 4904 1233 4972 monis,
1264 4921 1328 4977 quse
1348 4907 1411 4962 aliis
1437 4907 1468 4962 in
1494 4907 1577 4964 libris
1606 4909 1729 4982 affatim,
1743 4929 1777 4968 ac
1804 4929 1928 4970 nonnun-

298 5001 333 5056 as
346 4999 453 5069 quanto
470 4995 498 5051 id
512 4994 659 5052 obscurius
685 5001 737 5064 est,
759 5000 840 5052 tanto
856 4995 1014 5054 evidentius
1038 4997 1074 5054 ab
1124 5013 1223 5070 quarm
1234 4998 1275 5054 uti
1291 5000 1384 5056 adhuc
1404 5001 1495 5071 aiunt,
1509 5003 1612 5074 sepius
1625 5020 1711 5076 quam
1733 5022 1790 5078 par
1803 5014 1872 5078 erat,
1886 5023 1924 5064 rc·

265 5088 394 5165 1016
406 5089 538 5146 omnibus
550 5089 722 5162 perspicitur
730 5090 876 5162 quodnam
889 5090 926 5147 ait
943 5089 1020 5146 illius
1031 5107 1075 5147 ar·
1123 5091 1198 5147 tulit.
1218 5093 1344 5164 Denique
1362 5097 1438 5150 totus
1470 5095 1517 5150 hic
1541 5095 1615 5152 liber
1639 5097 1674 5152 iis
1695 5103 1872 5173 compositus
1888 5102 1924 5154 est

265 5190 446 5258 gumentum.
462 5183 531 5249 Quis
545 5199 669 5255 namque
683 5183 745 5254 illo,
762 5184 812 5255 qui
838 5184 1022 5241 brevissimus
1033 5192 1075 5243 est
1123 5201 1187 5258 quse
1199 5201 1234 5240 es
1250 5185 1499 5262 llinutii1017
1516 5189 1612 5246 Felicis
1624 5195 1654 5248 et
1673 5191 1840 5250 Tertulliani
1854 5193 1922 5250 libr'u

266 5277 447 5334 currentibus
473 5277 564 5334 oeulis
589 5278 725 5348 perlecto,
741 5277 837 5334 statim
859 5294 916 5334 non
942 5279 1073 5335 animad·
1124 5277 1160 5334 de
1175 5278 1262 5335 verbo
1275 5281 1447 5354 quandoque
1463 5282 1609 5354 exscripsit
1622 5284 1660 5342 ad
1680 5285 1811 5346 verbum.
1824 5291 1855 5346 ln
1868 5285 1922 5342 aliis

265 5371 352 5426 vertit
379 5370 409 5425 iu
431 5385 464 5426 eo
490 5368 678 5426 demonstrari
706 5369 793 5426 falsos
818 5371 971 5443 gentilium
994 5373 1072 5443 deos,
1123 5375 1221 5428 autem
1247 5372 1309 5444 ejus
1332 5373 1413 5430 libris
1434 5374 1508 5432 nihil
1528 5392 1645 5448 prorsus
1671 5377 1766 5436 simile
1792 5381 1921 5438 ridemus.

266 5463 385 5522 unicum
408 5463 511 5532 Deum,
527 5479 561 5519 ac
584 5460 727 5518 Christum
754 5463 814 5536 ejus
826 5463 918 5522 fllium
945 5471 1074 5522 nostrum
1123 5461 1260 5522 Omnibus
1283 5479 1369 5538 porro
1396 5464 1473 5524 hisce
1498 5470 1642 5528 rationum
1659 5472 1814 5531 momentis
1831 5475 1922 5547 patant

267 5557 547 5630 essemegistrumct
560 5554 783 5629 redemptorem.
1123 5565 1199 5616 recte
1212 5560 1312 5618 cortici
1325 5562 1402 5619 bunc
1422 5562 1529 5620 librum
1544 5581 1563 5621 a
1586 5565 1726 5640 Cypriane
1754 5565 1921 5640 divulgatam

300 5650 427 5724 usuique
439 5649 499 5723 jam
514 5649 636 5710 vidimus
655 5650 708 5708 hoc
733 5651 901 5724 opusculum
926 5651 956 5708 iu
975 5651 1074 5710 multis
1122 5653 1218 5724 tuisse,
1234 5672 1323 5728 quum
1346 5657 1475 5730 primum
1488 5659 1654 5718 Christiane
1678 5659 1810 5736 religioni
1825 5675 1921 5720 nomen

263 5742 459 5822 manuscriptis
486 5744 694 5818 exemplaribus
723 5746 851 5819 Epistola
877 5745 996 5805 nomine
1026 5745 1072 5804 in·
1122 5763 1192 5806 uum
1208 5746 1296 5808 dedit.
