3978 6204
235 283 287 342 ssa
500 247 504 254 ’
681 263 710 334 s'.
731 278 884 350 6111111111
905 271 1043 347 6661166
1065 270 1149 332 raus
1169 269 1199 330 11.
1221 305 1254 314 -
1273 268 1457 331 (11666661.
1782 347 1786 352 .
1855 271 1901 328 su
1975 301 1976 310 .

237 407 357 465 nitentia
370 405 446 460 nulia
463 419 524 460 sero
537 401 591 474 (58)
611 407 653 457 est
664 419 673 469 3.
690 403 771 473 patet
790 401 825 456 ad
840 399 1051 472 indulgentiam
1062 410 1091 483 Α
1102 397 1177 453 Patri
1195 395 1363 452 viriilcando
1387 393 1537 450 mortalem
1562 393 1773 464 regeneratione
1795 395 1902 450 celesti.
1975 373 1976 378 ἵ

239 503 288 558 Dei
314 500 416 568 aditus,
444 502 473 554 et
498 496 691 569 querentibus
717 499 803 567 etque
830 493 1052 566 intelligentibus
1103 493 1192 558 Hunc,
1220 491 1243 544 si
1268 490 1329 544 lieri
1363 493 1465 561 potest,
1504 503 1657 559 sequemur
1679 503 1787 554 omnes,
1826 487 1904 558 huJus

238 595 385 651 veritatem
405 591 495 648 tacitis
512 606 640 646 necessus
664 594 715 644 est.
740 589 791 656 Tu,
816 588 868 642 sub
897 589 958 659 ipso
987 587 1054 642 licet
1102 587 1281 638 sacramanto
1305 585 1334 638 et
1358 583 1439 653 signo
1461 597 1638 636 censeamur.
1662 580 1711 634 Hic
1736 579 1814 634 nobis
1836 581 1906 636 riam

237 688 312 745 exito
330 692 359 742 et
374 686 438 742 vitae
452 684 621 756 temporalis
640 698 751 751 occasu,
771 695 822 753 pro
839 681 950 737 delictis
970 696 1053 751 roges
1102 677 1167 732 rita
1180 677 1283 749 sperit,
1298 676 1343 731 hic
1359 676 1394 732 ad
1416 673 1582 746 paradisum
1598 673 1716 732 reduces
1727 673 1803 740 iaait,
1818 673 1860 727 bie
1874 675 1905 729 ad

239 783 383 848 sitleam,
396 779 445 852 qui
459 795 533 833 nnus
545 781 666 832 etseras
678 779 730 844 est,
751 774 929 831 confessione
948 778 977 828 et
999 773 1054 829 tide
1103 770 1239 826 coelomm
1257 785 1346 842 regna
1369 767 1509 841 perducit.
1532 769 1602 825 Cum
1626 767 1687 839 ipso
1706 782 1818 838 semper
1838 768 1905 820 rive-

239 873 395 947 agnitionis
420 874 482 945 ejus
509 871 653 942 implores,
680 869 761 923 venia
787 866 932 923 consumti
960 867 1053 933 datur,
1104 863 1323 935 mns,iactiper
1347 864 1440 935 ipsum
1468 862 1517 917 tilii
1541 861 1608 928 Dei;
1633 878 1698 916 cum
1725 861 1784 932 ipso
1803 877 1907 930 semper

238 973 267 1025 et
280 967 406 1024 credenti
428 965 605 1038 indulgentia
624 963 755 1019 salutaris
779 963 812 1017 de
833 960 930 1016 divina
944 961 1052 1030 pietate
1104 955 1318 1026 exsultabimus,
1334 956 1423 1029 ipsius
1436 971 1536 1011 cruore
1550 954 1685 1026 reparati.
1697 953 1807 1010 Erimus
1820 953 1905 1009 Chris-

237 1061 412 1130 conceditur,
435 1063 463 1116 et
488 1059 524 1114 ad
542 1056 788 1114 immortalitatem
810 1055 861 1110 sub
882 1055 940 1126 ipsa
962 1057 1053 1109 morte
1103 1051 1176 1106 tiani
1200 1067 1265 1106 curu
1291 1050 1402 1106 Christo
1426 1050 1508 1105 simul
1532 1047 1661 1120 gloriosi,
1688 1048 1723 1104 de
1749 1047 1807 1102 Deo
1834 1049 1907 1104 Patre

238 1155 385 1212 transitur.
408 1157 483 1210 itanc
506 1151 602 1225 564
623 1151 746 1223 gratiam
768 1148 894 1206 Christus
916 1145 1053 1218 impertit,
1103 1143 1190 1211 beati,
1204 1143 1239 1200 de
1260 1146 1400 1216 perpetua
1419 1143 1564 1214 voluptate
1583 1141 1711 1198 laetautes
1731 1143 1907 1212 6616666116-

239 1255 293 1309 1166
319 1265 422 1304 munus
444 1243 643 1302 misericordie
676 1259 735 1299 sue
758 1241 865 1308 tribuit,
893 1239 1055 1312 subigendo
1104 1253 1159 1310 que
1175 1237 1251 1294 euim
1275 1237 1381 1309 poterit
1403 1237 1456 1292 nisi
1478 1237 1559 1292 laetus
1581 1251 1642 1291 esse
1670 1251 1784 1307 semper
1806 1238 1833 1291 et
1851 1251 1907 1306 gra-

241 1351 365 1403 mortem
398 1341 525 1414 trophaeo
560 1337 660 1404 aurcis,
685 1335 856 1393 redimendo
888 1334 1054 1390 credentem
1105 1331 1199 1399 tusll,
1228 1330 1287 1403 qui,
1321 1346 1385 1385 61161
1413 1329 1497 1386 morti
1523 1329 1625 1385 fuisset
1653 1327 1803 1396 obnoxius,
1828 1329 1908 1384 lactus

239 1439 332 1515 pretio
351 1434 496 1508 sanguinis
517 1432 570 1496 sui,
590 1428 798 1486 reconciliando
822 1428 971 1485 hominem
999 1427 1053 1483 ileo
1105 1424 1474 1497 661(5911111616116111616Μ
1495 1439 1620 1479 securus.

926 1553 1031 1619 Variae
1056 1553 1227 1618 lectiones.

272 1680 292 1712 ⁵⁰
307 1679 399 1730 Laetus
414 1681 441 1729 et
454 1680 549 1742 gratus
566 1675 625 1725 Tau.
661 1678 681 1709 ⁵¹
692 1673 794 1724 Factus
807 1675 848 1724 est
859 1672 893 1723 de
910 1669 1119 1721 immortalitate
1131 1671 1208 1718 oaoa.

890 1769 1001 1852 Steph.
1025 1767 1149 1832 Baluzii
1170 1771 1267 1831 116166.

271 1885 319 1944 158)
334 1882 489 1934 Poeuiteutia
506 1879 584 1932 auita
595 1893 664 1932 sero.
679 1879 867 1944 Hieronymus
890 1879 919 1928 ia
932 1877 1055 1940 Epistola
1067 1885 1095 1956 Β
1107 1875 1136 1926 16
1147 1874 1328 1938 responsione
1342 1871 1377 1922 ad
1395 1873 1568 1924 Relationem
1590 1869 1755 1934 Symmachi
1772 1882 1806 1916 :u
1819 1868 1912 1916 Verum

240 1955 276 2006 ad
291 1957 387 2005 talam
400 1953 434 2004 da
457 1954 634 2003 institutione
648 1951 713 2005 111116
728 1967 733 2000 :
751 1969 766 1996 u
779 1951 928 2015 Nunquam
941 1954 983 1999 est
996 1961 1056 1998 sera
1106 1952 1180 2000 certa
1195 1952 1236 1998 ast
1248 1948 1314 2012 quia
1328 1946 1406 1997 nulla
1423 1950 1490 1998 etas
1507 1945 1543 1996 ad
1566 1943 1783 2010 perdiscendum
1794 1955 1851 1992 sera
1865 1946 1912 1992 est.

241 2027 397 2078 conversio.
424 2041 438 2069 6
456 2025 578 2074 16611666
598 2021 825 2081 saresberiensis,
849 2021 897 2072 tib.
921 2032 960 2071 vu
985 2019 1056 2068 Poti—
1104 2019 1253 2070 Erubescit
1267 2023 1408 2080 senectus,
1423 2031 1487 2083 quas
1501 2016 1651 2070 emandare
1672 2029 1703 2068 se
1726 2028 1782 2066 uon
1796 2016 1912 2079 potest.»

240 2097 342 2158 cretici,
362 2108 423 2159 cap.
441 2095 469 2144 it
489 2093 700 2146 :spoeuitantia
716 2101 1056 2157 quoquenunqnumsera
1105 2090 1212 2150 Cicero,
1227 2089 1275 2141 tib.
1294 2104 1311 2140 11
1336 2089 1524 2156 Epistularum
1550 2089 1587 2140 ad
1609 2085 1781 2146 Familiares,
1805 2085 1915 2148 epistt,

241 2171 440 2231 musitanae
467 2179 540 2216 vera.
554 2183 568 2212 »
592 2165 700 2216 Seuaea
719 2167 926 2229 agamemnona
940 2177 946 2210 :
962 2161 1056 2213 «Sera
1105 2157 1836 2226 6116616111316161611666611661611661111166661616.

241 2253 385 2306 nunquam
412 2240 453 2288 est
484 2237 519 2286 ed
549 2236 637 2286 bonos
657 2247 748 2286 mores
768 2235 821 2286 via.
837 2253 851 2280 a
876 2233 908 2296 Q.
933 2233 1055 2295 Curtius,
1137 2233 1186 2296 159)
1212 2234 1308 2284 Faetus
1337 2238 1381 2284 cst.
1405 2234 1446 2282 lta
1462 2245 1560 2284 omnes
1585 2231 1647 2282 libri
1682 2233 1790 2280 veteres
1825 2229 1914 2290 praeter

241 2311 288 2361 tib.
304 2323 336 2360 rx
354 2325 360 2358 ε
374 2325 388 2358 a
403 2307 600 2361 Crudelitatem
618 2317 678 2357 sera
694 2305 856 2371 poenitentia
870 2312 967 2355 secata
982 2309 1056 2356 est.»
1107 2317 1204 2355 unum.
1220 2303 1312 2356 Editio
1327 2315 1391 2369 quaa
1410 2301 1512 2354 dicitur
1532 2303 1625 2356 Gravii
1640 2301 1736 2362 habat,
1754 2300 1863 2350 «iaetus
1878 2299 1915 2346 ast

241 2381 437 2447 Symmachus,
449 2379 498 2430 lib.
520 2391 552 2440 x,
577 2379 656 2441 epist.
681 2379 713 2429 ss
729 2392 734 2426 :
753 2391 768 2426 a
786 2376 852 2427 Sara
866 2380 893 2427 61
914 2380 1057 2427 contume-
1107 2388 1142 2426 ex
1165 2375 1372 2426 immortalitate
1393 2387 1543 2425 securus.»
1567 2373 1628 2426 Hoc
1642 2375 1761 2424 secutus
1776 2373 1816 2420 est
1829 2369 1915 2418 Pome-

241 2455 310 2505 tiosa
324 2457 367 2505 est
378 2449 537 2504 emendatio
551 2451 713 2502 senectutis.
729 2467 742 2496 »›
758 2448 878 2500 Sanetus
893 2447 1057 2498 Ambrosius
1083 2499 1088 2508 ,
1108 2449 1173 2509 lius,
1186 2451 1214 2498 et
1228 2445 1330 2498 deiude
1341 2445 1487 2512 Rigattias.

244 2605 1909 2644 w

466 2762 580 2889 un
634 2757 1109 2889 iuouoeuu
1162 2731 1712 2887 6116111161)

988 2972 1171 3064 LIBER.

400 3159 492 3238 Quod
506 3157 593 3224 idola
608 3157 652 3221 dii
669 3175 736 3222 uon
754 3155 830 3230 sint,
848 3160 881 3220 et
895 3155 983 3238 quod
998 3155 1084 3220 Deus
1099 3175 1187 3220 unus
1202 3155 1254 3230 sit,
1272 3159 1305 3218 et
1321 3153 1409 3236 quod
1424 3171 1483 3236 por
1498 3151 1665 3218 Christum
1680 3150 1770 3215 salus

889 3252 1097 3318 credentibus
1111 3253 1187 3316 data
1203 3253 1246 3316 sit
1257 3253 1277 3314 ¹.

242 3577 444 3633 1666661166.
472 3605 505 3616 ·-
529 3574 594 3631 uu
616 3575 757 3646 potissima
781 3573 864 3643 uuus
890 3572 954 3628 libri
977 3573 1070 3644 6611116
1101 3571 1198 3628 titulus
1229 3574 1288 3642 ipsc
1317 3571 1510 3641 complectitur.
1536 3570 1657 3625 Primum
1685 3567 1749 3622 triac
1777 3563 1916 3635 campsaim

277 3665 438 3735 quadrages
454 3665 559 3731 [1111161
577 3668 603 3718 61
617 3663 738 3718 domines
755 3663 845 3731 potius
858 3677 940 3732 quum
952 3661 1002 3728 dii,
1015 3675 1130 3732 qaorum
1143 3661 1171 3714 in
1188 3661 1313 3716 1161161611
1326 3660 1454 3714 instituta
1467 3661 1530 3713 aaut
1550 3657 1661 3728 tempto,
1678 3669 1801 3726 repressa
1813 3651 1914 3708 6116616-

277 3767 335 3814 cra,
349 3752 494 3806 immotutae
507 3752 600 3806 hostie
616 3755 642 3805 61
656 3751 721 3817 sesti
738 3749 797 3804 dies
818 3749 946 3806 cebereti
956 3768 964 3814 ;
979 3754 1061 3819 atque
1079 3749 1146 3804 adeo
1169 3763 1254 3818 neque
1272 3748 1369 3802 6616116
1390 3761 1474 3815 aeque
1495 3746 1621 3800 Remuria
1642 3743 1792 3814 quidquam
1811 3739 1916 3810 potuisse

930 3885 1036 3950 Varias
1064 3884 1234 3950 lectiones.

277 3999 285 4029 ¹
299 3995 380 4059 Quod
394 3993 467 4047 idola
480 3995 518 4046 dii
532 4009 588 4046 non
601 3995 656 4046 sint
668 3999 764 4046 contra
780 4007 902 4059 paganos
923 3995 983 4044 Viri.
1001 3998 1025 4044 et
1043 3993 1103 4044 6111.
1119 3992 1201 4057 Quod
1218 3992 1396 4062 credentibus
1413 3991 1510 4042 datum
1522 3991 1558 4042 sit
1577 3991 1645 4042 deos
1662 4003 1720 4042 non
1737 4003 1797 4041 essa
1818 3986 1901 4038 rous

243 4066 298 4116 tiu.
314 4067 383 4129 Spir.
398 4065 498 4116 Ratum
515 4066 579 4114 11611.
592 4064 633 4116 Do
649 4065 729 4116 idolis
746 4068 872 4130 gentium
887 4065 1006 4118 Goutart.

942 4174 1116 4238 variorum
1137 4178 1234 4236 noiae.

274 4283 307 4342 111
319 4279 440 4332 1111116116
452 4283 494 4331 est
508 4283 583 4331 certo
600 4283 721 4331 statuere
742 4281 809 4345 qnid
831 4282 860 4331 in
884 4281 964 4333 titulo
978 4281 1098 4369 istiusC
1111 4280 1217 4332 stellare
1243 4283 1362 4331 sectator
1379 4279 1527 4343 episcopus
1546 4277 1707 4342 Cyprianus
1730 4277 1764 4326 da
1793 4287 1846 4324 uno
1859 4282 1915 4320 vera

244 4353 306 4404 libri
346 4353 470 4416 posuerit
495 4351 661 4416 Cyprianus,
693 4354 717 4403 si
743 4354 811 4418 quid
839 4357 930 4405 16111611
956 4353 1059 4416 posuit,
1112 4355 1170 4406 Deo
1198 4353 1331 4406 adversus
1356 4353 1508 4406 multorum
1531 4349 1647 4402 deorum
1669 4344 1916 4411 salsorumqnacul-

244 4425 395 4488 praesertim
419 4423 442 4473 si
471 4435 535 4473 vera
559 4425 595 4474 stt
621 4424 714 4488 opinio
741 4423 848 4476 Erasini
875 4425 1062 4475 existimantis
1112 4429 1185 4476 toras
1209 4425 1354 4488 disputans
1381 4425 1468 4476 multa
1494 4423 1597 4486 proteri
1620 4422 1776 4473 testimonia
1794 4418 1828 4468 de
1849 4415 1916 4465 libris

243 4499 422 4546 essetentum
448 4493 634 4560 fragmentum
657 4497 769 4571 majqris
791 4495 891 4560 operis,
913 4497 978 4560 quia
993 4495 1062 4546 inci·
1112 4509 1208 4548 eorum
1231 4510 1301 4562 quos
1318 4497 1465 4562 preclaros
1485 4499 1613 4548 auctores
1629 4493 1743 4554 habeat,
1762 4491 1813 4542 hoe
1829 4491 1915 4540 estex

244 4569 282 4631 pit
312 4579 350 4617 ax
380 4565 506 4631 abrupto.
532 4565 628 4617 Plures
653 4579 720 4616 sane
747 4567 810 4618 libri
845 4570 964 4624 veteres,
990 4571 1016 4618 61
1043 4567 1062 4616 11
1112 4568 1159 4620 iila
1182 4569 1296 4620 veritate
1322 4581 1407 4633 quam
1435 4569 1463 4618 iu
1490 4567 1638 4631 iniquitate
1662 4565 1794 4616 detinent.
1819 4579 1832 4606 6
1852 4557 1916 4609 Citii

244 4637 357 4703 quidem
384 4639 491 4701 optimi,
518 4637 628 4687 initium
652 4639 742 4701 operis
765 4639 938 4689 constituunt
962 4637 989 4688 in
1018 4637 1062 4687 liis
1113 4639 1194 4690 etiam
1223 4637 1272 4689 lib.
1302 4653 1341 4701 vr,
1375 4639 1407 4690 de
1440 4639 1574 4702 baptismo
1601 4636 1730 4687 aduersus
1767 4631 1914 4684 1166616161,

244 4708 337 4759 6611116
352 4723 357 4758 :
374 4709 476 4759 ‹eDeos
490 4721 547 4760 uon
562 4721 623 4760 esse
642 4723 713 4774 quos
734 4708 799 4760 colit
822 4709 934 4774 vulgus
949 4727 962 4755 s
980 4707 1062 4772 Apud
1113 4723 1172 4774 cap.
1188 4711 1227 4760 tt.
1244 4710 1432 4772 Hieronymus
1446 4712 1540 4759 autem
1558 4708 1587 4759 in
1606 4705 1729 4771 Epistola
1746 4704 1781 4754 ad
1793 4705 1914 4764 liugnam,

246 4781 383 4842 Angelum
404 4779 581 4840 Potitiauum,
602 4793 663 4845 cap.
686 4781 717 4831 31
737 4779 963 4831 miscellaneorum
978 4792 1061 4830 voca-
1113 4794 1221 4845 pauens
1238 4782 1266 4830 in
1282 4781 1420 4845 principio
1438 4780 1575 4830 sermonis
1596 4779 1739 4829 materiam
1765 4776 1841 4824 istius
1852 4769 1915 4826 libri,

245 4857 290 4902 tur
301 4851 372 4903 tiber
388 4851 421 4900 ria
447 4852 555 4914 (triqim
573 4856 596 4901 et
616 4849 761 4902 Cesaribus
781 4850 922 4902 idolorum.
939 4851 1062 4901 Postero
1112 4857 1248 4916 tanquam
1267 4855 1291 4902 si
1314 4853 1410 4902 titulus
1433 4845 1518 4910 esset,
1544 4850 1584 4902 sie
1613 4849 1729 4902 scribit:
1746 4845 1914 4910 «Cyprianus

245 4935 307 4972 rum
321 4922 461 4986 diligentia
477 4924 589 4973 titulum
601 4921 639 4972 ilii
652 4923 719 4973 iecit
731 4923 762 4972 116
778 4921 910 4972 idolorum
928 4923 1061 4983 16611616,
1114 4923 1188 4988 quod
1207 4923 1280 4974 idota
1304 4922 1342 4974 dii
1361 4937 1415 4974 non
1430 4924 1487 4973 sint
1502 4936 1556 4986 qua
1571 4920 1718 4980 brevitate,
1731 4930 1784 4982 qua
1796 4911 1914 4965 historia-

246 4996 329 5057 atque
355 4994 393 5044 ita
421 5005 450 5043 se
475 4993 617 5043 insanisse
652 4993 679 5042 in
709 4992 915 5056 exemplaribus
941 4991 1062 5056 antiquis
1113 5007 1175 5044 rum
1186 4996 1310 5044 omnium
1326 4994 1450 5056 seientia,
1465 5005 1585 5058 quorum
1597 4992 1783 5044 verborumet
1794 4991 1914 5038 sensuum

247 5068 363 5114 testatur
390 5064 533 5128 Rigetttus.
559 5065 626 5129 ligo,
649 5077 809 5130 quiunquam
841 5063 919 5114 hune
953 5062 1061 5113 titulum
1113 5051 1914 5130 splendorepassruoxitsadeumdemiiummrespexisse

246 5136 374 5198 nuspiam
403 5136 551 5199 repererim
579 5137 606 5185 16
629 5133 774 5186 codicibus
796 5134 1001 5199 manuscriptis,
1020 5147 1063 5184 re·
1113 5135 1221 5186 videtur
1234 5135 1402 5202 quibusdam
1418 5137 1533 5186 Pontius
1555 5135 1692 5186 diaconus
1712 5132 1740 5182 ln
1760 5129 1818 5178 Vita
1836 5117 1913 5174 sanub

247 5206 317 5256 11661
341 5207 433 5257 tamen
460 5209 570 5270 propter
591 5207 818 5256 commoditatem
844 5205 1008 5255 studiorum.
1031 5203 1063 5253 ln
1114 5205 1246 5272 Cypriani
1260 5207 1386 5258 scribens
1400 5219 1449 5272 per
1473 5205 1552 5256 illum
1577 5205 1704 5271 gentilos,
1717 5193 1876 5266 repercussis
1889 5189 1913 5237 in
1963 5244 1965 5252 y

247 5275 354 5326 edendo
367 5281 459 5327 autem
475 5279 552 5326 initio
568 5277 656 5339 ipsius
678 5277 739 5327 libri
765 5281 879 5328 secutus
893 5291 954 5326 sum
972 5277 1063 5340 scrip·
1113 5291 1143 5330 ss
1158 5279 1192 5328 iis
1207 5293 1270 5343 quae
1284 5279 1366 5330 nobis
1379 5280 1519 5342 ingerant,
1541 5278 1631 5329 victos
1643 5275 1736 5326 baisse.
1750 5271 1845 5320 Veram
1857 5271 1912 5311 cum

246 5351 336 5396 turam
360 5350 484 5398 veterum
521 5347 655 5399 librorum
692 5351 718 5397 61
749 5353 873 5399 veterum
899 5347 1061 5398 editionum.
1113 5350 1166 5402 ista
1187 5349 1278 5400 Pontii
1302 5350 1385 5401 verba
1411 5349 1562 5400 convenire
1582 5347 1665 5398 etiam
1685 5342 1788 5409 possint
1808 5327 1913 5386 ituroad

248 5418 416 5482 Quanquam
442 5422 508 5468 saint
530 5419 618 5482 aliqui
640 5418 703 5468 libri
729 5424 836 5470 veteres
853 5420 901 5484 qui
927 5418 1063 5482 incipiunt
1115 5421 1314 5472 demetrianum
1329 5422 1356 5471 111
1372 5434 1429 5484 quo
1454 5424 1569 5470 sanctus
1587 5423 1691 5482 martyr
1717 5413 1913 5466 aduersussefl·

247 5491 373 5540 decanea
390 5489 753 5554 sssc,prioranonbabant.
1115 5491 1177 5543 tiles
1212 5493 1312 5556 ingerit
1339 5491 1467 5557 querelas
1494 5503 1591 5542 eorum
1621 5487 1656 5540 de
1680 5481 1846 5542 Christianis,
1864 5482 1912 5523 ⁰⁰¹¹

281 5558 471 5623 PaucahuJ'us
496 5559 558 5611 iibri
582 5561 687 5612 mentio
713 5562 848 5625 reperitur
869 5561 897 5610 iu
922 5559 1063 5625 scriptori·
1114 5563 1204 5614 audeo
1231 5561 1370 5612 alilrmara
1390 5560 1473 5612 verba
1503 5559 1593 5611 Pontii
1620 5555 1793 5622 intelligenda
1818 5550 1912 5624 1611111111

248 5632 301 5682 1166
317 5631 449 5696 antiquis,
463 5631 566 5694 quippe
580 5643 663 5695 quem
679 5633 807 5694 nuspiam
829 5631 935 5696 reperio
950 5631 1063 5680 citatum
1116 5645 1178 5683 asse
1203 5632 1238 5684 de
1261 5631 1332 5682 libro
1355 5632 1387 5682 cie
1421 5633 1546 5682 Vaaituie
1569 5627 1714 5682 idolorum.
1739 5624 1824 5676 Potuit
1847 5625 1911 5667 anim

250 5715 335 5768 quam
358 5701 434 5766 apud
459 5702 661 5767 Hieronymum
688 5707 715 5754 et
742 5701 938 5766 augustinum.
960 5701 996 5752 Et
1010 5673 1105 5752 ltu-D
1120 5704 1235 5754 Pontius
1260 5703 1416 5769 respexisse
1433 5703 1468 5754 ad
1486 5706 1636 5768 utrumque
1647 5713 1725 5765 opus.
1739 5699 1817 5748 Porro
1830 5689 1913 5743 udae·

250 5773 378 5838 guatinas
393 5771 507 5836 quidem
524 5773 560 5822 tta
575 5773 672 5823 scribit
683 5773 711 5823 in
723 5771 794 5823 libro
809 5774 924 5824 ‹isuaico
933 5769 1069 5837 baptismo
1119 5787 1167 5824 sus
1184 5775 1290 5826 cultum
1308 5773 1446 5825 idolorum
1461 5771 1531 5826 nihil
1551 5777 1594 5825 6111
1613 5770 1763 5838 elegantius
1781 5767 1840 5818 taus
1859 5765 1911 5812 tra·
1975 5781 1976 5790 ¹

245 5843 379 5900 adversus
407 5844 584 5906 petilianum,
601 5857 660 5908 cap.
673 5846 708 5896 t:
725 5861 738 5891 u
760 5845 850 5911 Hujus
871 5846 978 5912 regulae
994 5848 1069 5910 Apo·
1119 5845 1193 5912 poedo
1206 5845 1331 5899 Luciaui.
1344 5845 1450 5899 Bantia.
