3978 6204
216 178 266 231 ser
673 171 702 226 s
723 167 880 228 orenruu
899 169 1035 226 eennnu
1057 169 1142 226 erras
1164 171 1196 226 u.
1212 201 1246 210 -
1261 139 1444 228 censeam.
1851 173 1899 226 aas

215 304 362 365 senectute
378 297 554 372 degenerat:
573 300 603 351 ut
622 313 708 352 nemo
730 295 828 350 mirari
848 295 952 350 debeat
974 293 1032 349 sin·
1047 297 1189 378 Apluam.
1213 297 1282 352 Pure
1304 313 1359 350 uuir
1382 297 1601 367 complectione
1626 309 1693 366 pors
1719 309 1800 364 super
1823 310 1901 364 quom

116 385 122 391 ’
218 395 282 468 gule
299 397 326 449 in
344 391 451 448 nrurrde
465 391 582 462 cepisse
603 391 735 454 delicere,
750 389 866 463 qnando
884 391 960 444 tetus
975 387 1035 460 ipse
1088 405 1141 444 nen
1164 390 1259 459 pluero
1282 393 1384 460 arefiet.
1409 393 1443 446 ut
1465 391 1704 459 eoneropebuntnr
1724 390 1786 443 ilice
1809 393 1833 442 et
1854 393 1902 443 tres

215 491 275 560 jam
292 487 417 542 mundus
432 486 458 540 in
472 485 632 540 delectione
648 484 683 538 sit
700 487 728 538 ct
745 483 773 537 in
789 483 857 536 bne.
1088 484 1211 537 ciuitates
1224 486 1253 538 in
1268 499 1351 538 unam
1363 485 1500 538 ciuitatem
1513 483 1737 554 petendaeque
1754 498 1847 543 cause,
1859 497 1902 536 nec
1968 509 1969 512 η

252 583 281 638 V.
291 581 372 645 Quod
387 585 482 634 autem
510 578 638 634 crebrius
661 578 733 632 bello
759 577 938 644 continuant,
962 575 1039 648 qued
1088 577 1280 641 satiabuntur:
1302 584 1328 632 et
1347 593 1399 632 nen
1421 578 1612 632 convertimini
1631 577 1669 631 ad
1690 592 1744 638 me,
1764 575 1831 630 dicit
1853 577 1902 630 llo·

219 669 355 728 sterilitas
379 675 407 723 et
427 669 517 724 laruas
537 667 757 722 sollicitudinem
777 666 935 732 carnuteni,
950 663 1038 736 qaod,
1089 671 1385 738 minusttmos‚1v‚7‚
1403 669 1440 742 s),

219 765 401 820 saevientibus
438 762 571 832 morbis,
605 761 737 816 valetudo
768 759 932 830 frangitur,
964 757 1040 829 qued
1127 765 1181 819 Vll.
1208 765 1375 835 Indignatur
1398 781 1462 820 ecee
1487 763 1624 820 Dominus
1652 768 1683 818 et
1711 761 1853 829 irascitur,
1878 767 1904 817 et

221 859 385 915 humanum
406 874 497 930 genus
511 857 564 912 luis
581 855 764 928 populatione
785 857 922 918 vastator,
938 855 965 906 el
987 853 1041 906 boe
1091 858 1166 929 qued
1180 858 1214 912 ad
1227 874 1291 912 eum
1315 873 1371 912 neu
1386 855 1590 914 convertamini
1609 855 1822 924 commiuatu1·;
1836 861 1862 910 et
1876 859 1903 910 tu

222 954 293 1009 scias
322 969 384 1008 esse
411 951 592 1023 predictum,
618 950 649 1004 iu
676 947 836 1004 saevissimis
864 946 1041 1018 temporibus
1092 951 1205 1006 miraris
1227 957 1277 1006 aut
1299 951 1480 1024 quereris,in
1505 952 1557 1005 trec
1578 949 1777 1005 obstinatione
1799 953 1903 1004 eteen·

220 1045 403 1116 multiplicari
419 1046 491 1100 mela
516 1047 543 1099 et
563 1041 661 1116 548
684 1043 800 1096 adversa
817 1040 931 1109 variari,
946 1045 974 1094 et
990 1057 1039 1112 ap·
1091 1050 1202 1116 tempta
1224 1051 1328 1112 vestre,
1348 1046 1370 1100 si
1393 1061 1456 1100 rara
1476 1045 1601 1118 desuper
1624 1043 1721 1115 pluria
1746 1043 1904 1108 descendat,

222 1140 435 1214 propinquante
456 1140 517 1209 jam
538 1137 637 1208 judieii
661 1136 707 1190 die
731 1134 821 1206 nragis
846 1150 879 1188 ac
902 1134 1041 1204 magistu
1092 1140 1114 1192 si
1142 1143 1216 1193 terra
1241 1140 1295 1194 situ
1323 1140 1445 1210 pulveris
1469 1139 1606 1210 squaleat,
1627 1139 1649 1192 si
1681 1137 1726 1192 rix
1751 1136 1861 1208 jejunas
1880 1140 1907 1190 ct

222 1235 321 1306 plagas
347 1233 458 1304 generis
483 1231 601 1286 humani
627 1245 774 1284 censuram
795 1229 843 1282 Dei
870 1227 1043 1298 indignantis
1093 1233 1212 1304 pallidas
1236 1233 1338 1286 herbas
1358 1233 1459 1288 sterilis
1482 1233 1566 1304 gleba
1592 1232 1744 1304 producat,
1762 1231 1783 1284 si
1800 1231 1903 1285 rineam

223 1329 348 1383 accendi.
373 1329 434 1382 Neu
457 1325 546 1392 euim,
562 1324 633 1378 sicut
651 1329 699 1378 tua
720 1323 788 1378 laisa
811 1321 991 1393 querimonia
1015 1327 1044 1376 et
1093 1325 1222 1381 debilitet
1240 1326 1348 1397 grande
1366 1327 1488 1396 caedens,
1502 1326 1524 1380 si
1543 1327 1633 1381 oleam
1656 1325 1812 1380 detruncet
1829 1324 1905 1377 turbe

225 1421 370 1492 imperitia
396 1419 524 1474 veritatis
547 1419 651 1490 ignara
668 1418 755 1487 jactat
781 1421 809 1470 et
835 1415 969 1481 eternitat,
992 1415 1043 1470 ista
1094 1419 1268 1487 subvertens,
1281 1421 1303 1474 si
1325 1421 1434 1475 lentem
1449 1421 1558 1476 siccitas
1578 1425 1696 1488 statuat,
1713 1435 1810 1473 aerem
1826 1419 1904 1488 pesli-

226 1515 425 1570 aociduntneu
436 1512 514 1584 qued
528 1510 981 1576 diivestrianobisueucolantur,
992 1507 1043 1562 sed
1094 1516 1154 1568 lens
1175 1530 1243 1567 atara
1260 1519 1434 1585 corrumpat,
1451 1515 1601 1570 homiaem
1624 1513 1759 1568 morbida
1784 1511 1907 1565 valetudo

227 1608 302 1679 quod
329 1625 344 1660 a
367 1606 445 1662 uirbis
468 1623 526 1660 nen
553 1605 664 1659 colatur
687 1604 868 1668 Uestalium,
894 1619 958 1656 etiem
983 1602 1044 1672 ipse
1096 1611 1337 1675 consumatorem
1357 1609 1456 1662 emnia
1473 1609 1525 1662 ista
1544 1607 1667 1678 peccatis
1691 1605 1907 1677 provocantibus

227 1703 262 1756 sit
289 1701 391 1756 mundi
418 1699 551 1756 dominus
578 1704 605 1753 et
629 1704 729 1765 rector,
753 1703 780 1752 et
802 1702 902 1750 cerreta
927 1673 1084 1750 arbiuioss
1099 1700 1224 1768 venient,
1244 1707 1273 1755 et
1293 1702 1357 1772 plus
1377 1701 1563 1756 exacerbetur
1578 1702 1588 1736 ⁸
1602 1701 1678 1755 Deus
1702 1698 1821 1772 quande
1843 1699 1907 1752 nihil

228 1797 290 1867 ejus
313 1799 341 1850 et
365 1800 436 1848 nutu
455 1797 601 1865 gerantur,
623 1809 675 1846 nee
697 1791 850 1862 quicquam
876 1789 936 1844 fieri
963 1788 1049 1860 pessit
1099 1794 1165 1848 talia
1189 1801 1217 1848 et
1240 1797 1321 1849 tanta
1342 1793 1515 1866 proliciunt?
1537 1793 1609 1849 Fieri
1634 1793 1718 1849 enim
1742 1792 1794 1847 ista
1816 1793 1857 1846 rel
1877 1791 1908 1845 ad

231 1889 286 1944 nisi
298 1889 375 1960 qued
387 1893 436 1942 aet
448 1886 547 1940 lecerit
557 1891 606 1940 aut
617 1885 678 1938 sieri
689 1883 746 1955 ipse
762 1883 938 1954 praerniserit,
949 1883 1047 1952 utique
1099 1887 1278 1958 diseiptinam
1294 1887 1504 1943 contumacium
1521 1888 1565 1942 ve}
1583 1888 1617 1941 ad
1637 1903 1755 1958 poenaffl
1776 1886 1910 1940 malorum

232 1975 1046 2054 quaudeeasrentquaeiramDeiindignantisesteudnut⁴,
1099 1981 1226 2035 declarat
1249 1982 1278 2035 in
1305 1981 1458 2052 Scripturis
1484 1981 1589 2036 sanctis
1616 1981 1696 2036 idern
1711 1981 1907 2036 Deusdiceus:

232 2093 289 2130 neu
314 2080 431 2146 prepter
453 2089 505 2128 uos
524 2073 635 2139 tieut,e
658 2071 760 2142 quibas
781 2071 853 2124 Deus
872 2069 981 2135 colitur,
1000 2069 1048 2122 sed
1098 2073 1161 2127 Siue
1185 2084 1268 2126 arouse
1292 2074 1415 2142 percussi
1434 2073 1504 2142 illies
1526 2077 1640 2139 vesties,
1666 2071 1843 2141 disciplinam
1862 2084 1909 2122 ueri

233 2169 341 2224 debetis
355 2173 383 2222 et
404 2167 512 2222 meritis
527 2165 624 2221 restris
646 2165 819 2236 irrogantur,
834 2180 849 2217 a
863 2162 964 2234 quibes
978 2165 1049 2217 bees
1099 2171 1261 2234 receperunt
1288 2167 1405 2232 (ierem,
1420 2182 1448 2233 u,
1465 2168 1519 2236 30).
1534 2167 1569 2220 Et
1588 2165 1734 2236 Propheta
1753 2163 1865 2218 devotas
1880 2177 1908 2215 ac

236 2268 355 2322 omnine
370 2283 422 2320 nec
437 2265 573 2336 quaeritur
587 2263 642 2335 (tt)
662 2278 715 2316 nee
727 2261 855 2328 timetur,
870 2277 931 2327 nec,
948 2260 1048 2314 relictis
1100 2258 1209 2312 dicatus
1233 2259 1289 2314 lieo
1312 2259 1346 2313 ad
1376 2259 1437 2314 haee
1464 2260 1561 2315 eadem
1589 2258 1746 2330 respondet
1772 2260 1800 2312 et
1825 2255 1906 2310 dicit:

232 2362 314 2418 vatris
327 2357 587 2432 superstitionibus,
603 2355 704 2426 religio
718 2370 783 2408 uera
796 2354 989 2424 eogerescitar,
1008 2357 1048 2422 ut,
1103 2353 1258 2407 Verberanti
1283 2367 1335 2416 eos,
1361 2369 1408 2409 neo
1434 2355 1601 2420 doluerunt;
1625 2353 1777 2422 perpetienti
1798 2366 1848 2417 eos,
1868 2365 1908 2403 nee
1968 2339 1969 2342 ¹

230 2459 279 2528 qui
292 2457 452 2512 Deusanes
467 2455 509 2505 est
523 2450 666 2518 omnibus,
685 2465 758 2502 unies
779 2449 887 2502 retertur
902 2447 937 2501 ab
952 2447 1047 2501 enini·
1099 2446 1244 2501 ooluarunt
1262 2449 1382 2518 occipere
1398 2447 1409 2482 ⁹
1431 2447 1485 2517 tt8]
1505 2447 1683 2517 disciplinam
1706 2448 1824 2518 (ierem,
1838 2458 1861 2510 r,
1875 2442 1906 2511 3).

232 2548 465 2618 besetregetur.
1101 2541 1169 2594 Ecce
1197 2539 1363 2612 irrogantur
1390 2540 1526 2596 divinitas
1553 2540 1658 2612 plage,
1688 2547 1718 2595 et
1748 2539 1839 2593 nullus
1867 2534 1907 2590 liei

269 2644 312 2696 Vl.
330 2643 426 2712 Ipsum
443 2637 567 2708 denique
591 2635 657 2690 audi
672 2635 853 2705 loquentem,
868 2633 961 2706 ipsum
983 2649 1049 2687 rece
1101 2637 1194 2688 areius
1215 2639 1278 2689 est:
1304 2650 1369 2690 ecoe
1390 2635 1509 2690 uerbera
1530 2635 1653 2706 desuper
1676 2637 1706 2688 et
1728 2633 1839 2704 flagella
1857 2646 1907 2684 aon

233 2738 328 2792 divina
341 2735 531 2789 instruentem
547 2745 599 2785 nes
617 2729 770 2800 pariterue
791 2733 955 2782 monentem
974 2745 980 2780 :
996 2731 1048 2782 lte·
1101 2726 1213 2796 desunt,
1237 2731 1267 2783 et
1289 2728 1440 2800 trepidatio
1467 2727 1555 2797 nulle,
1576 2729 1654 2784 nulla
1679 2726 1803 2782 termido
1826 2729 1865 2780 est
1879 2724 1906 2775 ¹⁰.

231 2834 333 2888 nrirrmn
348 2832 430 2884 Deum
447 2831 523 2881 tuens
539 2824 676 2886 cederetis,
691 2823 833 2894 inquitet
858 2823 902 2876 illi
924 2823 975 2877 seli
992 2837 1048 2876 ser·
1101 2820 1174 2884 Quid
1198 2821 1221 2876 si
1242 2837 1300 2878 aen
1325 2822 1517 2878 intercederet
1542 2823 1628 2877 rebus
1650 2821 1785 2876 hirmanis
1803 2818 1843 2872 rel
1862 2816 1907 2870 iste

232 2927 287 2981 aies
300 2925 402 2994 (Dent,
417 2937 454 2986 rr,
472 2919 527 2986 te).
544 2919 577 2973 Et
589 2919 709 2973 iterum:
727 2919 787 2972 lieu
802 2921 880 2971 erint
892 2916 1051 2970 tibidiiulii
1101 2929 1232 2983 censura,
1253 2914 1368 2987 quande
1382 2916 1474 2971 adhuc
1490 2915 1582 2988 major
1605 2918 1633 2970 in
1658 2914 1823 2970 hominibus
1843 2913 1907 2966 esset

233 3018 331 3089 absque
345 3032 386 3071 me
409 3015 522 3086 (Eaed,
538 3028 584 3078 xx,
599 3012 636 3081 3).
653 3011 685 3065 Et
702 3011 806 3064 iterum
824 3028 830 3064 :
846 3010 935 3068 Nolite
954 3010 1048 3064 cimbri·
1100 3007 1231 3076 aadaeia,
1247 3009 1411 3066 facinorum
1428 3010 1600 3082 impunitate
1612 3011 1665 3082 titt)
1681 3009 1802 3066 secura?

234 3117 290 3170 tare
309 3117 368 3182 pest
391 3110 454 3164 dees
478 3107 623 3178 olienosut
644 3107 871 3166 serviatisque
892 3119 925 3159 ne
947 3090 1088 3164 adorti-C
1140 3103 1205 3158 vlit.
1231 3102 1365 3167 Quereris
1396 3104 1472 3176 qued
1506 3105 1601 3160 minas
1629 3120 1707 3159 nunc
1740 3102 1790 3158 tibi
1814 3099 1903 3154 aberas

231 3209 326 3262 ueritis
341 3220 399 3272 ees;
415 3207 439 3258 et
459 3217 492 3255 ne
511 3201 629 3254 incitetis
642 3199 652 3232 ⁵
665 3213 705 3254 rue
724 3201 753 3252 in
770 3197 894 3268 operibus
914 3211 1045 3252 manuum
1095 3196 1190 3250 lentes
1203 3202 1233 3251 et
1253 3213 1331 3252 aure
1345 3198 1472 3254 salubres
1494 3201 1523 3254 et
1539 3197 1675 3270 frequens
1697 3195 1792 3270 pierio
1810 3199 1836 3250 et
1856 3194 1904 3247 ler-

231 3307 383 3356 ucslrurum
412 3296 448 3350 eret
474 3292 665 3364 disperdendos
689 3307 734 3346 uos
771 3291 889 3362 (ierem,
914 3307 978 3354 xxv,
1007 3289 1044 3362 e).
1096 3287 1152 3343 titis
1185 3295 1261 3346 terra
1292 3291 1464 3364 obsequium
1496 3291 1662 3364 proebeant,
1690 3291 1766 3363 quod
1793 3303 1848 3344 nea
1873 3285 1906 3337 ita

234 3392 377 3465 Propheta
406 3389 476 3444 item
503 3385 608 3458 Spiritu
632 3389 729 3439 sancte
752 3385 852 3455 quenus
873 3387 1046 3438 contestatur
1098 3383 1269 3439 utilitatibus
1299 3386 1355 3440 tuis
1380 3392 1410 3441 et
1436 3385 1626 3456 voluptatibus
1652 3387 1796 3441 elementa
1820 3381 1903 3435 deser·

195 3531 197 3542 ,
234 3496 262 3544 et
282 3483 430 3542 denuntiat
448 3482 519 3536 iram
540 3479 591 3533 Dei
613 3479 732 3534 dicens:
751 3481 812 3534 lieo
833 3479 899 3532 dicit
918 3480 1047 3532 Donnuus
1098 3477 1240 3534 riant.Tu
1266 3479 1342 3534 euim
1366 3481 1426 3534 Dee
1450 3477 1546 3553 550
1568 3479 1657 3534 servis
1683 3479 1813 3550 till),per
1834 3487 1906 3546 quem

234 3583 429 3651 omnipotens:
456 3579 495 3631 Ee
517 3573 590 3644 quaed
612 3573 706 3627 demin
725 3589 783 3627 mee
804 3572 909 3626 deserte
932 3577 980 3639 est,
1002 3587 1047 3626 eos
1098 3571 1148 3625 tibi
1175 3579 1277 3627 cancta
1306 3573 1488 3640 deserviunt;
1517 3573 1664 3628 lenrelaris
1693 3571 1749 3644 (tt)
1776 3571 1814 3625 itti
1837 3567 1906 3637 cirjus

235 3682 325 3730 eutem
337 3671 476 3728 sectemini
490 3669 672 3738 urrrrspuisque
685 3668 714 3719 in
734 3665 843 3720 douram
859 3679 947 3731 sarire,
960 3681 1047 3735 prep-
1098 3670 1170 3720 nuta
1194 3667 1245 3721 tibi
1267 3667 1398 3722 universa
1420 3667 1608 3722 famulantur.
1628 3669 1688 3738 lpse
1713 3667 1749 3722 de
1766 3679 1844 3719 servo
1865 3668 1906 3714 tue

236 3776 306 3824 torae
330 3765 475 3820 abstinebit
497 3762 590 3816 colum
611 3777 628 3815 e
653 3775 723 3826 rore,
745 3765 769 3815 et
794 3764 868 3814 tenu
888 3759 1049 3814 subtrobet⁶
1100 3760 1191 3832 exigis
1213 3761 1394 3830 seruitutem,
1415 3768 1443 3816 et
1466 3762 1554 3816 treme
1578 3761 1727 3816 hominem
1748 3773 1841 3830 parere
1863 3751 1903 3806 tibi

233 3862 434 3934 procreationes
456 3872 530 3919 suris,
546 3861 570 3909 et
596 3853 724 3909 inducam
749 3854 873 3923 uiridium
894 3869 974 3922 super
995 3859 1048 3907 ter·
1102 3853 1261 3909 etobedirc
1278 3855 1436 3926 compellis.
1458 3857 1491 3910 Et
1509 3855 1624 3910 comsit
1649 3854 1726 3910 rubis
1744 3851 1839 3906 eadem
1854 3861 1904 3900 sors

235 3972 296 4011 rein
322 3959 346 4008 et
368 3967 449 4022 sran
469 3952 635 4018 frumentum
659 3954 684 4002 et
706 3963 786 4017 super
808 3950 902 4001 uirium
927 3952 952 4001 et
971 3962 1052 4017 super
1103 3947 1249 4016 nascendi,
1268 3948 1470 4004 conditiones
1493 3948 1807 4020 mer-iendi,eerpernm
1829 3943 1902 3997 mate·

238 4051 334 4111 oleum,
360 4052 385 4102 et
407 4042 489 4116 super
517 4045 634 4098 nomines
655 4049 680 4096 et
703 4056 783 4111 saper·
807 4045 1052 4111 perere,etsuper
1103 4041 1147 4094 ria
1178 4042 1346 4109 consimilis,
1381 4043 1541 4097 oriturarum
1569 4043 1642 4098 ratio
1669 4038 1825 4098 eommunis
1849 4037 1902 4102 titt,

239 4140 334 4215 549
349 4156 436 4194 omnes
452 4138 554 4192 tuberes
570 4151 701 4190 manuum
718 4151 809 4190 eorum
823 4135 917 4205 (ape,
931 4151 951 4201 r,
967 4134 1051 4206 o-u).
1104 4135 1206 4205 aequati
1218 4135 1283 4206 jure
1298 4139 1325 4190 et
1339 4135 1400 4208 pari
1415 4137 1475 4208 lege
1491 4136 1533 4190 rel
1550 4136 1679 4191 veniatur
1694 4137 1721 4191 in
1738 4135 1816 4189 istum
1830 4145 1900 4184 mun

238 4238 309 4291 ltear
337 4233 478 4305 propbeta
503 4230 574 4284 alius
601 4229 703 4300 repetit
726 4230 754 4282 el
781 4227 875 4282 dicit:
900 4231 934 4283 Et
955 4227 1053 4298 pluam
1106 4227 1174 4283 dum
1191 4229 1233 4282 vel
1250 4229 1285 4284 de
1308 4230 1418 4286 urende
1440 4231 1624 4302 postmodum
1650 4230 1804 4294 recedatur,
1819 4229 1900 4278 aaron

237 4345 319 4400 snper
354 4342 437 4382 errem
475 4327 634 4387 ciuitatem,
668 4328 693 4377 et
731 4337 813 4392 super
850 4322 935 4378 alium
961 4319 972 4353 ²
1000 4337 1054 4376 rien
1106 4322 1161 4377 nisi
1178 4323 1228 4378 tibi
1249 4340 1300 4395 pre
1314 4323 1432 4379 arbitrie
1457 4329 1506 4380 tee
1528 4326 1678 4393 sarriatur,
1694 4323 1745 4378 nisi
1764 4320 1797 4375 ad
1816 4315 1898 4370 releu-

936 4477 1040 4541 Variae
1062 4477 1230 4542 lectiones.

269 4609 593 4662 estocendnutnreeu.
626 4605 768 4658 ⁵1rritetis
780 4603 835 4654 NG.
850 4604 873 4654 2.
907 4601 1125 4655 ‘Retrahere
1159 4604 1602 4658 meermannianam
1623 4589 1898 4657 euanescere.

237 4681 370 4744 nent
411 4679 627 4731 ⁸Exaeerbetur
641 4676 754 4728 ailensis
765 4676 833 4724 Peru.
858 4674 960 4724 Versu.
993 4673 1356 4740 'Etnonaeoipruntliod
1374 4679 1397 4730 3.
1436 4677 1757 4730 ¹⁰Nuttacunet-atioest
1775 4665 1898 4724 Vocati.

262 4771 321 4806 rae.

239 4759 258 4810 G
895 4842 1008 4925 Steph.
1031 4839 1155 4903 Baluzii
1176 4841 1275 4900 notae.

271 5001 319 5058 (tir
336 5001 404 5048 Deus
425 4999 531 5048 eruntne
556 5009 603 5046 uec
617 4998 755 5061 queritur.
773 4993 803 5044 ln
828 4992 924 5044 codiee
944 4990 1098 5081 Segnis-D
1140 4986 1191 5048 (ΞΟ)
1217 4985 1252 5034 Tu
1274 4983 1343 5034 enirn
1365 4985 1415 5032 Dee
1437 4982 1528 5030 seren.
1552 4981 1591 5030 lta
1608 4977 1738 5030 tredecim
1761 4969 1817 5022 libri
1837 4963 1897 5012 testi

241 5071 318 5118 riano
334 5067 469 5131 scriptura
485 5067 645 5117 estoolitur.
1109 5072 1161 5110 res.
1185 5057 1241 5107 atii
1264 5059 1293 5106 at
1312 5053 1479 5106 vetustiores
1504 5051 1638 5102 editiones
1661 5046 1829 5125 pretereat«
1849 5035 1895 5082 1³⁸⁰

223 5129 227 5140 '
272 5141 320 5198 ttttt
349 5141 400 5187 Nec
438 5139 573 5188 votuerunt
599 5137 724 5198 circipene.
755 5136 870 5186 Veteres
902 5133 1057 5191 editiones,
1109 5143 1166 5181 nea
1194 5127 1296 5188 servls3
1323 5143 1337 5174 r>
1365 5124 1656 5188 Gratianopolitanus,
1680 5137 1694 5166 a
1719 5119 1826 5168 Domino
1850 5111 1894 5152 11⁰ss

241 5211 326 5259 etiam
353 5210 521 5266 Munatium,
543 5213 570 5260 et
593 5212 712 5272 quatuor
736 5207 800 5258 libri
824 5209 931 5258 veteres
954 5203 1062 5254 addunt
1110 5201 1209 5252 servis.
1230 5217 1245 5244 e
1866 5243 1870 5252 .

241 5293 321 5329 «neo
341 5281 489 5330 vetuerunt
500 5279 620 5362 pedere
637 5293 689 5330 nee
705 5280 829 5342 accipere
848 5278 1060 5341 disciplinam.»
1143 5273 1191 5336 (tl)
1218 5268 1377 5321 l'umuteris.
1406 5267 1474 5318 Haeo
1498 5270 1541 5316 est
1566 5263 1703 5328 scriptura
1729 5249 1894 5310 novemdefflffl

241 5351 345 5400 Verum
359 5363 455 5401 ornnes
470 5352 517 5401 eta
531 5351 593 5400 libri
608 5355 714 5402 veteres
728 5351 834 5401 hebent
846 5351 886 5399 uti
903 5361 954 5400 nes
969 5347 1059 5400 edidi·
1111 5349 1236 5395 veterum
1257 5339 1468 5404 exemplarium.
1492 5335 1627 5388 Eamdem
1652 5333 1735 5384 hahet
1753 5323 1827 5378 editio
1848 5314 1893 5406 im',

244 5435 318 5472 mus.
1109 5413 1233 5464 relliana.
1245 5411 1417 5461 vetustiores
1433 5411 1461 5460 et
1475 5407 1601 5472 quiaque
1621 5409 1714 5456 vetera
1731 5391 1892 5456 exemtlflfffl·

274 5493 321 5556 i¹9l
356 5492 517 5542 Faunorum
548 5492 710 5555 impunitate.
737 5491 846 5552 Cicero,
873 5490 901 5540 in
931 5489 1061 5542 Oratione
1110 5503 1124 5532 o
1140 5482 1451 5536 Tanenlamularis.»
1769 5540 1782 5552 ..

242 5577 292 5628 pre
305 5564 407 5615 Milone
420 5578 428 5612 :
443 5581 457 5611 e
475 5563 548 5625 Quid
562 5566 574 5613 ‘l
586 5563 661 5627 quod
684 5568 765 5628 eaput
784 5563 909 5614 audaciae
923 5565 973 5620 est,
984 5560 1060 5623 judi·
1143 5557 1190 5619 [lit
1205 5557 1357 5606 Animarum
1373 5555 1444 5603 ratio
1456 5550 1607 5602 comminus.
1623 5547 1694 5599 Vide
1708 5545 1783 5621 Vettu
1796 5535 1892 5613 retex-

238 5649 293 5694 ωε,
307 5636 371 5700 quis
383 5637 488 5699 ignerat
500 5636 649 5685 martinam
665 5635 824 5686 illecebram
839 5648 900 5684 esse
920 5631 1057 5696 peccandi
1111 5629 1158 5678 tati
1175 5627 1395 5677 dissertationem
1417 5625 1449 5674 rto
1467 5623 1555 5675 Seruis
1574 5621 1648 5687 apud
1670 5600 1891 5672 Monumentum

239 5707 413 5771 impunitatis
428 5707 531 5770 sperni
547 5723 559 5752 e
575 5705 645 5756 Vide
661 5711 741 5756 netas
763 5709 871 5756 nostras
891 5703 926 5754 ad
951 5703 1060 5766 Lupum
1111 5697 1258 5756 soror-not,
1273 5711 1333 5764 cap.
1355 5697 1392 5747 u.

240 5779 458 5838 r'orrerieusem,
472 5791 535 5844 pag.
549 5778 604 5830 an.
