4080 6200
281 281 331 336 oie
740 280 769 337 S.
789 281 947 341 CYPithtNl
965 284 1102 342 ornauit
1121 281 1208 342 raas
1230 281 1301 336 1.-
1315 279 1496 340 epistota.
1899 289 1945 343 aro

281 404 374 461 adhuc
387 404 418 459 in
431 417 577 461 carcerem
591 402 717 476 dignitas
734 422 793 461 sua
806 407 990 463 confessionis
1003 407 1094 464 iuclu·
1104 419 1134 492 Α
1145 412 1243 466 umen
1269 406 1300 461 in
1325 403 1460 477 martyrio
1485 419 1536 461 suo
1561 403 1613 462 tibi
1638 420 1674 459 ex
1699 404 1793 478 aliquo
1816 403 1949 464 debitores

20 533 22 540 ›
120 507 124 516 '
226 515 229 525 ’
280 497 327 568 sit,
345 502 374 553 et
391 497 427 553 ad
444 502 591 553 certamen
611 499 809 570 evangelicum
827 499 963 556 suafidcs
982 501 1013 556 in
1027 517 1093 556 con·
1144 499 1212 556 facti
1231 515 1293 554 esse
1314 498 1473 554 videantur.
1488 497 1553 568 Sed,
1571 501 1602 552 ut
1620 497 1658 553 ad
1675 497 1702 553 id
1721 498 1795 554 unde
1814 499 1949 572 digressus

280 591 401 648 sessione
415 591 476 662 jam
496 591 618 662 gloriosa
637 593 726 648 semel
744 594 899 661 coronavit,
912 593 1024 650 litteras
1043 596 1093 651 ha·
1145 608 1240 649 sermo
1267 591 1417 648 ridebatur
1443 606 1504 648 esse
1534 607 1632 648 rursus
1657 594 1831 662 revertatur,
1857 595 1950 665 quales

280 684 346 740 beas
358 683 553 755 conspirantes
570 700 637 740 cum
655 685 757 742 litteris
769 687 884 756 nostris,
897 687 1000 759 quibus
1015 704 1094 744 seve·
1144 684 1254 742 litteras
1279 685 1309 742 in
1338 684 1460 742 Siciliam
1488 700 1603 757 quoque
1635 683 1796 741 miserimus
1821 687 1952 759 subjectas

280 777 397 834 ritatem
407 778 579 850 evangelice
592 778 747 852 disciplina
760 781 978 852 protuleruntet
987 780 1096 838 illicitas
1146 779 1263 836 hebebis
1290 797 1296 834 :
1324 794 1488 850 quanquam
1511 777 1592 833 nobis
1619 777 1784 834 doemone
1809 779 1891 851 hrq'us
1913 782 1952 836 rei

280 871 434 942 petitiones
448 871 485 928 ab
503 873 632 928 Ecclesiae
649 874 759 944 pudore
777 880 952 931 revocarunt.
967 875 1026 931 Nisi
1042 876 1096 931 hoc
1145 873 1298 930 necessitas
1317 871 1409 944 major
1427 871 1583 939 incumbat,
1598 871 1711 944 quibus,
1731 875 1794 943 post
1812 888 1952 928 excessum

280 965 422 1035 tecbsent,
447 965 603 1037 disciplinae
626 967 799 1040 evangelicas
821 968 911 1024 ruinae
933 985 990 1024 non
1014 968 1096 1025 facile
1146 961 1331 1019 nobilissimae
1359 961 1507 1018 memori&
1531 960 1585 1017 viri
1612 960 1739 1032 Fabiani,
1766 961 1891 1018 nondum
1914 969 1952 1018 est

281 1058 456 1114 sarcirentur
465 1059 507 1129 11,
535 1059 695 1130 praesertim
723 1077 787 1117 cum
819 1061 891 1118 nulli
919 1062 1012 1134 magis
1037 1067 1096 1118 tam
1147 1056 1295 1129 episcopus
1307 1059 1426 1128 propter
1440 1069 1539 1110 rerum
1556 1058 1586 1110 ei
1603 1059 1769 1126 temporum
1781 1054 1953 1111 difficolutas

281 1167 440 1225 congruens
458 1155 534 1209 esset
550 1155 683 1209 tenorem
701 1155 857 1227 evangelici
876 1155 980 1228 vigoris
1000 1155 1095 1211 illiba·
1147 1149 1325 1218 constitutus,
1340 1147 1389 1221 qui
1406 1148 1503 1204 omnia
1522 1148 1576 1204 ista
1596 1148 1797 1204 moderetur⁷⁸
1814 1154 1843 1203 et
1861 1164 1953 1205 eorum

282 1247 346 1301 tum
364 1244 593 1318 dignitatemque
610 1261 721 1302 serrare
733 1249 767 1317 11,
780 1263 869 1320 quam
887 1249 936 1321 qui
954 1265 984 1305 se
997 1265 1095 1306 excru·
1147 1243 1197 1316 qui
1220 1243 1291 1314 lapsi
1315 1247 1382 1298 sunt
1403 1242 1491 1314 possit
1513 1257 1579 1298 cum
1602 1241 1769 1299 auctoritate
1794 1245 1823 1298 et
1845 1241 1953 1300 consilio

283 1337 399 1396 ciendos
412 1342 440 1395 et
453 1339 694 1398 excarnificandos
706 1357 758 1413 pro
771 1342 925 1414 Evangelio
937 1342 1097 1400 furentibus
1148 1336 1254 1394 habere
1267 1337 1411 1392 rationem
1429 1353 1435 1392 :
1452 1351 1620 1408 quenquam
1640 1335 1722 1392 nobis
1736 1335 1766 1392 in
1778 1339 1839 1392 tem
1851 1335 1955 1407 ingenti

283 1432 473 1500 tradidi=·sent,
497 1448 535 1489 ne
560 1432 689 1505 martyrii
697 1434 721 1469 11
748 1434 887 1490 honorem
913 1435 968 1508 (te)
995 1435 1097 1492 merito
1148 1430 1265 1504 negotio
1284 1431 1393 1502 placeat
1413 1429 1488 1502 quod
1506 1434 1534 1486 ei
1549 1434 1581 1486 ιιι
1594 1429 1654 1501 ipse
1667 1429 1805 1499 tractasti,
1821 1429 1953 1501 priuato·

282 1526 446 1598 perderent,
461 1526 484 1582 si
503 1525 534 1582 in
554 1525 701 1582 occasione
711 1527 735 1562 11
749 1528 878 1600 martyrii
900 1528 1097 1601 praevaricato·
1148 1525 1240 1581 clesioe
1253 1525 1388 1596 pacemli
1401 1523 1608 1594 sustinendam,
1625 1523 1739 1592 deinde,
1755 1522 1798 1578 sic
1815 1523 1956 1578 collatione

282 1633 328 1674 res
352 1618 498 1689 Evangelii
522 1635 582 1676 esse
607 1619 770 1676 voluissent.
796 1621 868 1677 iiam
894 1622 997 1694 quiid
1022 1623 1099 1696 quod
1148 1618 1333 1676 consiliorum
1357 1633 1421 1673 cum
1447 1617 1599 1690 episcopis,
1619 1615 1806 1689 presbyteris,
1829 1615 1956 1686 diaconis,

281 1709 368 1766 habet
382 1726 439 1766 non
452 1711 575 1768 custodit
585 1712 616 1768 in
628 1727 662 1768 eo
677 1729 710 1768 ex
724 1729 781 1786 quo
792 1713 864 1770 illud
877 1715 1012 1787 possidet,
1029 1716 1097 1772 dum
1149 1711 1360 1769 confessoribus
1377 1709 1484 1784 pariter
1504 1727 1537 1766 sc
1555 1709 1695 1766 stantibus
1713 1709 1795 1766 laicis
1814 1709 1895 1778 iacta,
1907 1708 1957 1780 lap

282 1803 312 1860 id
327 1819 363 1860 ex
374 1820 431 1876 quo
444 1803 570 1877 possidet
581 1804 676 1878 violat,
687 1807 793 1864 amitiit
804 1807 875 1864 iilud
884 1810 909 1844 11
924 1809 1000 1880 quod
1015 1784 1138 1882 possi-B
1150 1822 1247 1863 sorum
1270 1809 1391 1862 tractare
1410 1803 1563 1861 rationem.
1582 1805 1723 1874 Perquem
1744 1801 1823 1858 enim
1840 1801 1916 1857 nobis
1932 1804 1958 1857 et

283 1898 378 1954 debet.
1149 1899 1323 1957 invidiosum
1347 1901 1377 1954 et
1398 1913 1550 1954 onerosum
1574 1896 1686 1953 ridetur
1708 1914 1767 1952 non
1789 1912 1840 1968 per
1862 1896 1958 1951 multos

320 1993 351 2047 V.
368 1993 398 2046 ln
412 2008 469 2065 quo
483 1993 543 2050 loco
555 1994 696 2050 maximas
709 1995 761 2052 tibi
776 2001 862 2070 atque
877 1996 979 2054 uberes
994 1997 1100 2070 gratias
1150 1993 1311 2050 examinare
1334 1992 1411 2065 quod
1432 2007 1484 2064 per
1504 1991 1610 2046 multos
1630 1989 1817 2046 commissum
1836 1988 1957 2046 uideatur

282 2085 388 2142 referre
403 2085 540 2142 debemus
554 2091 583 2144 et
595 2087 742 2144 reddimus
758 2090 836 2162 quod
848 2090 964 2146 illorum
980 2091 1100 2148 carceris
1148 2087 1246 2156 tunsa,
1259 2089 1287 2142 et
1299 2101 1390 2142 unum
1404 2084 1576 2141 sententiam
1588 2083 1694 2152 meere,
1705 2099 1772 2139 cum
1784 2086 1843 2138 tam
1856 2081 1958 2155 grande

284 2178 414 2234 tenebras
436 2179 539 2236 litteris
561 2180 616 2237 tuis
637 2181 852 2252 illuminastifl,
876 2183 955 2257 quod
977 2185 1011 2240 ad
1037 2185 1101 2240 illos
1150 2181 1258 2238 crimen
1277 2196 1330 2252 per
1349 2179 1455 2236 multos
1477 2177 1611 2234 diffusum
1631 2180 1749 2233 notetur
1768 2177 1874 2244 exisse;
1890 2192 1956 2249 quo·

283 2271 395 2340 venisti,
418 2273 562 2345 quomodo
586 2274 705 2332 introire
730 2277 857 2348 potuisti,
881 2278 957 2349 quod
984 2277 1099 2334 illorum
1150 2275 1228 2331 niam
1244 2289 1298 2330 nec
1316 2272 1432 2329 tlrmum
1450 2272 1597 2328 decretum
1619 2273 1789 2342 potestesse
1810 2269 1887 2342 qued
1906 2285 1957 2324 non

284 2365 397 2422 animos
411 2382 463 2422 sua
476 2366 531 2424 tide
544 2371 573 2424 et
583 2367 761 2426 confessione
775 2370 906 2426 robustos
921 2371 978 2426 tuis
993 2371 1098 2428 allocu-
1150 2368 1341 2440 plurimorum
1356 2365 1499 2422 videbitur
1516 2364 1646 2420 habuisse
1664 2378 1848 2420 consensum.
1863 2362 1957 2434 Aspice

282 2457 407 2514 tionibus
416 2459 574 2532 litterisque
584 2463 727 2534 recreasti,
739 2463 825 2534 quod,
837 2464 989 2521 felicitates
1001 2481 1100 2522 corum
1149 2464 1243 2518 totum
1260 2460 1365 2517 orbem·
1377 2476 1453 2532 pene
1472 2463 1611 2515 vastatum
1627 2461 1657 2513 ct
1675 2457 1784 2530 ubique
1799 2457 1894 2528 jacere
1913 2457 1957 2510 de·

285 2551 382 2626 312
398 2553 548 2626 condignis
563 2555 696 2611 laudibus
717 2559 929 2629 prosecutus72,
947 2559 1101 2616 accendisti
1146 2556 1290 2628 jactorum
1315 2553 1451 2626 reliquias
1474 2557 1503 2608 et
1524 2551 1619 2608 ruinas
1639 2551 1706 2623 (50),
1726 2556 1756 2607 et
1777 2550 1882 2606 idcirco
1907 2553 1958 2603 tam

285 2645 322 2701 ad
337 2646 428 2702 mulio
441 2647 632 2704 ardentiorem
646 2650 767 2706 coiacus
781 2651 880 2722 gloriae
898 2653 1098 2724 cupiditatem,
1151 2647 1260 2722 grande
1284 2647 1379 2720 expeti
1401 2645 1553 2702 consitium
1579 2661 1665 2717 quam
1692 2645 1750 2700 late
1777 2645 1958 2716 propagatum

283 2738 360 2811 quod
380 2756 485 2812 pronos
504 2741 653 2814 impulisti,
668 2743 756 2815 quod,
773 2749 804 2800 ut
819 2745 1004 2802 credimusei
1018 2751 1098 2818 opta-
1150 2743 1262 2799 videtur
1289 2757 1350 2798 esse
1376 2741 1522 2798 delictum.
1551 2741 1612 2794 Non
1637 2739 1675 2794 sit
1699 2739 1795 2794 minor
1823 2735 1959 2792 medicine

284 2849 362 2902 mus,
386 2833 505 2891 victores
527 2835 637 2892 tuturos
662 2836 771 2893 viribus
796 2839 839 2893 tui
864 2839 1007 2895 sermonis
1035 2841 1099 2896 ani·
1150 2853 1237 2909 ᾳιιιιιιι
1265 2837 1382 2904 minus,
1410 2850 1469 2891 non
1495 2833 1552 2888 sint
1580 2833 1692 2889 minora
1721 2830 1849 2888 remedia
1878 2845 1958 2901 quana

283 2927 415 3000 masti⁷³3
439 2933 480 2996 ut,
503 2945 666 3000 quanquam
689 2930 742 2986 hoc
764 2933 856 2988 totum
878 2932 991 2989 deiide
1015 2933 1101 2989 contl-
1149 2930 1252 2987 funera
1271 2930 1339 3000 tsi),
1358 2934 1401 2999 ut,
1426 2927 1569 3000 quomodo
1592 2923 1689 3000 313
1711 2925 1763 2998 qui
1786 2926 1905 2981 ruerunt
1925 2921 1957 2976 ob

282 3019 438 3078 teutium⁷⁴
452 3023 481 3077 et
496 3021 531 3079 de
545 3021 638 3079 divina
652 3023 832 3096 indulgentie
844 3026 943 3082 venire
957 3027 1099 3096 videatur,
1150 3023 1205 3080 hoc
1226 3027 1347 3079 ruerunt
1368 3021 1443 3094 quod
1465 3037 1541 3076 caeca
1565 3019 1728 3076 temeritate
1752 3017 1838 3076 nimis
1860 3015 1959 3073 incauti

969 3155 1074 3220 Variae
1102 3155 1269 3220 lectiones.

313 3265 335 3298 ⁶⁶
350 3263 489 3318 Sarcirent
504 3267 565 3317 aad.
580 3269 605 3318 t.
638 3267 659 3302 ⁶⁷
673 3268 782 3320 illibata
799 3269 933 3336 dignitate
953 3284 1064 3324 serrare
1082 3272 1139 3321 Vct.
1173 3267 1396 3320 t⁸'lradidisseut
1416 3271 1551 3332 martyres
1569 3267 1632 3318 dod.
1650 3268 1671 3317 i.
1707 3265 1729 3301 ⁸⁹
1744 3265 1892 3318 Occisione
1907 3266 1957 3315 ir'u.

283 3335 304 3370 11
317 3337 418 3399 viciat,
436 3337 522 3388 violat
536 3337 606 3390 illud
621 3339 698 3390 Orco.
733 3340 754 3374 ⁷¹
769 3341 908 3392 animasti
919 3342 982 3392 rao.
1016 3343 1036 3377 ⁷¹
1050 3341 1308 3394 Persecutusana.
1341 3338 1363 3374 ⁷³
1377 3338 1498 3389 armasti
1510 3335 1573 3388 flod.
1589 3337 1612 3386 i.
1648 3334 1668 3370 11
1683 3333 1959 3388 Hanctotamconii-

283 3405 406 3458 dentiam
420 3407 483 3458 aad.
498 3411 521 3460 t.
555 3408 576 3444 ⁷⁵
589 3408 747 3463 liederetur
760 3413 818 3464 liu.
852 3411 873 3448 11
887 3413 981 3476 Prius;
999 3413 1135 3467 Ecclesia
1146 3414 1255 3478 dr'stinp.
1273 3412 1352 3462 occa

929 3531 1043 3615 Steph.
1058 3530 1191 3596 'baluzii
1211 3534 1311 3595 notae.

311 3633 361 3696 (iet
377 3633 506 3698 ilarius-ii
522 3633 658 3686 honorem.
672 3635 734 3689 ilco
747 3637 932 3704 fragmentum
947 3639 1027 3691 istius
1034 3639 1134 3727 Epi-C
1146 3637 1312 3691 Ammianus
1325 3633 1504 3686 Marcellinus
1517 3631 1565 3683 tib.
1582 3644 1633 3684 xvi
1649 3647 1655 3681 :
1668 3647 1683 3680 s
1695 3631 1756 3684 Rex
1768 3632 1958 3686 Chonodoma-

281 3703 361 3755 stotea
382 3708 483 3765 exstat,
495 3709 528 3758 ut
552 3705 684 3769 diximus,
698 3709 728 3759 in
747 3708 810 3761 icco
823 3721 880 3761 non
893 3723 944 3762 suo
954 3711 990 3761 in·
1000 3709 1097 3764 codice
1148 3710 1206 3761 rius
1225 3709 1321 3772 lapsus
1342 3719 1390 3770 per
1405 3705 1534 3756 tunemm
1555 3703 1957 3756 struas.»1oamlit›.xxxrx:

280 3774 370 3826 sancti
385 3775 535 3840 amalphi.
1147 3798 1162 3829 «
1181 3781 1278 3832 Funus
1297 3779 1359 3843 eius
1384 3789 1434 3842 per
1458 3775 1628 3840 vespillones
1650 3775 1761 3826 illatum
1782 3775 1879 3840 pullati
1896 3785 1958 3838 praa

311 3843 360 3907 (ddi
384 3845 417 3895 itt
437 3847 538 3898 ruinas.
563 3846 661 3899 Editio
681 3846 821 3914 spirensis
839 3853 867 3904 et
885 3854 941 3904 tres
966 3852 1029 3904 libri
1049 3864 1097 3902 re·
1147 3851 1246 3904 cedere
1265 3849 1394 3900 honorati
1415 3847 1604 3913 quamplures.
1626 3865 1641 3894 s
1663 3847 1733 3897 Item
1758 3845 1830 3896 liber
1854 3855 1915 3894 xxx
1952 3857 1957 3890 :

282 3919 354 3966 teres
375 3927 431 3966 non
445 3915 551 3969 habent
564 3916 625 3971 haec
647 3919 705 3971 duc
724 3921 871 3974 vocabula.
888 3924 995 3976 Veneta
1016 3926 1098 3975 vetus
1147 3939 1162 3969 c
1184 3923 1338 3986 Imperator
1359 3919 1428 3971 diris
1449 3917 1598 3983 pavoribus
1631 3918 1845 3982 circumseptus,
1872 3915 1959 3980 paula-

278 3985 373 4038 habat.
386 3987 448 4039 Duo
471 3987 519 4040 aiii
537 3987 602 4040 iibri
629 3994 737 4042 veteres
759 3992 911 4056 proelerunt
927 3993 1035 4058 loqueos
1048 4005 1098 4059 pro
1147 3994 1254 4058 timque
1271 3991 1398 4044 insiliens
1410 3990 1543 4042 lunarum
1555 3990 1653 4050 moles,
1676 3988 1711 4040 ad
1723 3989 1880 4041 lancearios
1893 3999 1959 4040 con-

284 4056 390 4108 rutoca.
1146 4064 1226 4128 tugit.
1241 4063 1359 4114 »lulius
1378 4060 1553 4125 Capitolinus
1571 4060 1600 4110 ln
1617 4059 1760 4110 Antonino
1777 4057 1956 4124 philosopho:

311 4129 361 4192 (tii
376 4129 491 4181 Funera.
513 4128 610 4183 Codex
623 4129 719 4184 Sancti
731 4132 869 4198 arnulphi
882 4133 1096 4187 hebetudinem.
1147 4135 1307 4199 «Denique
1323 4133 1402 4199 prius
1423 4144 1508 4198 ιιιιιιιι
1522 4132 1607 4182 iunus
1621 4130 1800 4183 conderetur.
1820 4149 1835 4180 a
1851 4131 1958 4196 Optatus

283 4199 354 4263 Qum
366 4199 449 4253 lectio
461 4201 531 4252 mihi
545 4201 728 4255 videturesse
741 4205 1098 4272 mationssmqnsposuis-
1147 4207 1335 4267 Mileritanus,
1356 4203 1404 4255 lib.
1425 4216 1444 4256 ιι
1473 4218 1479 4252 :
1501 4201 1694 4266 «Unicuique
1717 4204 1846 4268 sepulcro
1864 4199 1958 4252 sutflcit

280 4283 342 4321 aem
358 4271 388 4321 in
409 4275 554 4330 contextu,
573 4274 597 4323 si
614 4277 673 4324 tum
695 4287 760 4326 cum
781 4276 828 4327 hic
844 4276 924 4328 locus
946 4277 1098 4328 cudebatur
1147 4291 1235 4328 unum
1246 4275 1334 4327 lunus
1355 4278 1384 4327 et
1406 4273 1556 4326 clauditur.
1573 4273 1788 4339 »Hieronymus
1802 4275 1830 4324 in
1845 4271 1958 4336 Epistola

282 4339 443 4394 habuissem
466 4342 592 4395 codicem
615 4344 704 4394 illum.
729 4348 766 4397 nt
791 4346 900 4411 siquis
924 4347 1098 4400 retinendam
1147 4349 1183 4400 cd
1208 4347 1352 4399 Paetinam
1374 4346 1409 4398 de
1433 4346 1613 4398 institutione
1635 4343 1794 4397 Monaohi:
1822 4361 1837 4394 s
1862 4340 1958 4406 Quanti

282 4415 361 4475 putat
382 4425 478 4464 rocem
490 4415 599 4478 sumre,
622 4415 776 4480 intelligere
798 4421 905 4482 oportet
919 4422 1029 4482 mortes,
1045 4431 1096 4470 seu
1147 4417 1229 4472 hodie
1248 4420 1289 4470 sic
1310 4417 1430 4470 virendo
1451 4421 1563 4482 portant
1581 4429 1632 4467 sua
1652 4415 1759 4476 lunera,
1783 4419 1812 4467 et
1824 4414 1901 4480 qnasi
1920 4423 1957 4462 se

282 4482 376 4548 potius
396 4483 533 4538 cadavera
554 4491 736 4538 mortuorum.
759 4487 848 4552 Supra
869 4489 897 4540 in
923 4490 1095 4553 Epictetocd
1147 4491 1243 4556 pulcra
1265 4489 1402 4550 dealbata,
1427 4488 1503 4554 pieni
1526 4492 1594 4539 aunt
1618 4485 1727 4538 ossibus
1744 4489 1921 4538 mortuomm.
1944 4495 1958 4528 a

282 4557 426 4620 umnam,
448 4571 475 4622 p.
500 4558 515 4610 3
542 4573 585 4610 :s
611 4559 745 4612 Viventes
775 4561 804 4611 in
829 4561 989 4613 ultroneum
1012 4563 1097 4613 tonus
1147 4562 1225 4614 idem
1255 4561 1284 4611 in
1304 4559 1449 4624 Epitaphio
1471 4560 1619 4623 Nepotiani
1646 4573 1689 4608 :a
1712 4558 1803 4622 Quem
1828 4554 1958 4632 heredem

283 4631 425 4679 ornantur.
453 4647 468 4676 a
495 4629 592 4681 Funus
619 4631 694 4682 enim
720 4631 878 4697 frequenter
900 4633 1020 4683 sumitur
1046 4647 1098 4698 pro
1147 4633 1305 4698 putavimus
1330 4632 1417 4681 lunus
1440 4635 1577 4681 tenemus.
1603 4644 1618 4676 s
1644 4627 1720 4680 Idem
1745 4629 1774 4678 in
1800 4627 1858 4677 Vite
1871 4623 1957 4678 llotch

282 4710 398 4762 corpore
414 4703 522 4751 mortuo
539 4701 598 4753 siva
620 4700 763 4754 cadavere.
779 4701 861 4766 Apud
877 4701 1033 4767 Virgilium,
1048 4702 1096 4754 iiis.
1147 4702 1269 4755 monaehi
1291 4716 1300 4750 :
1328 4717 1343 4750 s
1373 4701 1542 4752 Prosecutus
1568 4712 1633 4764 ergo
1660 4713 1706 4750 me
1734 4699 1770 4752 de
1800 4695 1958 4748 monasterio

282 4781 313 4820 rx
333 4769 469 4832 AEnsidos,
489 4769 570 4833 {uuus
594 4770 720 4834 locorum,
742 4771 826 4824 idest
846 4772 1096 4824 macerationis·
1147 4775 1227 4840 quasi
1251 4775 1337 4824 lunus
1363 4771 1480 4824 efferret.
1515 4771 1644 4832 Rufinus,
1673 4769 1723 4821 lib.
1749 4783 1767 4831 r,
1794 4783 1823 4821 c.
1852 4770 1876 4830 8,
1898 4767 1957 4817 ilict.

283 4845 354 4901 tom,
380 4844 411 4891 ut
429 4841 543 4893 Servius
557 4842 760 4908 interpretatur.
785 4843 931 4895 luvenalis
955 4844 983 4894 in
1006 4844 1096 4909 prima
1147 4846 1234 4898 eccles.
1251 4860 1260 4894 .·
1277 4845 1385 4895 Funere
1401 4843 1554 4894 liberorum.
1575 4841 1701 4894 Libellus
1721 4853 1837 4906 precum
1856 4839 1957 4892 oblatus

285 4908 396 4963 Satira:
1147 4916 1346 4968 Valentiniano
1367 4918 1394 4966 et
1421 4913 1561 4964 Marciano
1587 4913 1665 4973 An„
1691 4926 1707 4963 a
1729 4912 1817 4962 Basso
1837 4911 1957 4976 episcopo

423 5009 530 5060 Ducitur
541 5009 612 5060 itaq.
628 5010 805 5076 plangendum
816 5010 894 5061 sunu,
907 5009 1007 5061 amicis,
1109 4986 1292 5089 Dilphasino
1310 4987 1339 5036 in
1361 4985 1481 5036 concillo
1501 4983 1727 5035 chalcedonensi
1746 4997 1752 5033 :
1769 4999 1784 5029 s
1804 4979 1957 5064 superhaec

1149 5059 1234 5110 etiam
1247 5057 1350 5108 multos
1367 5055 1497 5107 homines
1508 5067 1634 5105 meomm
1654 5054 1771 5106 diversis
1785 5053 1872 5118 pingas
1883 5047 1958 5100 morti

284 5111 388 5164 81811118
403 5114 483 5166 inlito
497 5115 664 5180 Thebdldffl,
682 5135 696 5164 tt
715 5118 900 5182 Tllmlllisqlle
914 5117 1037 5171 carentia
1052 5131 1095 5170 ΓΒ·
1144 5129 1327 5189 tradiderunt,
1343 5127 1382 5178 iia
1406 5131 1440 5178 ut
1461 5126 1560 5178 stlitem
1582 5127 1646 5176 guig
1666 5127 1768 5188 jgnugg
1788 5127 1890 5174 gangim
1911 5112 1957 5170 Dei

284 5195 350 5246 811111
365 5183 798 5248 11111111·»811111111111111111ι1111·
813 5201 883 5241 vm:
1145 5200 1272 5252 ecciesiae
1295 5198 1411 5264 quidam
1431 5201 1611 5262 exponerent.
1627 5213 1642 5244 r>
1657 5195 1710 5247 Ubi
1723 5207 1773 5260 pro
1790 5194 1885 5257 {awo
1897 5203 1957 5242 sue-

671 5292 817 5358 fflffisque
829 5293 938 5358 papeha
1147 5275 1221 5322 tores
1245 5269 1376 5321 editionis
1396 5269 1529 5320 Romanae
1552 5270 1707 5332 posuerunt
1724 5267 1753 5316 in
1773 5265 1894 5328 margine
1913 5273 1957 5311 ce-

362 5358 474 5411 itancinj
487 5363 595 5412 ,uatum
607 5375 696 5427 ,pm
709 5363 878 5414 intersum
893 5377 998 5430 comm·
1148 5341 1251 5392 dooere
1279 5353 1329 5404 per
1351 5338 1475 5404 spectem
1495 5337 1739 5420 interpretationis.
1759 5331 1958 5418 sulpitius'Se

1149 5425 1241 5473 verus,
1261 5411 1309 5461 lib.
1332 5423 1350 5460 ιι
1370 5411 1460 5460 Socra
1474 5409 1606 5467 lintona,
1625 5408 1742 5474 loquens
1755 5406 1789 5458 de
1808 5407 1958 5456 invenimus

318 5473 431 5527 Tacitus
445 5475 493 5527 lib.
508 5489 517 5527 ι
533 5477 687 5540 Annalium,
704 5495 718 5526 s
733 5478 768 5531 Ut
787 5483 866 5544 porta
878 5481 1101 5546 triumphalidu-
1150 5487 1255 5534 sanctae
1274 5481 1372 5534 Crucis
1392 5481 1505 5532 Domini
1526 5480 1615 5530 nostri
1633 5479 1701 5530 lesu
1726 5477 1829 5530 Christi
1851 5491 1857 5525 :
1878 5491 1893 5520 a
1911 5471 1958 5523 Ca·

287 5550 398 5598 caretur
408 5547 528 5598 mnus.»
541 5547 593 5599 Ubi
606 5549 671 5600 vide
683 5554 763 5600 notas
776 5551 967 5602 Freinshemii.
981 5553 1099 5618 llpitoms
1150 5553 1231 5617 pinni
1249 5551 1350 5602 deinde
1365 5549 1514 5602 consilium
1526 5555 1559 5600 ut
1577 5549 1699 5615 aliquem
1717 5559 1815 5600 recens
1826 5549 1956 5597 mortuum

285 5617 392 5669 Aurelii
415 5617 536 5670 Victoris
555 5619 583 5669 in
604 5619 779 5672 Diocletiano
799 5635 804 5670 :
826 5639 840 5668 a
855 5623 950 5673 Funus
971 5625 1031 5687 eius
1046 5624 1100 5676 Ga·
1152 5623 1285 5676 crucibus
1309 5622 1500 5674 admoverant.
1523 5621 1581 5673 Nec
1604 5633 1689 5682 mora,
1716 5621 1796 5685 quasi
1816 5618 1866 5669 Dei
1893 5618 1956 5664 nutu

286 5687 353 5739 lieni
378 5689 507 5754 sepulcro
528 5689 653 5740 intertur.
671 5707 685 5737 a
704 5692 847 5756 Apuleius.
871 5693 919 5744 lib.
944 5705 993 5748 vrrs
1016 5695 1103 5745 lisla-
1153 5695 1260 5746 lunaris
1278 5694 1411 5746 exstincti
1430 5692 1606 5745 solemnibus
1623 5692 1764 5757 exsequiis
1783 5687 1956 5744 deserebatur,

286 5757 456 5824 morphoseon
482 5775 528 5810 :a
550 5761 646 5812 Funus
665 5775 728 5814 vere
753 5767 812 5814 toto
832 5763 947 5816 teretem
971 5778 1102 5830 pompam
1154 5777 1353 5831 concursuque
1380 5765 1505 5816 omnium
1536 5765 1638 5816 feretro
1671 5775 1773 5828 corpus
1801 5760 1902 5813 eruitur
1929 5779 1957 5792 -

284 5835 468 5900 prosequente
500 5833 602 5900 populo
635 5833 783 5888 deducitur
816 5833 852 5887 ad
883 5836 1063 5905 sepulturam.
1090 5853 1105 5884 a
1153 5837 1239 5890 tanus
1251 5849 1412 5900 excussum,
1427 5841 1456 5892 et
1469 5836 1542 5890 inter
1562 5837 1730 5904 spectatores
1741 5845 1807 5890 suos
1823 5827 1956 5886 amoos.»
