3978 6204
249 223 300 284 ιιι
705 223 732 278 s.
754 221 1167 282 erraramorauuurms
1187 221 1475 284 11.-oruscum.
1856 232 1896 290 rsa

284 353 326 409 lx.
348 354 386 406 llc
409 333 507 404 multis
528 349 660 420 proprius
680 349 813 404 interitus
834 349 900 404 satis
924 365 980 404 nnn
999 349 1064 404 fuit.
1077 359 1104 435 Α
1116 365 1183 406 carm
1197 367 1303 408 corana
1317 350 1414 406 dallei
1428 349 1594 420 dignatione
1607 349 1899 424 descendat,uecpossit

249 442 440 501 Hortamcntis
461 441 567 497 mutuis
588 441 617 496 iu
642 441 760 497 exitium
770 443 795 476 ⁴⁰
818 443 939 514 populus
961 442 1065 514 impul·
1118 445 1207 516 accipi
1223 446 1277 500 nisi
1291 444 1376 500 luerit
1390 445 1462 499 hora
1478 443 1618 510 sumendi,
1634 443 1754 514 quisquis
1767 446 1793 500 in
1806 448 1900 504 Christe

250 555 296 593 sus
314 541 365 604 cst,
380 551 456 594 mors
473 535 592 590 invicem
610 535 708 590 lethali
724 536 826 606 poculo
841 537 995 608 propinata
1009 540 1065 604 est;
1117 555 1237 593 manens
1256 538 1373 594 interim
1391 537 1476 606 cedit,
1491 553 1549 592 non
1568 536 1654 592 fidem
1672 539 1762 608 negat,
1779 539 1824 593 sed
1841 545 1901 595 tem·

247 647 290 698 nc,
306 647 342 684 ne
363 627 433 700 quid
451 629 562 684 deesset
576 629 610 682 ad
625 628 753 684 criminis
770 631 930 698 cumulum,
945 631 1067 686 inientes
1117 633 1201 703 pusi·³
1224 637 1367 704 exspectat
1390 646 1396 686 :
1421 632 1471 702 qui
1494 634 1591 685 autem
1616 645 1681 684 cum
1704 647 1757 686 non
1779 633 1905 688 secederet

247 739 362 795 quoque
386 723 440 792 (35)
466 724 625 794 parentum
644 722 776 778 manibus
801 724 846 778 vel
871 724 999 796 impositi
1024 725 1066 778 vel
1117 725 1229 794 cecidit,
1243 731 1400 796 negaturus
1413 725 1562 781 remansit.

247 816 370 886 attracti,
400 816 560 872 amiserunt
586 816 694 888 parvuli
722 816 777 890 (36)
807 818 885 888 quod
915 817 944 872 in
972 817 1066 889 primo
1153 818 1196 874 xl.
1226 818 1451 887 Dissimulauda,
1482 818 1585 874 fratres
1615 816 1798 886 dilectissimi,
1822 820 1905 876 ventu

247 911 343 966 statim
360 909 517 965 nativitatis
531 909 650 966 exordio
668 910 782 966 fuerant
798 912 953 966 consecuti.
968 912 1067 966 Nonne
1118 927 1176 966 non
1192 915 1245 980 est,
1261 928 1313 968 nee
1329 912 1455 967 vulneris
1472 912 1560 967 nostri
1580 911 1696 966 materia
1712 915 1739 966 et
1757 927 1832 966 eausa
1848 915 1905 968 reti·

247 1005 290 1059 illi
317 1020 383 1059 eum
407 1003 508 1075 judicii
535 1003 595 1060 dies
623 1004 733 1059 venerit
757 1003 854 1059 dicent
880 1022 887 1058 ε
913 1005 970 1060 Nos
995 1005 1067 1060 nihil
1118 1005 1216 1061 aenda.
1236 1007 1350 1078 decepit
1366 1005 1469 1060 multos
1487 1005 1652 1076 patrimonii
1669 1005 1711 1059 sui
1727 1021 1805 1060 amor
1820 1021 1904 1073 cacus,

247 1099 314 1152 meli
326 1099 347 1132 ‘¹
371 1097 501 1164 lecimus,
518 1113 579 1167 neo,
600 1097 737 1153 derelicto
759 1096 821 1152 cibo
840 1104 868 1153 et
887 1097 990 1170 poculo
1014 1099 1066 1152 llo·
1117 1115 1170 1154 nec
1185 1097 1220 1154 ad
1236 1098 1431 1156 recedendum
1444 1098 1535 1170 parati
1549 1101 1599 1153 aut
1616 1097 1738 1170 expediti
1752 1114 1809 1153 esse
1821 1104 1903 1168 potue

246 1192 329 1261 ruini,
352 1193 387 1246 ad
411 1192 533 1262 prolana
557 1191 688 1263 contagia
711 1196 812 1262 sponte
837 1192 1065 1264 properavimus.
1118 1197 1185 1248 runt
1206 1208 1271 1264 quae
1293 1191 1441 1248 facultates
1467 1209 1526 1248 suae
1550 1191 1627 1247 velut
1651 1191 1797 1263 compedes
1817 1192 1903 1262 ligare·

248 1285 374 1340 Perdidit
396 1301 449 1340 nos
478 1284 572 1339 aliena
598 1284 735 1355 perfidia,
764 1289 898 1366 paraptes
926 1285 1067 1341 sensimus
1117 1291 1194 1340 runt.
1218 1287 1266 1341 llla
1289 1287 1405 1344 luerunt
1428 1285 1643 1342 remanentibus
1665 1285 1784 1354 vincula,
1803 1284 1849 1339 illae
1868 1303 1904 1338 ca-

249 1379 413 1452 parricidas.
429 1378 469 1434 illi
483 1377 564 1434 nobis
579 1377 733 1434 Ecclesiam
750 1382 883 1447 matrem,
898 1380 938 1434 illi
955 1382 1066 1452 patrem
1117 1385 1190 1436 tana·
1212 1379 1267 1452 (38)
1289 1380 1392 1452 quibus
1415 1384 1445 1435 et
1465 1379 1554 1435 virtus
1575 1379 1718 1435 retardata
1740 1383 1788 1448 est,
1807 1382 1833 1432 et
1850 1379 1906 1433 tides

248 1473 338 1528 Deum
353 1475 546 1544 negaveruut3
562 1475 604 1539 ut,
620 1471 700 1541 dum,
716 1473 796 1543 parvi
817 1476 845 1528 et
861 1473 1020 1545 ¹improuidi
1040 1479 1068 1530 et
1117 1489 1223 1546 pressa,
1248 1481 1277 1529 et
1302 1490 1383 1530 meus
1407 1475 1542 1541 vtncwt,
1563 1479 1592 1530 et
1612 1473 1708 1530 anima
1729 1473 1864 1546 praeclusa,
1882 1477 1908 1528 ut

248 1567 321 1622 tanti
337 1565 470 1622 facinoris
483 1566 589 1636 ignari,
604 1583 657 1636 per
674 1567 745 1622 alios
763 1567 799 1622 ad
818 1567 993 1623 consortium
1010 1569 1066 1623 cri·
1118 1567 1243 1639 serpenti
1262 1571 1379 1637 terram,
1398 1568 1556 1624 secundum
1577 1569 1628 1623 Dei
1648 1567 1823 1632 sententiam,
1837 1566 1907 1620 devo·

247 1660 361 1714 minum
373 1659 535 1730 jungimur,
552 1659 644 1714 aliena
658 1659 758 1716 fraude
773 1677 941 1733 caperemur
954 1661 1020 1732 (37).
1118 1662 1194 1717 ranti
1216 1663 1314 1734 pracda
1336 1664 1366 1718 et
1384 1661 1463 1718 cibus
1484 1661 1586 1718 tierent
1607 1661 1657 1733 qui
1679 1661 1847 1716 terrestribus
1866 1661 1909 1730 (39)

73 1756 77 1772 “
173 1815 174 1820 χ
282 1756 312 1810 Χ.
336 1754 392 1809 Nec
417 1758 470 1822 est,
492 1753 566 1825 proh
592 1753 686 1808 dolori
708 1754 785 1825 justa
808 1755 904 1826 aliqua
927 1759 955 1810 et
978 1737 1304 1826 gravisBinhaererent.
1317 1756 1350 1812 Et
1364 1755 1469 1811 idcireo
1485 1755 1630 1824 Dominus,
1641 1755 1781 1810 bonorum
1794 1753 1910 1824 magister

249 1863 332 1903 eausa
357 1863 422 1918 quae
447 1850 559 1902 tanturn
590 1846 698 1902 facinus
722 1853 846 1904 excuset.
874 1849 1069 1921 Relinquenda
1119 1853 1148 1903 et
1161 1865 1345 1922 praemonens
1359 1851 1388 1904 in
1401 1850 1561 1906 luturum⁴⁷
1579 1866 1586 1904 ε
1602 1849 1632 1904 Si
1644 1851 1697 1917 cis,
1711 1847 1808 1920 inquit,
1819 1849 1908 1917 perscr-

247 1946 310 1998 erat
323 1941 416 2012 patria
427 1946 455 1995 ct
470 1940 638 2013 patrimonii
655 1941 782 1996 iacienda
792 1943 913 2012 jactura.
927 1943 977 1997 Cui
990 1943 1068 1999 enim
1120 1949 1164 1998 tus
1188 1959 1253 2007 esse,
1269 1944 1448 2012 verdecensis
1466 1947 1556 1999 omnio
1577 1949 1635 2006 taso,
1656 1949 1682 1999 et
1701 1943 1736 1998 da
1753 1941 1908 2013 paoperibus,

247 2036 380 2092 nascenti
394 2039 479 2106 atque
498 2033 631 2090 morienti
651 2052 708 2090 non
729 2036 921 2108 relinquenda
939 2037 1069 2109 quando·
1119 2041 1144 2092 et
1167 2037 1275 2092 hebebis
1299 2038 1456 2093 thesaurum
1474 2039 1504 2092 in
1523 2039 1610 2107 cetis3
1630 2042 1656 2092 et
1677 2039 1910 2104 pentemimeris

246 2147 304 2202 que
320 2129 412 2202 patria
425 2133 452 2185 et
466 2129 633 2200 patrimonii
649 2131 692 2183 sui
706 2130 834 2185 iacienda
845 2131 958 2201 jactura
973 2131 1068 2186 esti⁸²
1118 2128 1238 2202 (Marti,
1253 2146 1309 2199 nav,
1324 2130 1380 2201 ll).
1397 2131 1427 2186 Si
1446 2130 1500 2186 hoe
1518 2131 1619 2186 divites
1635 2131 1770 2197 iacerent,
1789 2144 1835 2199 per
1850 2128 1909 2182 diri·

248 2223 379 2279 Christos
400 2239 457 2278 non
478 2222 665 2294 relinquatur,
686 2223 785 2278 salutis
805 2240 837 2278 ac
857 2224 932 2279 sedis
955 2228 1069 2280 aeternae
1119 2224 1174 2280 tias
1186 2225 1285 2280 suasin
1299 2241 1357 2280 non
1373 2224 1515 2296 perirent;
1531 2225 1699 2280 thesaurum
1717 2223 1745 2278 in
1761 2224 1824 2278 coelo
1842 2238 1910 2292 repo·

243 2319 359 2390 jactura
377 2317 520 2372 timeatur.
537 2315 646 2372 Clamat
661 2333 726 2371 ecce
749 2333 800 2388 per
814 2318 984 2390 prophetam
1006 2318 1067 2390 Spi-
1118 2321 1232 2389 nentes,
1255 2318 1364 2374 hostem
1389 2335 1467 2374 nunc
1488 2323 1516 2374 et
1539 2323 1761 2390 expugnatorem
1771 2318 1793 2352 ‘⁰
1813 2316 1910 2372 domes-

249 2411 321 2466 ritus
344 2415 459 2465 sanctus
485 2427 492 2466 :
522 2411 668 2473 discedite,
694 2411 832 2478 discedite,
855 2413 926 2466 reite
946 2412 1020 2481 r'nde,
1044 2418 1070 2468 et
1119 2412 1207 2467 ticum
1229 2429 1286 2467 non
1307 2412 1458 2468 haberent.
1479 2413 1559 2468 Esset
1572 2412 1601 2468 iu
1621 2413 1692 2468 caelo
1712 2427 1761 2467 cor
1775 2416 1802 2468 et
1817 2411 1912 2465 animas

247 2505 421 2560 immundum
434 2506 519 2560 notite
534 2509 654 2573 tenpore.
669 2507 748 2560 Erite
763 2505 895 2560 demedio
908 2505 978 2574 ejus,
994 2521 1069 2577 sepo·
1119 2509 1148 2560 et
1165 2522 1276 2575 sensus,
1293 2507 1316 2562 si
1335 2507 1486 2562 thesaurus
1505 2510 1581 2562 esset
1598 2506 1627 2562 in
1647 2506 1720 2562 coelo
1737 2523 1744 2560 :
1763 2520 1811 2560 nec
1825 2501 1913 2558 vincia

244 2601 398 2670 partimini,
409 2599 433 2633 ⁸³
448 2601 497 2668 qui
510 2600 590 2665 sertis
609 2613 676 2653 uerso
691 2600 800 2653 Domini
812 2601 888 2670 (lsra,
904 2615 950 2666 mr,
967 2601 1019 2669 ll).
1036 2601 1069 2655 Et
1119 2600 1222 2654 secrato
1236 2605 1331 2672 posset
1345 2601 1393 2672 qui
1405 2600 1482 2656 unde
1498 2600 1706 2669 vinceretur⁵⁰,
1718 2599 1746 2653 in
1759 2595 1855 2653 saeculo
1867 2612 1913 2651 non

248 2694 298 2764 qui
315 2710 380 2748 vasa
396 2695 463 2748 sunt
478 2692 592 2748 llcmiui
606 2708 639 2748 ac
655 2693 792 2762 templum
809 2693 869 2760 Dei,
885 2709 921 2748 ne
939 2692 1067 2748 immuu-
1119 2692 1246 2749 haberet.
1268 2694 1443 2766 Sequeretur
1463 2694 1615 2750 Dominum
1637 2693 1747 2750 solutus
1769 2695 1796 2748 et
1812 2691 1912 2756 liberil,

250 2787 321 2842 dum
334 2791 454 2858 tangere
470 2791 498 2842 et
514 2785 651 2842 feralibus
665 2784 761 2857 474
772 2785 842 2841 cibis
857 2786 944 2858 pollui
958 2787 1069 2842 violari·
1118 2791 1150 2842 ut
1164 2787 1281 2858 apostoli
1296 2793 1325 2842 et
1338 2787 1391 2842 sub
1411 2788 1545 2859 apostolis
1563 2787 1646 2844 multi
1667 2793 1696 2843 et
1712 2785 1837 2843 nonnulli
1851 2799 1912 2855 mpe

251 2897 307 2953 que
323 2884 474 2952 cogantur,
490 2896 547 2934 non
567 2883 672 2936 exeunt
684 2879 720 2934 da
736 2879 829 2934 medic
845 2895 896 2934 nec
914 2880 1067 2936 receduntl
1118 2881 1259 2948 feceruut,
1280 2882 1339 2953 qui,
1360 2884 1389 2936 et
1411 2881 1496 2938 rebus
1516 2882 1575 2938 suis
1598 2883 1627 2938 et
1648 2881 1812 2954 parentibus
1832 2875 1912 2950 475

248 2973 323 3030 Alibi
338 2989 453 3046 quoque
472 2990 523 3029 vox
545 2973 660 3029 auditur
674 2989 689 3028 e
702 2974 783 3042 eoelc,
798 2990 981 3044 praemonens
1000 2974 1068 3046 quid
1119 2974 1268 3044 derelictis,
1289 2975 1446 3031 individuis
1465 2975 1578 3033 Christo
1600 2976 1721 3032 nexibus
1742 2974 1913 3032 adheserunt.

249 3069 299 3124 Ilei
313 3084 407 3123 servos
428 3068 521 3124 lacere
540 3067 691 3124 conveniat
710 3067 808 3124 dicens
821 3084 828 3122 ε
843 3070 896 3124 Eri
913 3068 945 3124 de
963 3083 1005 3132 eo,
1018 3084 1067 3140 po·
1153 3071 1209 3128 llll.
1225 3069 1309 3142 Sequi
1325 3074 1423 3124 autem
1437 3069 1581 3126 Christum
1597 3069 1741 3142 quomodo
1755 3071 1862 3142 possunt
1874 3065 1914 3137 qui

245 3164 332 3235 putas
354 3178 437 3227 meus,
461 3177 495 3218 ne
515 3165 655 3234 particeps
677 3165 713 3218 sis
734 3162 894 3217 delictorum
914 3162 971 3232 ejus
991 3167 1016 3218 et
1036 3179 1068 3217 ne
1119 3163 1285 3234 patrimonii
1304 3163 1417 3219 vinculo
1438 3163 1623 3220 detinentur?
1642 3167 1699 3219 Aut
1718 3162 1852 3236 quomodo
1869 3175 1912 3214 re·

245 3260 443 3330 perstrinparis
459 3258 549 3327 piupis
564 3256 620 3326 epra
634 3257 737 3326 (Apes,
753 3272 830 3323 xvrn,
847 3257 881 3327 i).
900 3256 955 3320 Qui
970 3255 1026 3312 exit
1040 3259 1068 3312 et
1117 3258 1177 3313 lum
1192 3261 1303 3329 petunt,
1319 3263 1348 3314 et
1364 3258 1401 3313 ad
1418 3258 1549 3314 sublimia
1562 3263 1591 3314 et
1603 3258 1660 3314 alia
1673 3257 1861 3314 conscendunt
1875 3251 1914 3324 qui

250 3352 326 3408 cedit
337 3353 360 3386 ⁴⁸
377 3350 471 3406 delicti
490 3350 629 3422 particeps
644 3367 700 3404 non
716 3349 762 3416 tlt;
777 3349 867 3421 plagis
881 3366 948 3404 vero
966 3356 994 3404 et
1007 3351 1067 3422 ipse
1117 3351 1239 3407 terrenis
1266 3352 1470 3424 cupiditatibus
1494 3351 1709 3424 depravantur?
1735 3349 1867 3406 Possidere
1890 3361 1913 3400 se

247 3443 452 3519 perstringitur
464 3442 512 3514 qui
530 3443 623 3498 socius
640 3441 767 3498 criminis
780 3443 935 3498 invenitur.
952 3443 987 3498 Et
1002 3443 1066 3499 ideo
1117 3445 1239 3500 eredunt
1261 3445 1310 3517 qui
1334 3445 1427 3517 potius
1449 3445 1641 3517 possidentur,
1663 3461 1763 3502 census
1782 3443 1822 3498 sui
1843 3439 1913 3504 sarri,

249 3538 386 3594 llominus
407 3537 435 3593 in
454 3535 652 3608 persecutione
670 3535 802 3591 secedere
825 3539 853 3590 et
869 3537 968 3607 fugere
983 3553 1066 3593 man·
1118 3555 1169 3593 nee
1193 3538 1228 3594 ad
1252 3539 1405 3611 pecuniam
1430 3539 1533 3611 (to-ar)
1555 3555 1634 3594 suam
1657 3539 1775 3605 domini,
1798 3536 1842 3592 sed
1862 3549 1912 3589 ma·

248 3633 335 3700 davit,
355 3635 450 3703 atque,
472 3633 502 3686 ut
522 3630 549 3685 id
570 3631 661 3698 lieret,
681 3634 708 3684 et
730 3629 826 3684 docuit
845 3629 965 3685 etfacit.
986 3632 1065 3698 Nam,
1117 3633 1160 3703 gis
1181 3634 1309 3706 pecuniae
1331 3634 1495 3706 mancipati.
1517 3634 1570 3688 lloc
1591 3638 1716 3706 tempus,
1733 3633 1782 3688 hos
1801 3631 1914 3686 homines

936 3821 1040 3888 Variae
1075 3823 1244 3890 lectiones.

279 3993 519 4045 itlinitumsuum
536 3988 614 4042 Oeen.
646 3989 829 4042 ‘'Nesrrbcar
849 3987 1000 4042 Balsama
1020 3991 1167 4055 interponat
1188 3990 1255 4041 mali
1277 3989 1369 4042 Goidtr.
1403 3993 1424 4024 ⁴²
1435 3987 1548 4042 Jactura
1569 3989 1630 4041 esti
1646 3986 1684 4042 Ut
1706 3987 1830 4040 Christus
1847 3984 1912 4035 Oros.

249 4067 456 4118 ⁴³blandiamini
472 4067 541 4116 Mon.
558 4063 612 4127 Qui
631 4065 747 4127 portatis
766 4063 820 4112 din.
838 4060 900 4112 lind.
933 4061 955 4094 ⁴⁴
966 4060 1001 4112 Et
1019 4060 1126 4113 secedit
1139 4062 1208 4111 Pem
1225 4063 1278 4111 lin.
1301 4061 1366 4111 Voss.
1381 4063 1405 4111 3.
1438 4061 1575 4111 “Horam
1598 4062 1658 4110 Voss
1688 4061 1712 4112 3.
1746 4057 1913 4120 “Fidespro-

248 4139 304 4188 (lita
324 4142 352 4188 et
369 4151 447 4187 mens
467 4137 540 4187 victa
557 4137 623 4186 Voss.
643 4136 664 4184 l.
698 4133 719 4167 ⁴⁷
731 4135 782 4184 sic.
806 4145 836 4184 ιιι
854 4136 913 4184 llas.
935 4133 969 4184 Et
991 4145 1167 4198 praemonens
1190 4137 1218 4184 et
1235 4132 1385 4184 consulens
1400 4131 1478 4182 ocos.
1512 4129 1605 4181 “Non
1619 4143 1686 4181 suas
1702 4131 1769 4181 tum.
1788 4129 1843 4184 ltu.
1856 4127 1913 4175 Fosr.

251 4209 317 4257 Voss.
351 4207 372 4240 ⁴⁹
382 4207 497 4257 Hostem
519 4217 594 4255 nunc
613 4207 832 4268 expugnatorem
856 4204 933 4254 Osca.
968 4201 1158 4255 sivinciretur
1178 4201 1297 4253 emendet
1318 4204 1426 4254 Gronau.
1450 4201 1507 4252 Otr.
1530 4217 1595 4252 mou.
1615 4217 1640 4266 p.
1661 4202 1703 4252 so.
1737 4199 1879 4252 ⁵'Securus
1893 4198 1914 4244 ct

249 4278 321 4330 noar
335 4278 398 4328 aaa.
411 4279 435 4328 4.

903 4409 1016 4496 Steph.
1036 4409 1160 4477 baluzii
1181 4415 1279 4476 nctae.

248 4583 386 4654 placebat.
401 4583 461 4650 Ego
475 4585 592 4651 praelerc
606 4599 667 4638 eam
683 4599 747 4652 quas
767 4585 851 4638 habet
868 4585 1160 4674 immolaturus,Dres
1188 4589 1216 4637 et
1239 4589 1353 4636 sanctus
1379 4584 1563 4649 Augustinus.
1594 4581 1724 4646 Plerique
1750 4583 1839 4631 tanam
1863 4571 1914 4626 libri

250 4673 335 4725 quam
355 4671 410 4710 non
431 4657 529 4709 dubito
548 4659 634 4710 luisse
651 4660 778 4725 primam.
799 4659 866 4710 Nam
885 4664 912 4710 at
932 4673 996 4710 mox
1018 4673 1065 4712 se·
1116 4657 1222 4710 habent
1243 4661 1419 4716 morarentur,
1443 4655 1570 4720 quinque
1590 4651 1682 4704 alienu
1704 4655 1913 4702 arortsmoreren-

248 4732 344 4796 quitur
357 4744 363 4778 ι
378 4729 523 4780 lmmctusti
537 4729 577 4779 iric
591 4728 701 4779 salutem
715 4735 795 4779 tuom.
813 4729 903 4780 Aliam
916 4729 1066 4781 lectionem
1115 4733 1167 4780 tur.

247 4802 379 4865 adjuvare
399 4802 518 4864 possunt
536 4798 597 4851 haec
617 4799 702 4850 verba
722 4800 887 4851 Tertulliani
901 4814 933 4850 ax
949 4800 1019 4851 libro
1036 4802 1067 4852 ds
1147 4799 1199 4862 (38)
1216 4797 1270 4848 lite
1292 4801 1398 4847 rotans.
1417 4795 1538 4847 Sanctus
1558 4793 1743 4859 Augustinus,
1765 4794 1870 4844 tractatu
1889 4785 1914 4836 tt

246 4873 362 4938 triremis
375 4888 384 4922 .·
397 4889 413 4921 a
431 4871 526 4923 Saceis
549 4873 636 4923 voluti
660 4876 685 4922 et
707 4873 800 4923 cinere
822 4875 965 4937 conspersi
985 4872 1066 4925 idolis
1116 4871 1144 4922 in
1163 4870 1347 4935 Evangelium
1364 4870 1500 4920 ioannis:
1520 4868 1605 4919 «Erit
1627 4867 1678 4918 tibi
1699 4865 1812 4917 avaritia
1829 4866 1913 4914 catena

248 4948 307 4994 auis
319 4943 455 4994 invidiam
466 4941 622 5006 supplicem
637 4942 781 5007 objiciunt.
795 4959 810 4992 s
1116 4942 1228 5008 pedum.
1245 4959 1259 4988 s
1873 5002 1876 5010 .

280 5015 327 5080 (35)
352 5013 471 5076 lerientes
497 5026 610 5078 quoque.
639 5013 711 5065 Citat
734 5014 811 5066 hunc
839 5016 929 5066 locum
953 5020 1067 5066 sanctus
1147 5015 1197 5078 (39)
1223 5014 1273 5076 Qui
1300 5011 1475 5064 terrestribus.
1502 5011 1640 5062 Pamelius
1666 5009 1769 5075 adjecit
1795 5003 1913 5069 copidita-

248 5087 424 5151 Augustinus
451 5085 478 5135 in
507 5085 630 5149 Epistola
650 5087 687 5135 od
711 5085 878 5148 bonifacium
906 5087 1065 5151 episcopum.
1116 5085 1195 5144 tibur,
1219 5098 1318 5150 parum
1346 5083 1433 5134 flrmis
1455 5083 1631 5133 testimoniis.
1658 5081 1735 5133 idem
1761 5075 1913 5144 paulopost
1957 5089 1958 5094 ¹

249 5157 368 5220 Optatus
382 5157 429 5207 lib.
450 5169 477 5207 ιιι
496 5171 502 5204 :
520 5173 533 5200 «
546 5156 684 5208 Omnibus
702 5156 771 5209 locis
787 5157 920 5221 templum
943 5159 1001 5208 erat
1018 5161 1067 5207 aut
1116 5157 1200 5208 simili
1222 5155 1387 5206 auctoritate
1409 5152 1516 5204 addidit
1542 5160 1567 5204 et
1592 5154 1731 5204 consulens
1751 5154 1811 5217 post
1831 5155 1913 5224 recep

249 5230 351 5279 scelus.
367 5227 589 5292 inquinabantur
609 5243 693 5293 prope
714 5229 863 5280 morientes
882 5242 972 5291 senes,
987 5229 1066 5293 igno·
1114 5241 1286 5292 praeconans.
1310 5226 1365 5278 Sed
1385 5228 1436 5277 ista
1460 5238 1516 5275 uon
1535 5229 1645 5278 exstant
1664 5226 1692 5274 in
1715 5223 1833 5286 antiquis
1851 5214 1914 5268 codr-

249 5313 312 5350 rans
328 5298 503 5364 polluebatur
514 5299 640 5361 tutantia,
656 5300 785 5350 manibus
796 5300 874 5364 parvi
887 5303 965 5365 pueri
977 5303 1066 5364 porta·
1116 5299 1196 5364 cibus
1221 5311 1313 5364 neque
1334 5298 1362 5348 iu
1385 5298 1509 5362 antiquis
1534 5295 1709 5348 aditionibus.
1734 5292 1814 5358 Angli
1834 5293 1913 5368 tamm

248 5372 350 5423 bantur
363 5368 398 5419 ad
411 5370 498 5433 netas,
510 5373 639 5434 parentes
650 5372 794 5422 incruenta
812 5373 960 5436 parricidia
975 5373 1067 5423 iacere
1116 5383 1148 5424 ea
1171 5371 1355 5432 retinuerunt,
1378 5370 1505 5434 quamvis
1529 5367 1574 5420 his
1597 5370 1723 5419 carerent
1743 5377 1834 5418 corum
1852 5361 1912 5410 libn.
1957 5387 1958 5400 ι

249 5441 429 5507 cogebantur.
446 5455 461 5488 s
1117 5441 1178 5493 Vox
1193 5442 1346 5507 cupiditatis
1358 5441 1452 5492 addita
1470 5440 1545 5490 haud
1560 5437 1646 5491 dubie
1659 5443 1702 5490 est
1714 5436 1854 5503 aquodam
1868 5435 1914 5480 stu·

277 5513 328 5577 (36)
345 5513 494 5563 amisorum
513 5512 632 5577 paruuli.
651 5513 859 5580 Huncquoqus
875 5513 1067 5566 locumreiart
1117 5513 1195 5566 diosc
1210 5515 1260 5579 qui
1278 5514 1349 5564 intra
1370 5509 1587 5578 legebat,sQui
1602 5511 1718 5562 terrenis
1731 5503 1914 5574 cupiditatibus
1957 5525 1958 5530 ι

246 5589 359 5638 sanctus
374 5584 549 5649 Augustinus
561 5585 589 5635 in
606 5584 728 5648 Epistola
744 5585 782 5634 od
796 5584 959 5649 bonifacium
970 5587 1068 5650 episeo-
1115 5590 1360 5652 praegravantur.»

246 5669 320 5728 prum,
341 5659 373 5707 ut
393 5655 521 5720 Cypriani
542 5657 701 5707 testimonio
722 5655 819 5720 probet
843 5658 966 5721 parvulis
993 5656 1066 5721 apud
1146 5657 1247 5721 (td-tt)
1269 5657 1321 5708 Neo
1346 5656 1383 5706 od
1404 5657 1553 5720 pecuniam.
1579 5655 1708 5720 Quinque
1735 5651 1796 5703 libri
1820 5651 1913 5700 veteres

247 5731 337 5782 Deum
350 5741 406 5780 non
423 5727 536 5779 oltlcere
551 5731 697 5792 parentum
715 5727 868 5792 perfidiam.
1116 5727 1220 5779 babent
1241 5746 1255 5775 «
1274 5729 1332 5780 Nec
1356 5729 1484 5792 pecuniae
1504 5741 1573 5778 suaa.
1591 5747 1604 5772 υ
1623 5726 1676 5779 Alii
1694 5725 1760 5786 duo,
1781 5740 1795 5772 s
1813 5721 1864 5774 Nec
1885 5713 1912 5766 ad

279 5801 326 5872 (37)
349 5800 443 5852 attero
462 5797 558 5866 (raude
579 5811 741 5864 soporamur.
767 5798 807 5848 tta
828 5811 878 5850 sax
906 5799 968 5850 libri
991 5802 1066 5850 rete·
1116 5799 1454 5865 pecuniamdcminl,seri
1470 5800 1627 5865 lpstpotius
1640 5797 1801 5866 pecuniae.»
