3986 6208
691 279 719 335 S.
733 279 897 377 CYPllthl
916 281 1054 339 OPERUhl
1073 281 1159 339 ratis
1177 281 1211 338 ll.
1228 309 1262 324 -
1276 281 1460 339 oruscutit.
1832 293 1875 346 iot

230 468 1876 515 m

807 631 1272 726 TESTiMONiuittiit
1298 621 1308 672 ¹

943 841 1048 907 tram
1069 841 1170 907 raas

703 1054 1084 1166 ADVERSUS
1131 1057 1428 1168 JUDAEOS

252 1457 404 1518 Crrnrsuus
427 1461 543 1527 Quirino
559 1463 569 1498 ¹
589 1464 646 1520 lilio
673 1467 794 1522 salutem
808 1469 854 1540 (1).
879 1469 1033 1542 Ohtempe·
1045 1483 1074 1556 Α
1085 1471 1256 1544 compendio
1272 1473 1294 1507 ¹¹
1308 1472 1337 1528 id
1349 1473 1426 1544 quod
1436 1471 1543 1545 legitur
1554 1475 1638 1528 tenax
1649 1473 1783 1530 memoria
1800 1477 1880 1528 custo·

216 1553 342 1608 randum
354 1555 417 1623 fuit,
430 1557 470 1612 lili
483 1558 650 1615 charissime
661 1562 683 1628 ³,
699 1561 839 1618 desiderio
850 1568 898 1619 tuo
908 1563 1029 1635 spiritali
1080 1567 1130 1624 dit.
1146 1565 1314 1637 Complexus
1328 1583 1391 1622 sum
1411 1583 1478 1624 rero
1495 1566 1604 1622 libellos
1622 1567 1695 1622 duos
1717 1567 1774 1638 pari
1796 1583 1878 1638 aqua-

215 1643 427 1715 impensissima
441 1651 577 1721 petitione
598 1653 693 1710 divina
712 1657 878 1728 magisteria
902 1655 1029 1729 poscenti
1079 1661 1160 1716 litate
1187 1661 1384 1716 moderatas¹³
1398 1678 1407 1730 3
1435 1677 1536 1724 unum,
1564 1677 1619 1733 quo
1645 1661 1790 1717 ostendere
1816 1659 1879 1714 enisi

214 1738 896 1820 quibusnosilominusperScripturassanctas
916 1751 1029 1806 erudire
1080 1756 1227 1822 sumus¹¹,
1252 1755 1377 1824 Judaeos,
1404 1755 1565 1811 secundum
1601 1771 1667 1826 quse
1696 1755 1804 1810 luerent
1826 1760 1880 1810 ante

215 1833 244 1885 et
266 1832 407 1891 instruere
421 1838 553 1909 dignatus
568 1846 610 1895 est
629 1843 651 1910 ¹,
666 1845 709 1910 ut,
726 1843 880 1900 sicncbris
898 1845 1029 1900 erroris¹
1080 1847 1225 1920 praedicta,
1252 1865 1268 1902 a
1296 1849 1355 1903 lieo
1377 1849 1536 1919 recessisse,
1561 1853 1590 1904 et
1614 1848 1818 1921 indulgentiam
1841 1851 1883 1904 llo·

215 1923 330 1982 obducti
351 1931 379 1982 et
400 1929 463 1986 luce
482 1933 542 2003 ejus
568 1935 664 2006 pura¹
690 1938 718 1991 ct
741 1935 863 1992 candida
888 1938 1028 2009 taurinati,
1081 1941 1161 2010 mini,
1176 1941 1307 2013 quaesibi
1327 1942 1391 2013 jam
1408 1943 1523 2015 pridem
1551 1943 1617 1998 dato
1644 1945 1670 2000 el
1695 1943 1725 1999 in
1753 1949 1881 2014 posterum

214 2017 370 2079 riamvitae
387 2041 438 2096 per
458 2027 591 2082 salutaria
613 2027 708 2102 677
733 2036 910 2086 sacramenta
932 2035 1028 2086 tenea·
1079 2053 1114 2107 pr
1164 2036 1219 2100 issa
1246 2036 1357 2102 luerat,
1384 2037 1550 2110 perdidisse,
1582 2036 1747 2093 successisse
1771 2051 1831 2092 vero
1858 2037 1881 2091 in

215 2134 290 2174 miss.
315 2119 349 2173 Et
370 2119 497 2190 quidem,
515 2121 588 2176 siout
611 2123 715 2192 petisti,
738 2123 778 2179 ita
805 2124 917 2180 anobis
934 2141 1029 2180 sermo
1080 2052 1181 2184 egium
1217 2130 1312 2186 locum
1339 2129 1511 2188 Christianos
1532 2131 1588 2187 ilde
1615 2131 1803 2188 Dominum¹¹
1824 2146 1880 2202 pro·

215 2213 390 2284 compositus
403 2217 433 2268 et
460 2214 575 2270 libellus
598 2216 770 2288 compendio
794 2217 964 2274 breviante¹
984 2219 1027 2274 di·
1080 2228 1227 2279 merentes
1240 2229 1268 2280 et
1284 2223 1320 2280 do
1344 2224 1476 2280 omnibus
1501 2225 1633 2296 gentibus
1649 2241 1682 2280 ac
1699 2225 1735 2280 de
1748 2227 1803 2280 toto
1823 2223 1881 2278 orbe

215 2313 310 2378 gestus
337 2312 389 2374 est,
425 2312 456 2362 ui
484 2325 549 2380 ques
583 2308 781 2365 scribebantur
794 2311 815 2380 ⁸,
850 2328 908 2366 non
945 2313 1029 2384 copia
1083 2317 1241 2374 venientes.
1279 2319 1349 2374 item
1382 2318 1496 2374 libellus
1533 2319 1605 2374 alius
1636 2319 1763 2374 continet
1792 2317 1881 2376 Christi

213 2399 342 2454 latiore¹
382 2399 582 2470 diffunderem,
614 2403 673 2472 sed,
710 2408 850 2475 quantum
879 2405 1029 2462 mediocris
1078 2417 1299 2480 sacramentum,
1318 2413 1393 2485 quod
1409 2413 1488 2468 idem
1508 2413 1620 2468 venerit
1636 2413 1722 2485 ¹¹qui
1741 2412 1880 2468 meandum

213 2493 351 2548 memoria
365 2495 540 2566 suggerebat
554 2495 587 2566 ¹⁰,
603 2497 728 2570 exceptis
755 2498 886 2570 capitulis
896 2503 924 2554 et
940 2517 1027 2556 anne·
1078 2505 1237 2578 Scripturas
1249 2507 1433 2562 annuntiatus
1454 2509 1507 2576 est,
1522 2512 1550 2562 et
1564 2508 1687 2578 gesserit
1697 2522 1729 2562 ac
1742 2504 1881 2578 perfecerit

214 2587 256 2642 xis
269 2589 428 2644 necessaris
443 2605 564 2663 qumque
584 2590 749 2662 colligerem
771 2593 874 2666 quibus
896 2609 953 2648 non
969 2599 1028 2649 tam
1078 2598 1209 2655 universa
1224 2599 1327 2672 quihus
1340 2599 1459 2671 intelligi
1472 2603 1501 2656 et
1520 2601 1654 2672 cognosci
1667 2616 1748 2672 posse
1762 2601 1805 2672 ((5)
1819 2615 1879 2670 pre

215 2684 351 2736 tractasse
374 2699 460 2755 quem
488 2685 672 2740 tractantibus
695 2686 845 2741 materiam
872 2687 1029 2759 praebuisse
1078 2691 1169 2748 dictus
1185 2689 1264 2760 ¹⁷est,
1280 2709 1345 2766 quse
1357 2692 1519 2765 legentibus
1536 2693 1573 2764 (t)
1600 2694 1720 2750 interim
1736 2694 1758 2728 ¹¹
1780 2691 1877 2764 prosint

216 2773 373 2831 videamur.
390 2777 444 2832 Sed
461 2783 488 2832 et
501 2776 664 2850 legentibus
677 2779 798 2835 brevitas
815 2781 953 2852 ejusmodi
968 2783 1028 2853 plu·
1079 2785 1218 2857 adprime
1233 2785 1487 2842 lideilineementa
1505 2786 1671 2842 formanda.
1695 2788 1758 2842 Plus
1778 2784 1877 2840 roboris

213 2867 319 2924 rimam
344 2870 467 2942 prodest,
494 2871 561 2926 dum
586 2889 643 2928 non
664 2874 843 2930 intellectum
862 2875 982 2948 legentis
1002 2853 1192 2934 ethabitur
1205 2884 1234 2934 et
1247 2879 1339 2951 magis
1361 2896 1392 2934 ec
1414 2881 1505 2952 magis
1526 2880 1689 2937 intellectus
1715 2879 1803 2936 cordis
1824 2895 1879 2950 ope·

212 2977 327 3018 sensum
350 2964 424 3034 liber
441 2965 555 3038 longior
573 2967 683 3038 spargit
698 2969 731 3036 ¹¹,
755 2968 803 3023 sed
831 2969 975 3025 subtiliore
991 2972 1027 3042 (2)
1078 2972 1189 3028 rabitur
1198 2973 1337 3030 scrutanti
1354 2973 1512 3045 Scripturas
1535 2979 1644 3030 veteres
1664 2991 1698 3030 ac
1715 2990 1800 3030 nores
1830 2972 1881 3044 plo-

895 3116 1000 3180 Variae
1030 3118 1198 3184 lectiones.

142 3245 148 3266 ·
244 3237 305 3288 ¹Ad
328 3237 487 3301 Quirinum,
512 3241 547 3290 de
572 3240 753 3292 Sacramenta
777 3241 882 3294 Christi
906 3244 958 3294 NG.
985 3246 1008 3306 i,
1032 3245 1094 3296 iisd.
1119 3245 1142 3296 2.
1168 3247 1239 3296 tum.
1262 3245 1344 3297 Liber
1365 3245 1499 3298 adversus
1518 3246 1632 3298 Judaeos
1654 3247 1723 3296 lien.
1750 3245 1794 3296 tiu.
1821 3245 1878 3293 Mau·

211 3309 274 3356 Mor.
296 3309 421 3370 Epistola
445 3309 577 3374 Cypriani
597 3312 630 3362 ad
652 3313 887 3375 Quirinumiin.
938 3315 1074 3377 ¹Quirino
1093 3329 1153 3378 suo,
1176 3317 1205 3368 S.
1222 3316 1275 3368 uo.
1296 3317 1319 3368 Ξ.
1370 3316 1468 3378 ³Fuit,
1492 3316 1656 3367 charissime
1676 3317 1739 3366 Bou.
1759 3317 1780 3364 1.
1826 3311 1880 3358 ⁴Su

210 3380 256 3430 ur.
272 3381 336 3432 liud.
351 3382 374 3444 i,
394 3382 418 3442 2,
437 3383 461 3444 3,
482 3384 504 3433 1.
530 3383 580 3433 Thu
604 3385 692 3435 Veron.
715 3387 772 3434 lien.
798 3388 865 3437 Voss.
886 3386 909 3435 3.
928 3385 1045 3437 Erudire
1067 3391 1094 3439 et
1113 3387 1258 3438 instituere
1279 3389 1358 3438 osan.
1393 3387 1564 3438 ⁵tenebrosi
1582 3387 1684 3438 erroris
1703 3385 1815 3446 caligine
1830 3379 1880 3431 itod.

209 3451 233 3500 1.
253 3452 319 3501 Voss.
336 3455 359 3499 a.
393 3450 446 3504 ¹iit
460 3467 509 3518 per
532 3453 623 3505 lucem
639 3457 699 3518 eius
719 3469 817 3518 puram
842 3459 868 3506 et
889 3455 1038 3508 candidam
1059 3457 1206 3509 illuminati
1231 3459 1290 3510 liud.
1312 3462 1334 3509 1.
1359 3459 1513 3510 illuminari
1534 3461 1606 3508 lioss.
1622 3459 1646 3509 3.
1668 3457 1711 3508 hd
1724 3457 1811 3508 lucem
1824 3457 1877 3513 ata,

208 3521 265 3571 tiu.
298 3521 399 3574 ¹t3revi
414 3529 477 3575 ante
497 3527 562 3575 Voss.
578 3529 600 3574 t.
617 3527 701 3578 Brevi
716 3526 772 3592 dig.
790 3527 909 3590 uuus.
925 3528 1005 3578 Brevi
1017 3528 1051 3578 ed
1064 3532 1090 3579 te
1106 3529 1160 3593 dig.
1181 3529 1251 3594 Spir.
1268 3529 1474 3594 compendiosa
1493 3529 1629 3580 brevitate
1649 3531 1722 3580 Voss.
1736 3529 1760 3579 3.
1795 3523 1881 3576 ¹Scri-

207 3590 379 3642 henturiin.
412 3593 531 3646 ⁹Latior
544 3595 606 3648 liod.
620 3596 643 3646 3.
682 3595 702 3630 ¹⁰
715 3597 897 3662 suggesserat
916 3598 969 3648 NC.
992 3601 1015 3650 t.
1035 3601 1106 3650 ium.
1123 3600 1186 3650 iiod.
1200 3600 1224 3650 1.
1259 3601 1279 3634 ¹¹
1295 3601 1442 3665 spargeret
1465 3603 1522 3652 Ver.
1558 3593 1878 3661 ¹¹Utiiiorecompendio.

214 3663 270 3712 Ver.
307 3665 327 3696 ¹³
341 3663 403 3714 Pari
417 3665 549 3730 qualitate
569 3667 658 3717 Veron.
673 3665 832 3718 Moderatus
852 3671 920 3719 t'oss.
934 3672 958 3720 t.
993 3671 1013 3704 ¹¹
1026 3670 1121 3722 Simus
1133 3673 1220 3721 excusi
1230 3671 1357 3737 plerique.
1373 3672 1476 3723 Sumus
1489 3673 1571 3722 ozon.
1584 3685 1616 3721 es
1626 3671 1701 3721 codd.
1715 3669 1776 3720 liud.
1793 3669 1813 3726 l,
1824 3666 1846 3724 i,
1859 3663 1879 3722 3,

205 3734 405 3785 1.1,1η.Νο.1.
430 3739 533 3788 rosus.
569 3737 589 3771 ¹⁵
600 3736 697 3788 Fidem
714 3739 825 3790 Domini
842 3739 980 3804 liod.i,3.
1006 3743 1071 3792 Voss.
1083 3744 1108 3793 i.
1144 3742 1164 3777 ¹¹
1176 3743 1238 3794 tam
1262 3741 1405 3794 advenerit
1417 3741 1471 3792 NG.
1487 3739 1511 3790 2.
1547 3739 1567 3774 ¹¹
1579 3741 1704 3805 agnosci
1722 3749 1800 3804 posse
1819 3747 1878 3800 pre·

207 3804 300 3856 dictus
315 3809 357 3857 est
369 3807 440 3857 taur.
452 3805 507 3858 NG.
521 3807 544 3870 l,
562 3807 585 3857 1.
602 3807 657 3857 tin.
674 3809 779 3872 Posset,
795 3809 867 3860 sicut
881 3810 1033 3876 praedietus
1047 3815 1089 3862 est
1103 3815 1173 3863 Voss.
1187 3813 1210 3864 2.
1248 3811 1268 3846 ¹⁸
1283 3813 1398 3877 Legeuti
1413 3809 1462 3862 tibi
1478 3810 1557 3862 Occu.

859 3938 970 4021 Steph.
994 3940 1118 4006 Baluzii
1141 3947 1239 4005 notae.

238 4081 272 4146 (l)
288 4079 317 4132 Sl
337 4095 392 4146 qua
414 4085 480 4132 sunt
498 4081 558 4134 loce
578 4083 607 4133 in
628 4081 765 4148 Operibus
780 4083 870 4134 sancti
892 4083 1023 4148 Cypriani
1035 4076 1063 4151 C
1075 4083 1185 4149 Quibus
1205 4097 1256 4148 ego
1278 4084 1360 4147 eddo,
1378 4081 1558 4148 Fulgentium
1582 4083 1746 4147 episcopum
1768 4082 1794 4131 ia
1816 4079 1879 4140 irag-

207 4151 241 4204 de
269 4153 371 4216 quibus
398 4151 571 4216 pronuntiari
595 4167 652 4204 non
679 4156 765 4217 possit
791 4167 823 4205 ea
847 4159 921 4206 corte
948 4155 1026 4206 illius
1075 4158 1188 4217 mentis,
1212 4160 1240 4206 et
1265 4155 1373 4220 Lupum
1399 4153 1528 4205 abbatem
1552 4153 1767 4212 Ferrarionsem,
1786 4151 1812 4200 iu
1832 4148 1879 4212 epi·

207 4236 277 4282 esse,
292 4223 321 4273 id
333 4236 398 4275 vero
413 4225 442 4274 in
459 4225 559 4288 primis
575 4223 666 4276 efferri
686 4229 776 4289 potest
791 4226 825 4276 de
845 4227 922 4278 libris
947 4229 1027 4278 Testi-
1076 4226 1147 4276 stola
1167 4227 1220 4286 tes,
1242 4225 1276 4276 od
1299 4237 1388 4289 repom
1409 4223 1545 4286 iteratum,
1566 4228 1593 4275 ei
1616 4225 1644 4274 in
1669 4223 1739 4274 libro
1759 4223 1789 4272 dc
1807 4219 1878 4271 tritu

206 4295 353 4344 munierum
378 4294 415 4344 od
437 4295 584 4358 Quirinum.
605 4296 701 4346 Plures
727 4297 802 4346 enim
825 4297 937 4348 codices
960 4298 1026 4363 plus
1077 4297 1267 4359 Quastienitus
1292 4297 1376 4348 citare
1406 4295 1460 4348 hoc
1493 4309 1564 4360 opus
1594 4300 1727 4359 tanquam
1751 4290 1876 4357 Cypriani.

205 4363 311 4416 habent
330 4379 413 4430 quam
433 4367 551 4430 vulgate
569 4365 712 4430 editiones,
732 4367 778 4418 alil
800 4367 892 4418 minus
918 4369 1025 4434 ltaque,
1076 4367 1169 4418 Habui
1197 4371 1291 4418 autem
1317 4379 1405 4416 unum
1432 4369 1460 4416 et
1485 4365 1584 4427 vipinti
1607 4364 1776 4429 exemplaria
1799 4365 1877 4412 vetera

208 4436 340 4502 quonism
369 4437 540 4502 impossibile
568 4442 610 4488 est
633 4437 790 4489 discernere
815 4451 846 4490 ee
874 4453 938 4504 quae
962 4445 1025 4493 vere
1075 4439 1175 4488 horum
1201 4438 1346 4500 librorum,
1368 4451 1487 4502 quorum
1517 4441 1609 4488 lamen
1636 4437 1761 4501 quinque
1786 4431 1877 4483 babent

208 4507 340 4572 Cypriani
354 4509 466 4561 suntab
485 4510 519 4560 iis
534 4522 597 4575 quas
610 4514 673 4574 post
685 4509 765 4560 illurn
788 4525 804 4560 a
824 4510 957 4563 studiosis
976 4513 1025 4564 ad·
1075 4513 1181 4560 tantum
1196 4509 1281 4559 libros
1297 4508 1368 4559 duos
1385 4509 1499 4572 priores.
1517 4507 1652 4571 Ejusdem
1674 4517 1754 4570 porro
1770 4504 1821 4554 iore
1840 4513 1877 4550 ar·

207 4580 265 4630 diie
286 4585 362 4642 sunt,
380 4595 432 4633 nos
455 4582 622 4634 retinuimus
642 4595 674 4633 ee
696 4595 760 4647 ques
783 4581 867 4646 vulgo
895 4583 1026 4647 leguntur
1076 4581 1278 4645 gumenttcum
1300 4580 1353 4630 isto
1369 4579 1501 4644 Cypriani
1520 4591 1603 4644 opero
1622 4582 1666 4628 est
1686 4575 1756 4628 liber
1776 4574 1805 4625 ds
1823 4574 1877 4652 Pro-

207 4651 235 4702 in
253 4651 424 4704 editionibus
438 4656 464 4703 et
481 4665 513 4703 ea
528 4651 686 4704 addidimus
698 4665 761 4717 quae
780 4656 887 4716 reperta
909 4669 924 4704 a
945 4655 1025 4705 nobis
1075 4652 1242 4703 missionibus
1263 4655 1288 4702 et
1309 4650 1524 4715 praedictionibus
1538 4649 1596 4710 Dei,
1610 4653 1659 4714 qui
1683 4646 1765 4711 vulgo
1786 4643 1876 4722 tubae

207 4727 274 4775 sunt
299 4725 328 4774 in
355 4725 477 4788 antiquis
500 4724 706 4788 exemplaribus
731 4725 936 4788 manuscriptis,
954 4724 1025 4775 nihil
1076 4728 1121 4773 tur
1148 4723 1289 4788 Prospero.
1318 4721 1458 4774 Caeterum
1484 4721 1630 4782 admoneo,
1654 4721 1876 4796 Erasmumgtittl

207 4795 348 4846 danastro
369 4795 509 4846 addentes.
527 4797 610 4846 Porro
629 4795 684 4847 duo
707 4799 814 4846 tanturn
836 4796 941 4859 priores
962 4795 1025 4846 libri
1075 4795 1217 4859 protessus
1229 4798 1271 4844 est
1284 4807 1314 4844 se
1328 4798 1427 4857 putere
1440 4793 1494 4842 hoc
1507 4804 1577 4856 opus
1598 4804 1656 4842 non
1672 4803 1732 4841 esse
1747 4787 1874 4868 cyprum,

206 4871 315 4917 exstent
335 4867 363 4916 in
379 4865 500 4917 editione
516 4867 648 4931 Spirensi,
663 4868 691 4916 in
713 4868 799 4918 reteri
815 4867 931 4930 Veneta,
949 4871 975 4918 et
997 4869 1025 4918 in
1075 4869 1103 4918 in
1118 4869 1197 4918 initio
1212 4870 1304 4917 lamen
1320 4867 1526 4918 Adnotutiouum
1539 4879 1652 4916 suarum
1664 4865 1691 4914 ln
1708 4860 1874 4936 Evangelturn

205 4951 237 4987 ee
261 4951 346 5002 quam
368 4937 541 4989 Remboldus
568 4939 733 5002 procuravit.
757 4939 888 4989 Erasmus
917 4939 1025 4990 tertiam
1074 4941 1190 4992 ioannis
1202 4941 1287 4992 citare
1302 4944 1385 5003 ceput
1400 4939 1550 4990 tertiumsi
1564 4925 1875 5003 quintumlibrisacundr

206 5009 298 5059 emisit
318 5022 352 5060 ex
374 5007 471 5059 codice
494 5009 598 5073 scripio
621 5011 781 5060 monasterii
801 5009 1022 5062 Gemblaoensis.
1075 5017 1208 5078 tanquam
1224 5011 1365 5076 Cypriani.
1857 5070 1861 5080 ¹

207 5079 262 5131 Sed
283 5079 358 5145 quod
379 5079 551 5144 probabilius
572 5080 625 5130 sibi
648 5080 734 5132 videri
752 5083 789 5131 ait
809 5081 863 5132 hoo
883 5095 1024 5146 opusnon
1108 5084 1139 5147 (2)
1166 5081 1321 5134 Subtitiare.
1349 5081 1445 5134 Codex
1470 5081 1639 5132 Veronensis
1663 5085 1689 5130 et
1714 5074 1875 5129 Corbeiensrs

206 5163 267 5202 esso
293 5151 437 5214 Cypriani,
462 5152 528 5216 quia
556 5152 584 5200 iu
621 5152 668 5202 illo
699 5156 800 5216 praeter
833 5153 1023 5216 praelationem
1075 5154 1191 5206 utiliore.

206 5235 361 5286 numquam
382 5227 479 5274 auctor
498 5236 582 5274 suum
606 5221 710 5288 stylum
730 5227 833 5286 exerat,
849 5225 978 5288 quemuis
997 5225 1024 5274 id
1106 5227 1137 5288 (3)
1159 5226 1286 5289 Coqnosei
1306 5229 1399 5290 posset.
1417 5223 1509 5274 Editio
1532 5237 1595 5288 quas
1619 5224 1721 5275 dicitur
1743 5217 1829 5272 Grovii
1851 5215 1874 5262 0¹

207 5307 304 5346 verum
331 5299 425 5356 esset,
455 5295 530 5359 quod
557 5299 631 5346 certe
657 5308 712 5344 non
743 5299 802 5356 est,
827 5300 1023 5360 argumentum
1076 5297 1234 5348 Pameliena
1255 5296 1358 5347 hebent
1380 5313 1393 5342 a
1412 5299 1503 5360 potest
1522 5295 1598 5358 quod
1618 5296 1677 5359 ipse
1696 5293 1729 5344 sit
1749 5289 1793 5355 qui
1817 5295 1874 5349 pno-

205 5365 281 5417 istud
304 5365 477 5416 levissimum
499 5369 551 5423 est,
575 5367 616 5416 uti
641 5371 667 5416 et
688 5364 757 5416 illud
783 5365 858 5430 quod
882 5367 916 5418 de
943 5366 1024 5417 lertio
1076 5367 1233 5419 dictusest.
1249 5387 1262 5414 s
1278 5369 1333 5418 Sed
1350 5367 1488 5432 egohenc
1510 5365 1657 5418 lectionem
1671 5365 1698 5415 ln
1719 5362 1793 5413 nullo
1808 5361 1873 5406 vete-

206 5436 278 5488 libro
306 5437 435 5499 opinatur
457 5437 588 5487 Priorius.
616 5437 686 5488 Nem
713 5442 826 5488 sanctus
851 5439 1139 5520 AugustinusDrum
1159 5439 1358 5502 exemplarium
1381 5439 1469 5502 reperi
1494 5437 1597 5501 quibus
1620 5450 1688 5488 usus
1710 5445 1779 5488 sum.
1793 5435 1873 5512 11611116

205 5508 291 5560 libros
313 5508 379 5556 istos
401 5512 534 5571 tanquam
556 5508 687 5572 Cypriani
713 5509 778 5558 citat
799 5509 845 5558 lib.
869 5523 906 5570 rr,
932 5513 1027 5560 contre
1078 5513 1168 5560 exstat
1183 5509 1211 5560 ln
1223 5509 1395 5574 anglicanis,
1411 5521 1503 5574 neque
1517 5509 1545 5558 in
1564 5505 1732 5560 editionibus
1749 5505 1873 5563 anhelito·

203 5580 270 5630 duas
290 5578 423 5642 Epistulas
439 5579 657 5643 Peiupr'uuorum,
678 5595 738 5644 cap.
758 5583 774 5632 8
795 5585 823 5632 et
843 5581 869 5642 o,
888 5585 918 5630 ut
938 5581 1026 5631 adno—
1078 5581 1162 5632 ribus.
1179 5581 1262 5647 Angli
1277 5585 1369 5633 temen
1382 5595 1443 5632 eam
1459 5581 1643 5632 retinuerunt.
1795 5645 1798 5652 Ι
1838 5637 1864 5648 Ι,

205 5650 272 5701 terit
296 5650 507 5715 Pamelius,qui
533 5651 601 5701 alias
619 5663 731 5716 quoque
751 5651 926 5715 probationes
946 5649 1026 5704 affert
1109 5654 1140 5716 (1)
1165 5652 1323 5716 tepentibus.
1348 5655 1438 5704 Antea
1467 5653 1598 5715 scriptum
1629 5653 1686 5702 erat
1707 5647 1796 5710 tepenti
1823 5635 1872 5717 titi.

205 5723 322 5786 optimas
356 5727 387 5772 ut
421 5721 548 5773 ostendat
582 5733 645 5772 vere
674 5734 734 5772 esso
766 5722 909 5788 Cypriani.
942 5723 1025 5785 Quod
1076 5723 1294 5775 Emendavimus
1317 5737 1351 5776 ex
1374 5723 1471 5775 codice
1489 5723 1653 5786 Veronensi,
1670 5725 1695 5772 et
1715 5732 1748 5770 ex
1762 5715 1870 5765 Furens}

206 5794 289 5846 etiam
319 5793 436 5846 adstruit
460 5794 617 5846 observatio
645 5792 774 5846 editionis
801 5795 963 5859 hnglicauae
990 5793 1025 5845 ad
1075 5800 1101 5847 et
1123 5797 1270 5856 Beccensi;
1294 5795 1445 5860 legitimam
1463 5799 1557 5846 eutem
1579 5806 1639 5844 esse
1661 5792 1730 5842 benc
1749 5781 1870 5841 emendo-

204 5864 307 5952 tibrum
317 5866 451 5932 primum,
464 5868 492 5921 ot
512 5865 542 5917 in
553 5864 716 5935 pretatione
730 5865 765 5919 ad
782 5865 887 5919 tibrum
901 5866 1022 5923 tertium.
1074 5868 1180 5923 tionem
1194 5865 1316 5922 ostendit
1328 5866 1412 5923 otiam
1425 5863 1551 5933 prelatio
1562 5865 1627 5918 tttrri
1636 5862 1715 5921 tertii.
