4172 6186
249 293 318 354 iare
903 253 1263 364 cenomanens.
1329 343 1334 348 -
1867 267 1938 362 rasi

282 421 359 476 VIII.
382 448 413 462 -
433 419 606 475 Ascendersat
629 423 791 490 apprehensi.
813 425 893 478 Hanc
918 427 1202 527 lectionemAmodo
1221 443 1274 484 ceu
1294 429 1399 484 licitam
1419 427 1529 484 ridetur
1550 425 1708 492 detondere,
1728 427 1777 482 sed
1800 429 1941 495 tanquam

249 509 334 560 quam
348 509 413 547 mss.
435 495 562 560 plerique
577 499 700 558 tuentur,
721 497 900 550 commendat
913 500 1013 552 similis
1027 499 1069 550 lo-
1118 515 1176 554 ram
1187 504 1352 567 imperatam
1362 501 1579 554 commendare:
1596 501 1650 554 hac
1666 515 1702 553 ex
1712 506 1791 568 parte
1805 516 1822 553 a
1836 501 1943 566 magis·

249 568 325 618 cutio
340 566 407 618 cleri
424 566 504 619 Item.
519 580 562 632 ep.
578 567 603 628 8,
616 566 650 615 nd
662 567 758 618 Pumet.
774 582 852 619 narn.
867 569 883 620 3
898 585 905 620 z
924 567 1070 620 Ascender-
1119 576 1162 624 tre
1177 571 1349 625 Tertulliano
1364 572 1446 637 longe
1461 573 1617 626 discedens.

243 629 284 688 'tes
298 639 331 688 ot
345 637 391 690 ltoo
403 638 472 704 quod
486 636 722 704 conspetteboator
734 641 923 692 revocavimus.
1151 645 1223 696 XIII.
1249 670 1279 683 -
1309 647 1383 698 Nunc
1412 643 1520 710 depello
1555 644 1711 696 scinderent.
1745 645 1852 698 Pariter
1883 649 1943 697 tor·

279 709 321 760 Ad
334 709 494 774 capitolium
504 713 595 773 'sponte
608 713 714 760 aeratam
734 714 780 763 cst.
802 711 904 764 Arcem
924 711 1069 776 Carthagi·
1120 719 1212 768 menta
1225 715 1287 768 lroee
1307 715 1440 768 describit
1460 715 1564 768 Tertul.
1586 717 1661 782 Apol.
1678 730 1704 768 e.
1718 715 1769 767 30:
1791 735 1807 764 «
1824 717 1941 782 Expan-

248 794 375 846 nensem,
390 782 596 833 imitamentum
615 782 753 833 Romame.
771 783 915 834 Neratiani
934 788 962 835 ct
975 784 1070 835 Dona·
1119 801 1166 838 sos
1184 789 1289 854 ungulo
1312 787 1429 850 tedianl,
1450 802 1550 842 cruces
1573 789 1755 854 suspendant,
1770 789 1849 854 ignes
1871 790 1942 840 lam-

246 852 318 904 tistae
336 852 503 916 Catholicae,
519 853 594 920 qued
614 853 1069 919 huoaseendenleslapsosrece-
1119 857 1205 922 bant,
1244 858 1330 926 gladii
1365 862 1477 926 guttura
1513 859 1697 923 detruncent,
1732 859 1830 912 bestiae
1870 860 1941 912 insi·

248 923 365 987 pissent,
384 939 434 990 per
455 930 649 990 contemplum
669 926 808 978 recubant
830 925 999 992 Capitolinos.
1023 923 1071 980 Sic
1119 929 1227 980 liant.»

249 995 396 1058 Paclanos,
423 998 502 1062 epist.
531 999 546 1048 1
570 1013 575 1048 :
602 1016 616 1045 a
640 998 787 1063 Numquid
806 997 947 1064 Cypriane
972 1002 1070 1050 sancte
1150 1001 1262 1052 AEmitio
1293 1001 1440 1068 aliquando
1477 1003 1604 1054 Domino
1635 1004 1739 1068 r'qnooit.
1779 1003 1942 1069 Baptismus

249 1071 309 1122 vire
327 1071 383 1124 boc
405 1071 493 1130 obest.
507 1072 995 1138 quodpopulusejusdpestatioum
1015 1085 1070 1122 no·
1120 1073 1265 1138 sangoinis
1279 1087 1314 1126 ex
1328 1071 1463 1126 Ecclesia
1482 1075 1583 1126 veteris
1602 1075 1742 1127 sententia
1763 1089 1821 1127 non
1847 1077 1943 1128 minus

249 1153 316 1193 men
330 1139 427 1201 habet,
441 1143 484 1195 vel
501 1142 699 1208 Capitolinum,
711 1145 756 1196 vel
767 1145 958 1210 synedrium?
971 1165 985 1192 a
1120 1147 1195 1199 certo
1219 1158 1330 1196 omnem
1353 1148 1487 1196 anteactae
1509 1145 1576 1196 vilae
1599 1144 1692 1197 labem
1714 1145 1838 1202 eluebat,
1856 1159 1942 1210 ιιιιιιιιι

284 1213 336 1275 Qui
369 1214 430 1278 Jom
470 1213 574 1266 diodoto
612 1217 788 1266 renuntiarat.
824 1213 969 1269 solemnia
1009 1214 1070 1266 baec
1120 1228 1201 1280 aquae
1221 1213 1385 1267 lavacrum:
1409 1215 1527 1280 proinde
1548 1229 1613 1266 cuin
1635 1213 1737 1267 Castus
1760 1221 1788 1268 et
1811 1217 1943 1268 AEmiiius

249 1281 381 1348 baptismi
406 1285 491 1338 rerba
522 1285 636 1337 Tertull.
665 1285 697 1336 de
720 1288 836 1351 Spectas.
858 1301 882 1339 c.
904 1289 929 1350 t,
954 1290 981 1338 et
1003 1285 1070 1338 alibi
1120 1285 1156 1338 ad
1182 1287 1306 1352 martyrii
1328 1286 1415 1339 decus
1441 1287 1556 1338 admissi
1585 1291 1673 1348 erant,
1701 1287 1735 1338 de
1761 1290 1846 1340 venia
1874 1289 1943 1352 ipsis

250 1355 355 1418 passim
381 1357 526 1407 inculcat:
548 1357 623 1422 quod
651 1358 735 1410 etiam
766 1373 783 1409 a
809 1357 949 1422 Cypriane
974 1362 1070 1409 nostro
1118 1357 1192 1410 iacta
1213 1359 1328 1410 minime
1347 1357 1541 1410 dubitandum.
1563 1358 1642 1411 Unde
1663 1360 1742 1424 epist.
1764 1359 1794 1411 18
1808 1359 1848 1412 od
1869 1360 1943 1408 Pam.

251 1425 370 1491 aliisque
390 1426 519 1478 Patribus
533 1427 651 1479 iactum.
676 1429 808 1481 Formula
824 1431 887 1482 baec
907 1429 1069 1494 antiquissi-
1120 1442 1198 1479 num.
1226 1429 1264 1491 13,
1292 1429 1383 1494 lapsos
1409 1429 1458 1494 qui
1491 1431 1527 1480 ed
1561 1443 1659 1494 pacem
1693 1431 1865 1484 festinabant
1903 1433 1945 1482 sic

251 1509 296 1546 ma
329 1511 385 1548 non
413 1495 525 1550 aliunde
549 1503 639 1552 ortum
666 1499 745 1551 duxit
771 1515 854 1566 quarn
884 1515 901 1550 a
933 1501 1072 1552 Cbristia·
1120 1499 1272 1564 alloquitur
1293 1499 1471 1566 Cyprianus:
1496 1501 1569 1553 Acies
1587 1499 1673 1553 adhue
1694 1502 1805 1566 peritur,
1825 1507 1850 1552 et
1874 1515 1947 1566 neon

250 1567 331 1618 nismi
347 1568 442 1630 inltiis,
457 1573 483 1620 et
502 1569 686 1624 videturesse
708 1571 778 1623 illud
801 1572 943 1638 ἐπερώτημα
962 1571 997 1624 de
1014 1585 1071 1638 quo
1119 1573 1239 1635 quotidie
1265 1571 1433 1634 celebratum⁴
1461 1573 1486 1622 si
1515 1572 1645 1624 commissi
1674 1587 1732 1624 aare
1764 1576 1791 1624 ot
1826 1573 1945 1640 firmiter

250 1636 285 1688 D.
307 1639 405 1692 Petrus
429 1641 440 1691 1
461 1641 548 1706 Epist.
566 1655 605 1707 ιιι,
618 1643 659 1704 it,
675 1643 704 1693 la
727 1643 895 1694 Iudaeorum
921 1643 1070 1708 baptismo,
1119 1643 1237 1706 penitet,
1252 1649 1276 1694 ot
1298 1643 1360 1709 fidei
1377 1644 1451 1694 color
1470 1645 1614 1710 praeeelet:
1631 1646 1678 1711 qai
1700 1645 1807 1712 differri
1822 1659 1876 1696 noe
1892 1661 1944 1714 po·

250 1709 409 1774 proselytus
430 1714 558 1776 patriam,
581 1716 710 1778 parentes
734 1716 761 1766 at
782 1713 984 1766 humanitatem
1006 1713 1071 1780 eju·
1121 1718 1166 1764 test
1184 1719 1266 1779 polest
1285 1715 1412 1766 cororrort.
1429 1714 1511 1780 Quod
1530 1715 1631 1768 dicitur
1651 1715 1803 1768 Dominum
1824 1717 1867 1768 itio
1889 1717 1945 1768 nli-

253 1778 343 1843 rabst;
368 1781 545 1836 Christianus
576 1799 653 1848 vero,
678 1786 777 1837 noxias
813 1786 987 1850 cupidItates,
1016 1799 1069 1838 sa·
1120 1785 1226 1852 quando
1248 1786 1397 1851 ignovisse,
1410 1787 1521 1839 ridetur
1535 1788 1653 1840 innuere
1664 1788 1718 1840 hoc
1741 1787 1851 1854 prldem
1871 1787 1942 1840 Car-

251 1851 308 1902 cull
338 1865 472 1919 pompus,
512 1859 539 1906 ct
573 1855 678 1908 diaboli
715 1856 868 1922 nequitiam
898 1855 1010 1908 abdicat
1042 1833 1232 1926 etBtbagine
1246 1859 1359 1911 iactum.

251 1922 392 1974 amandat.
1151 1929 1213 1982 XV.
1229 1957 1259 1970 -
1276 1931 1398 1984 Sanctam
1417 1931 1535 1984 Domini.
1556 1931 1630 1983 intra
1651 1935 1734 1988 vocat
1751 1932 1944 1998 sanctificatam

185 2031 189 2042 .
282 1991 330 2044 IX.
357 2021 388 2034 -
426 1997 529 2047 teltoli
558 1997 652 2062 poento
688 1999 827 2062 propinato
864 2001 911 2049 est.
946 1997 1072 2063 Respicit
1120 2001 1284 2067 inserpuiac
1297 2003 1407 2053 Domini
1424 2003 1510 2054 citam
1526 2007 1707 2070 etpetum,ut
1722 2004 1947 2056 rectaadmonet

251 2064 386 2118 libamina
400 2068 557 2132 gentilium,
571 2067 722 2134 dequibus
741 2070 775 2120 D.
793 2069 899 2120 Paulus
922 2069 934 2122 I
960 2066 1023 2120 Cer.
1039 2081 1070 2129 x,
1121 2073 1220 2138 Rigalt.
1531 2085 1534 2092 ⁴

252 2135 281 2186 tl
300 2151 306 2186 :
322 2139 381 2191 Noe
398 2140 508 2202 potestis
525 2138 629 2190 culicem
652 2141 757 2191 Domini
782 2139 869 2192 bibere
884 2146 907 2194 et
929 2140 1071 2190 demonio·
1154 2145 1260 2196 Domini
1285 2157 1379 2212 eorpus
1405 2145 1538 2198 innodant.
1569 2145 1681 2211 Duplici
1720 2145 1748 2200 S.
1789 2147 1946 2212 Scripturas

254 2222 321 2258 ram.
1121 2217 1279 2268 testimonio
1302 2230 1332 2269 se
1357 2214 1481 2282 explicat
1506 2221 1602 2269 auctor
1623 2223 1735 2282 noster;
1763 2218 1824 2270 scil.
1855 2219 1945 2271 Lavit.

248 2283 250 2288 ’
283 2279 399 2343 Infantes
434 2294 542 2348 quoqne.
573 2283 615 2334 De
649 2296 746 2335 eorum
777 2283 917 2348 baptismo
948 2282 1005 2334 vid.
1036 2282 1072 2332 od
1120 2287 1453 2350 xx11,3,ubldicitur:
1484 2291 1553 2343 Coro
1578 2289 1705 2354 sacrificii
1724 2291 1796 2358 qued
1821 2297 1859 2340 ert
1887 2292 1939 2340 Do

253 2349 359 2402 etatum.
376 2351 466 2417 Quem
481 2368 587 2406 morem
601 2354 656 2406 late
677 2355 823 2421 impugnat
844 2355 980 2420 Rigaltius
999 2355 1072 2405 notia
1108 2359 1198 2421 ,neiat
1222 2363 1249 2410 et
1273 2359 1284 2410 l
1306 2359 1369 2412 Cor.
1391 2373 1422 2419 x,
1445 2359 1476 2411 11
1497 2375 1504 2409 :
1530 2360 1700 2426 Quicunque
1721 2362 1809 2413 ederit
1830 2375 1945 2426 panem,

252 2421 312 2471 suis
331 2423 360 2474 ln
384 2423 487 2475 dictam
508 2425 704 2490 epistelam,et
723 2425 771 2477 blc
789 2425 844 2478 loci
866 2425 950 2478 dicit:
977 2443 991 2472 «
1011 2423 1072 2476 Hoc
1121 2433 1171 2479 aut
1197 2429 1300 2481 biberit
1333 2431 1451 2484 calicem
1482 2431 1607 2495 Domini,
1634 2437 1685 2483 etc.
1715 2433 1945 2498 Explicatissimo

253 2505 339 2544 seusu
372 2497 489 2560 permoti
518 2497 689 2548 censuerunt
726 2496 848 2548 inientes
880 2493 1071 2563 baptizandos.
1121 2497 1272 2551 Facundus
1297 2500 1430 2566 Cypriani
1450 2507 1572 2553 sectator
1592 2501 1943 2566 fidissimus,l.11,c.5:

251 2565 362 2630 signum
387 2565 454 2617 tidei
480 2567 618 2619 dederunt
641 2568 768 2629 bomini,
801 2569 965 2634 priusquam
999 2569 1073 2618 esset
1121 2569 1363 2624 «Sacramentum
1386 2575 1508 2638 corporis
1521 2578 1550 2625 et
1568 2576 1713 2640 sanguinis
1735 2575 1851 2636 Christi,
1866 2577 1945 2641 qued

251 2633 336 2686 bomo
358 2636 423 2688 fidei
445 2651 543 2704 capax.
565 2638 684 2702 Signum
708 2641 769 2690 sine
792 2653 832 2703 re,
857 2641 946 2704 ipsius
971 2642 1010 2691 rel
1029 2637 1072 2688 vl·
1121 2641 1203 2691 ostiu
1220 2655 1291 2706 pane
1303 2646 1331 2693 et
1345 2643 1447 2708 poculo
1460 2650 1633 2708 consecrato,
1651 2659 1752 2710 corpus
1767 2649 1827 2710 ejus
1839 2651 1945 2698 etsen-

249 2707 357 2760 carium
384 2709 518 2760 lecerunt.
543 2728 557 2756 n
584 2711 626 2761 Ex
658 2711 893 2776 anabaptistarum
925 2711 995 2762 loece
1028 2709 1070 2760 Ia·
1121 2713 1235 2778 guinem
1257 2713 1388 2774 dicimus,
1408 2715 1556 2780 nonqued
1580 2716 1689 2780 proprie
1711 2719 1945 2782 corpuseJussit

249 2779 359 2828 naticus
388 2792 445 2830 nen
471 2781 525 2831 alla
559 2782 729 2846 scripsisset.
756 2781 836 2832 itane
859 2794 924 2832 vere
954 2780 1072 2832 intentes
1121 2785 1253 2848 panis,et
1276 2787 1408 2852 peculum
1433 2787 1619 2852 sanguis,sed
1640 2787 1716 2854 quod
1737 2788 1766 2838 in
1784 2801 1815 2840 se
1835 2791 1945 2851 myste-

250 2847 317 2900 fldol
345 2863 457 2914 prorsus
485 2852 658 2916 incapaces?
683 2852 712 2904 Si
736 2852 790 2904 hoc
813 2855 904 2904 ratum
928 2852 974 2915 sit,
1003 2865 1072 2918 quo·
1121 2853 1194 2906 rlum
1216 2859 1339 2922 corperis
1362 2860 1422 2922 ejus
1448 2859 1650 2925 sanguinisque
1672 2861 1842 2911 contineant.
1869 2861 1946 2911 Hinc

252 2921 336 2972 medo
354 2923 477 2974 Ioannes
492 2925 613 2990 Baptista
635 2923 738 2990 allique
757 2937 773 2974 a
794 2923 890 2975 matria
906 2927 986 2975 utero
1008 2923 1073 2988 plc-
1122 2929 1148 2976 et
1174 2927 1231 2991 ipsa
1256 2929 1395 2980 Dominus
1418 2929 1599 2981 benedictum
1627 2943 1729 2996 ponem
1753 2937 1781 2982 et
1811 2931 1946 2991 calicem,

253 2993 281 3042 ni
306 2991 412 3055 Spiritu
433 2995 553 3045 sancte‘l
575 2994 661 3046 Porro
686 2995 862 3046 circumcisio
884 2999 948 3046 anta
970 2995 1072 3060 legem,
1122 3011 1205 3062 (ιιιθιιι
1222 3000 1366 3066 discipulis
1382 3000 1504 3066 tradidit,
1519 3014 1621 3066 corpus
1636 3003 1842 3069 etsanguinem
1855 3017 1944 3054 suum

249 3067 277 3114 et
299 3062 446 3128 sub'ipsa,
470 3068 528 3116 erat
551 3065 691 3118 ioederalis
721 3068 801 3126 ritus,
825 3065 874 3130 qui
896 3079 947 3130 pro
968 3065 1073 3116 medo·
1121 3071 1274 3121 vocavit.»

252 3139 348 3186 mento
362 3135 556 3188 babaltfleam
572 3137 600 3186 in
621 3136 751 3189 Messiam
766 3137 943 3201 postmodum
966 3141 1072 3187 ventu·
1157 3141 1243 3192 XVII.
1260 3170 1291 3181 -
1305 3142 1355 3195 Sed
1368 3157 1425 3194 orior
1444 3144 1545 3208 iudicii
1564 3143 1619 3194 dies
1637 3145 1745 3196 merit.
1762 3145 1888 3208 Respicit
1903 3147 1945 3195 le

251 3223 331 3270 fumi
351 3210 583 3274 quemadmodem
605 3213 665 3276 eius
689 3213 832 3277 antitypus
857 3211 995 3276 baptisma
1018 3196 1109 3276 subC
1123 3231 1187 3270 oum
1203 3214 1238 3266 D.
1251 3214 1331 3265 Jean.
1350 3215 1436 3278 Apec.
1450 3229 1488 3275 vr,
1503 3217 1543 3277 le,
1554 3227 1638 3281 quem
1655 3217 1749 3267 stetim
1772 3216 1879 3278 laudat,
1893 3217 1944 3268 nbi

250 3279 413 3346 Evangelio,
435 3284 563 3335 innitilur
581 3282 637 3335 ilde
659 3283 687 3334 in
711 3281 841 3334 eumdem
865 3283 994 3334 ltiessiam
1022 3285 1071 3349 qul
1122 3289 1243 3340 dioltur:
1259 3284 1450 3351 quodratora
1467 3287 1620 3337 aaronitas
1634 3290 1943 3352 occisoraminortyrnm

249 3350 432 3404 advenerat:
470 3354 493 3405 si
532 3367 596 3406 vero
630 3355 750 3405 infantes
783 3354 982 3416 israelitarum,
1004 3354 1072 3406 licet
1121 3361 1344 3422 clementiaeque
1363 3369 1432 3421 voco,
1450 3357 1572 3420 dieentes,
1597 3357 1944 3424 Quousqus,etc.Veteres

250 3421 316 3474 iidel
340 3423 459 3476 actualis
489 3425 647 3490 incapaces,
671 3425 706 3476 ad
733 3426 975 3477 circumcisionem
1003 3429 1071 3477 reci·
1121 3433 1150 3482 ln
1178 3443 1211 3481 ea
1239 3432 1318 3480 eraut
1342 3429 1490 3491 sententia,
1515 3427 1550 3479 de
1578 3429 1646 3480 solis
1675 3430 1849 3494 martyribus
1873 3436 1941 3482 ants

247 3491 378 3559 piendam
395 3495 506 3548 merant
528 3496 639 3558 idonei;
655 3496 756 3561 pariter
772 3499 799 3546 at
813 3501 960 3561 parentum
975 3496 1071 3548 Chris·
1121 3502 1194 3553 diem
1205 3500 1302 3566 judicil
1314 3501 1482 3553 sententiam
1498 3499 1584 3551 tuisse
1605 3501 1700 3564 latam,
1717 3500 1751 3552 de
1765 3500 1827 3554 aliis
1848 3503 1943 3553 omni-

247 3564 387 3616 tianorum
417 3567 497 3630 nati,
522 3567 620 3618 eodem
645 3567 750 3628 obice,
774 3566 838 3618 iidel
864 3567 925 3620 scll.
949 3566 1070 3630 delectu,
1121 3571 1357 3637 busampltetnrs.

250 3649 308 3686 nou
332 3636 470 3701 obstante,
500 3637 631 3703 baptismi
662 3651 724 3690 esse
761 3639 881 3703 poterint
912 3640 1069 3705 participes.
1152 3642 1648 3708 1111111.-Ρνίιιιᾳιιαωυίιιᾰὶειιυν,
1663 3643 1719 3694 Pax
1737 3659 1753 3696 a
1768 3645 1943 3710 martyribus

251 3709 384 3772 Baptizatl
410 3709 517 3774 pridem
542 3709 582 3760 illi
607 3713 687 3760 erant
712 3710 843 3773 intentes,
866 3709 915 3776 qni
948 3711 1021 3762 acris
1043 3714 1071 3761 et
1121 3727 1265 3776 concessa,
1284 3726 1341 3764 non
1362 3713 1477 3764 omnino
1500 3714 1620 3779 valebat,
1635 3719 1788 3782 antequem
1814 3719 1943 3767 coronati

251 3780 340 3832 vividi
359 3781 437 3832 illius
457 3795 544 3833 scasas
567 3779 616 3846 qul
639 3781 791 3846 proelertur,
812 3781 966 3846 specimina
988 3781 1072 3832 dede·
1120 3787 1246 3838 tuissent.
1265 3784 1337 3837 Vlde
1349 3782 1400 3851 Ep.
1416 3785 1551 3846 bucinat,
1574 3785 1623 3838 ubl
1643 3791 1705 3851 post
1732 3787 1811 3838 Pauli
1828 3792 1857 3838 et
1874 3789 1945 3840 alio-

251 3857 332 3904 ruul:
356 3868 445 3919 quaro
463 3853 640 3905 manifestum
664 3857 692 3904 et
717 3865 863 3918 perperam
889 3851 944 3904 dici
969 3851 1071 3904 exinde
1121 3871 1183 3908 rum
1212 3860 1363 3922 martyrum
1390 3857 1592 3920 «coemtionem,
1618 3869 1715 3908 senam
1746 3859 1861 3910 nemine
1889 3875 1945 3926 po:

251 3921 409 3976 Ecclesiam
432 3929 575 3990 permotam
600 3925 726 3978 consutas
752 3925 867 3990 insontes
891 3923 1070 3990 baptizandos.
1122 3929 1278 3981 dimittenda
1290 3929 1459 3994 perhibetur,
1477 3929 1514 3981 Et
1527 3929 1628 3981 martio
1647 3929 1703 3982 1100
1715 3930 1837 3994 facium
1853 3933 1942 3997 stqnl-

248 3993 333 4046 Porro
347 4000 411 4047 ante
424 3993 555 4062 Cypriani
570 3997 706 4048 saeculum
722 3996 870 4048 iurantium
891 3996 1061 4061 baptismum
1121 4002 1184 4052 dem
1200 4006 1261 4052 non'
1274 3999 1358 4066 pauci
1375 4002 1548 4054 consessores
1558 4000 1735 4067 postmodum
1746 4001 1875 4068 lapslrel
1889 4004 1944 4068 ipsi

249 4065 278 4115 in
304 4065 431 4118 Ecclesia
452 4071 606 4132 receptum,
620 4069 746 4118 Irenaeus
768 4080 820 4118 nos
843 4067 925 4118 docet
953 4067 971 4118 l.
994 4080 1022 4128 11,
1045 4081 1070 4120 c.
1123 4074 1243 4124 ruerant.

250 4140 292 4199 311,
306 4141 355 4206 qui
371 4159 385 4186 a
405 4143 514 4193 renasci
535 4142 610 4206 apud
632 4143 723 4194 Deum
739 4141 807 4193 dicit
830 4143 949 4193 inientes
965 4147 991 4192 et
1007 4156 1070 4208 par·
1152 4143 1229 4196 XIX.
1255 4170 1288 4181 -
1311 4143 1379 4196 Nam
1410 4145 1437 4192 ot
1468 4145 1576 4208 Moyses.
1606 4143 1710 4195 mcum
1741 4143 1819 4196 bunc
1845 4144 1944 4196 laudet

249 4211 331 4262 aulos
355 4215 383 4262 et
405 4225 516 4276 pueros,
543 4215 571 4264 et
591 4215 709 4276 juvenes
726 4215 753 4264 et
778 4214 943 4265 seniores.»
966 4213 1071 4265 Simili·
1121 4215 1267 4277 Pantanus,
1297 4216 1377 4280 epist.
1402 4213 1428 4275 8,
1456 4219 1485 4265 et
1521 4215 1662 4279 repulsam
1690 4215 1748 4280 pati
1778 4221 1944 4268 sanctorum

252 4285 294 4332 ter
314 4281 447 4346 Origenes
468 4284 496 4334 in
519 4298 542 4335 c.
568 4295 600 4336 ιιι
623 4283 656 4334 ad
679 4283 773 4344 Rom„
787 4285 850 4335 ait:
876 4301 891 4330 «
915 4283 1070 4338 Ecclesiam
1120 4299 1217 4352 preces
1243 4285 1332 4348 docet,
1351 4302 1367 4333 «
1390 4287 1414 4337 si
1442 4299 1493 4351 pro
1516 4299 1572 4337 non
1599 4285 1764 4351 rogantibus
1786 4291 1896 4350 petant,
1920 4290 1945 4338 sl

249 4349 285 4402 ab
309 4351 440 4416 apostolis
465 4353 642 4404 traditionem
678 4354 834 4418 suscepisse
860 4355 945 4405 eliam
968 4369 1069 4418 parva·
1120 4371 1169 4422 pre
1199 4355 1443 4424 perseverantibus
1470 4358 1498 4408 iu
1532 4357 1649 4410 cumina
1679 4358 1888 4424 deprecentur,
1915 4363 1938 4410 si

256 4421 293 4474 lis
320 4422 490 4488 baptismum
517 4424 592 4476 dara.
618 4439 635 4474 a
659 4425 765 4476 Moram
795 4425 875 4476 illum
906 4425 1070 4476 Tertulliani
1120 4427 1726 4496 neasingulos,sineupaucos,sedmillia
1743 4429 1945 4484 mulindeica-

248 4493 353 4546 sarculo
379 4493 535 4546 obtinuisse
560 4492 601 4545 ael
630 4495 697 4547 binc
725 4497 888 4556 constiterit,
915 4496 990 4560 quod
1017 4498 1068 4549 iste
1121 4496 1221 4549 dant.»

250 4567 551 4618 contrariumsuadaat
565 4582 599 4615 :e
620 4565 693 4629 Quid
715 4566 828 4618 festinet
850 4567 985 4618 Innocens
1004 4565 1110 4638 aetasl)
1152 4569 1215 4620 XX.
1236 4597 1268 4609 -
1286 4573 1367 4624 Nemo
1393 4571 1502 4635 infamet
1526 4575 1679 4636 iaortyrum
1701 4571 1873 4636 diqnitetem.
1893 4575 1945 4625 Ne

250 4637 286 4688 ad
318 4639 512 4690 remissionem
548 4639 749 4703 peccatorum?
778 4654 793 4683 a
829 4637 899 4701 Quia
937 4641 1071 4690 sententia
1122 4653 1177 4703 mo,
1203 4641 1303 4706 lnquit,
1319 4641 1456 4694 convellat
1481 4643 1657 4708 priuilegium
1679 4643 1745 4694 elim
1766 4641 1823 4693 illis
1851 4645 1945 4698 indul-

249 4708 319 4760 adeo
346 4707 475 4772 plurimis
505 4709 620 4773 placuit,
649 4714 680 4760 ut
703 4708 875 4774 baptismum
905 4709 940 4762 ad
964 4709 1072 4762 ultimae
1123 4717 1196 4774 tum,
1221 4718 1253 4764 ut
1284 4726 1334 4780 pro
1370 4712 1455 4779 lapsis
1492 4713 1711 4776 intercederent3
1752 4715 1837 4766 mode
1870 4717 1946 4769 intra

250 4781 404 4830 senectutis
431 4784 556 4844 tempora
585 4779 770 4831 differendum
797 4785 951 4832 censerent.
977 4781 1008 4832 ld
1030 4783 1073 4831 ni·
1123 4786 1257 4836 termines
1292 4783 1445 4849 praeiiuItos
1476 4785 1596 4836 sistatur.
1624 4783 1654 4837 Si
1691 4786 1827 4836 nimirum
1866 4791 1945 4853 qued

251 4850 354 4901 mirum
379 4852 552 4916 satagebant,
578 4857 608 4902 nt
633 4852 668 4904 de
694 4853 776 4902 venio
800 4865 849 4916 per
871 4852 973 4904 lavacri
997 4851 1072 4902 salu·
1123 4855 1225 4907 dicitur
1252 4857 1332 4920 epist.
1361 4855 1399 4914 te,
1431 4855 1465 4904 ad
1489 4853 1587 4906 Pomoi.
1610 4867 1688 4904 num.
1714 4856 1753 4914 te,
1778 4855 1947 4920 largiantur,
2055 4859 2056 4926 ζ

250 4923 303 4972 tari
316 4923 501 4986 explationem
525 4924 627 4986 securi,
651 4922 786 4988 peccandi
809 4928 995 4974 commeatum
1018 4922 1073 4974 sibi
1122 4945 1137 4974 a
1153 4926 1246 4992 qualia
1260 4927 1289 4976 in
1310 4927 1492 4991 praeteritum,
1509 4931 1700 4977 antecessores
1722 4937 1821 4976 sorum
1837 4933 1946 4994 marty·
2055 4949 2056 4988 ι

250 4995 384 5046 iacerent.
1122 5011 1167 5048 res
1188 5002 1397 5050 concesserunt.
1411 5015 1426 5044 a
1447 4997 1519 5048 Tert.
1542 4997 1577 5047 ad
1601 4999 1683 5048 itari.
1702 5012 1738 5046 :a
1760 4998 1861 5049 Pacem
1885 5003 1946 5066 qui·
2055 5005 2056 5024 ³

281 5067 428 5116 deriserunt
447 5066 566 5131 peronii.
584 5067 618 5116 D.
637 5067 754 5132 August.
777 5067 856 5134 epist.
873 5065 904 5117 23
925 5065 960 5114 ad
986 5067 1071 5129 lionis·
1123 5070 1188 5122 dam
1211 5072 1239 5120 in
1268 5069 1395 5124 Ecclesia
1421 5083 1477 5120 noe
1503 5068 1647 5131 habentes,
1674 5082 1689 5120 a
1715 5069 1891 5135 martyribus
1918 5075 1945 5124 in

250 5148 308 5186 rem
330 5139 377 5188 ‘sic
404 5138 516 5202 expedit
542 5151 548 5190 ς
574 5153 589 5187 a
615 5139 795 5202 amiserunt,
821 5137 911 5199 dixit,
936 5141 1072 5202 quantum
1123 5154 1234 5194 carcere
1265 5153 1378 5192 exorare
1412 5144 1627 5192 consueverunt.
1655 5155 1671 5188 s
1701 5137 1759 5190 Pax
1786 5143 1947 5196 vocabatur
2055 5131 2056 5168 ³

251 5207 364 5258 attinuit
381 5207 417 5258 ad
438 5209 550 5260 illorum
565 5207 669 5271 scelus,
685 5221 700 5259 a
715 5209 819 5274 quibus
833 5209 960 5258 amittere
983 5210 1073 5259 coacti
1122 5215 1204 5264 venia
1221 5213 1307 5278 lapsis
1329 5223 1461 5264 concessa
1479 5227 1485 5261 :
1514 5213 1580 5278 qula
1598 5224 1648 5276 per
1667 5225 1729 5262 sam
1742 5209 1777 5262 ad
1785 5225 1945 5276 sacrorum,

251 5279 546 5332 suol.Amiseruntin
568 5293 664 5331 eorum
688 5284 829 5332 meuteac
852 5279 1004 5342 voluntate,
1024 5280 1072 5345 qul
1123 5291 1150 5337 at
1175 5286 1320 5350 speciatim
1346 5284 1477 5334 orationis
1503 5283 1679 5346 commercia,
1700 5288 1729 5334 et
1753 5283 1831 5350 pacis
1856 5300 1946 5338 oscu-
2055 5331 2056 5344 ,

251 5347 282 5400 in
308 5347 371 5399 illos
394 5351 501 5402 tantum
527 5350 635 5401 lacinus
660 5350 873 5403 commiserunt.
895 5350 963 5401 Nam
992 5349 1016 5400 si
1043 5349 1071 5399 in
1123 5355 1192 5416 lum,
1221 5356 1353 5406 orationis
1372 5353 1548 5418 siqnaoeium,
1567 5353 1733 5407 Tertulliani
1757 5359 1826 5406 susat
1849 5358 1946 5420 rerba,

251 5417 351 5481 seipsis
372 5419 541 5478 amisissent,
556 5421 754 5472 remansissent
770 5419 868 5484 ulique
889 5418 983 5470 divina
1008 5433 1072 5472 sen·
1122 5426 1352 5479 admittebantur.

252 5487 339 5538 tentia
361 5486 523 5538 damnandi.
537 5489 620 5553 Quod
634 5490 659 5540 sl
679 5493 793 5541 sanctus
813 5489 969 5556 Cyprianus
998 5490 1073 5542 arbi·
1154 5498 1231 5549 xxl.
1251 5525 1281 5536 -
1301 5501 1374 5550 tram
1394 5497 1572 5550 animationis.
1596 5495 1673 5549 Lxx
1692 5501 1848 5563 posuerunt
1873 5499 1946 5565 ems

249 5562 377 5620 treretur,
393 5569 450 5610 non
473 5573 570 5611 eorem
591 5559 783 5614 detonsionem
802 5562 937 5614 continuo
954 5561 1074 5626 subjice-
1123 5567 1210 5634 θυμοῦ.

251 5635 301 5690 rei.
317 5631 424 5689 dicens.
438 5647 451 5678 a
467 5635 519 5682 010-
1154 5641 1255 5694 XXIV.
1271 5669 1303 5680 -
1317 5641 1357 5693 Ad
1367 5641 1529 5706 precandam
1540 5638 1757 5692 misericordiam.
1773 5639 1799 5690 A
1813 5639 1877 5692 Deo
1890 5642 1945 5692 Pa-

282 5709 318 5762 X.
340 5737 371 5749 ·-
399 5709 538 5768 Discodite
570 5710 705 5762 discedito.
742 5711 867 5764 Causam
898 5727 979 5765 suam
1016 5713 1072 5778 agit
1123 5717 1172 5772 tre,
1188 5711 1299 5764 etliillo
1313 5713 1507 5766 Dominoiesn
1521 5711 1632 5764 Christe
1647 5712 1900 5778 quosejurarerat.

250 5779 407 5846 Cyprianus
430 5780 565 5834 advenas
587 5782 799 5844 obtrectatores,
816 5783 865 5850 qul
888 5783 985 5850 lugam
1010 5787 1072 5838 tart-
1153 5783 1243 5838 XXV.
1269 5811 1299 5823 -
1328 5783 1542 5850 sacrificantibus
1565 5783 1649 5836 notis.
1679 5781 1741 5834 Vld.
1775 5795 1843 5848 qnae
1874 5783 1944 5835 dirl-

250 5865 337 5922 quam
350 5864 410 5910 rem
429 5856 540 5924 turpem
562 5853 617 5928 ipsi
639 5851 833 5922 impegerant3
846 5853 921 5908 hano
940 5855 988 5912 lile
1015 5864 1072 5912 uon
1123 5867 1187 5916 mus
1206 5855 1241 5912 ad
1256 5855 1311 5910 lib.
1336 5870 1346 5913 ι
1369 5857 1430 5909 edo.
1454 5855 1571 5918 Iudaea,
1588 5867 1649 5924 cap.
1675 5853 1716 5906 ie.
1739 5851 1789 5907 Ad
1806 5853 1944 5912 Euchari-
