4012 6192
97 239 141 296 sot
607 237 805 302 suessionis
826 231 989 302 OPUSGULi
1016 231 1257 300 ARGUMENTUM.
1321 317 1324 324 Ι
1720 237 1774 300 9ὐὲ

96 385 160 424 nem
175 367 283 437 tribuit,
298 367 346 422 sed
364 369 483 442 impedit
497 369 533 424 ad
549 371 679 427 salutem.
693 372 906 426 Persecutioest
917 374 1053 453 Ameuto
1078 368 1114 422 ad
1137 367 1305 423 ianuarium
1331 366 1442 440 scripsit
1466 369 1519 438 (39)
1544 385 1551 426 :
1576 388 1589 420 a
1608 369 1681 434 Quid
1704 386 1771 426 aero

95 463 152 516 baec
164 461 229 529 alia,
245 467 271 520 et
282 459 338 516 alia
350 464 481 532 tentatio,
494 480 640 535 perquam
651 465 761 519 subtilis
775 465 907 518 inimicus
957 461 1025 516 illud
1049 460 1146 534 868
1168 462 1245 532 quod
1266 461 1334 518 dicit
1357 461 1394 516 ad
1417 463 1552 518 Ecclesiae
1570 479 1635 518 suas
1654 463 1682 519 in
1700 467 1773 534 Apo·

95 555 298 626 impugnandis
320 553 414 629 867
438 557 530 612 adhuc
551 558 638 629 lapsis
660 559 767 614 occulta
789 559 907 630 popula·
957 557 1074 628 calypsi,
1088 572 1151 627 que
1165 557 1240 612 iuter
1250 555 1379 610 fidelium
1394 573 1546 612 numerum
1559 557 1770 630 septiformibus

94 649 167 703 tione
190 653 345 720 grassatur,
362 655 393 704 ut
413 650 579 708 lamentatio
597 651 785 724 conquiescat,
807 655 837 706 ut
854 653 905 706 do·
956 649 1130 704 candelabris
1153 649 1205 704 sab
1229 649 1357 706 custodia
1383 651 1512 720 angelica
1536 654 1769 724 comparantur:

93 743 133 796 lor
152 741 244 808 sileat,
266 747 297 797 ut
321 742 419 800 delicti
435 745 575 800 memoria
597 751 753 816 evanescat,
776 751 806 800 ut
829 763 903 800 cum·
958 763 972 792 a
991 745 1130 798 Memento
1152 742 1227 798 nude
1244 742 1389 810 cecideris,
1406 749 1432 798 et
1448 759 1501 813 age
1519 743 1727 814 paenitentiam,
1743 747 1771 798 et

92 836 233 908 primalur
273 842 419 907 pectorum
456 838 601 910 gemitus,
641 843 782 894 saluatur
822 839 906 894 fletus
956 837 1051 907 priora
1071 837 1236 908 apamiae,
1258 835 1384 907 alioquin
1401 836 1484 889 venio
1501 837 1550 891 tibi
1570 835 1635 906 cito,
1651 845 1679 893 et
1695 853 1770 892 amo-

92 929 250 998 oculorum,
267 946 318 985 ncc
338 931 491 986 [lominum
513 933 639 1003 graviter
660 933 800 988 oiicnsnm
821 934 904 1006 longa
955 929 1026 984 vebo
1042 929 1244 985 candelabrum
1260 936 1354 986 tirum.
1371 951 1383 978 n
1400 930 1434 982 Et
1449 929 1478 982 in
1493 930 1589 1000 priore
1607 937 1686 1000 parte
1705 933 1769 988 libri

93 1027 117 1076 et
129 1024 215 1094 plena
231 1023 399 1094 paenitentia
413 1025 593 1096 deprecetur,
611 1043 676 1081 cum
695 1027 830 1098 scriptum
845 1027 880 1082 sit
897 1045 902 1079 :
954 1023 1139 1078 innumerum
1160 1023 1299 1095 populum
1314 1023 1417 1077 vidisse
1432 1039 1461 1076 sc
1476 1022 1554 1091 dicit,
1572 1025 1620 1096 qm
1637 1025 1665 1078 in
1684 1025 1771 1080 tribu-

91 1119 218 1170 ilcmeelo
231 1117 302 1171 unda
314 1118 449 1181 canderis,
466 1125 491 1173 et
505 1135 555 1188 ape
568 1122 765 1190 paenitentiam.
955 1118 1059 1172 latione
1083 1118 1211 1172 laverunt
1234 1118 1320 1171 stelas
1342 1135 1416 1184 suas,
1437 1123 1466 1172 et
1482 1117 1616 1172 candidas
1632 1134 1679 1172 eas
1696 1118 1769 1173 fece-

122 1211 202 1277 Qued
235 1227 301 1266 vero
333 1211 427 1266 verbis
451 1211 495 1266 his
519 1213 700 1284 Apocalypsis
726 1215 902 1284 ostendatur,
954 1217 1021 1266 runt
1035 1211 1065 1265 in
1085 1211 1224 1281 sangnine
1239 1211 1324 1281 Agni,
1345 1210 1421 1282 quod
1443 1209 1511 1264 dicit
1532 1210 1621 1282 :quia
1640 1232 1654 1259 a
1673 1214 1771 1282 Agnus

91 1304 270 1374 peccantibus
289 1321 436 1376 superesse
458 1305 549 1360 veuiae
571 1307 665 1362 locum
688 1311 717 1362 et
735 1308 820 1363 verba
842 1308 904 1380 ipsa
955 1305 1002 1358 liei
1018 1305 1138 1359 deducat
1152 1305 1187 1359 ad
1207 1304 1270 1358 vitre
1288 1304 1390 1370 fontes,
1407 1323 1420 1356 a
1437 1321 1522 1376 quem
1540 1309 1634 1359 umen
1652 1321 1702 1360 nes
1721 1323 1771 1360 nu-

90 1414 137 1466 per
152 1413 183 1450 se
198 1397 341 1452 declarant
362 1399 516 1470 (quatenus
531 1400 612 1455 illum
629 1401 721 1472 ipsum
737 1401 902 1472 episcopum
954 1415 1064 1453 uaerarm
1086 1397 1288 1468 paenitentiam
1313 1413 1372 1451 esse
1394 1398 1542 1464 sentimus,
1566 1398 1631 1469 qaia
1654 1399 1770 1453 nonnisi

90 1507 172 1560 quem
201 1491 370 1562 corripiunt,
403 1492 524 1548 invitant
556 1493 592 1548 ad
625 1495 845 1566 paenitentiam),
875 1500 903 1550 et
952 1509 1005 1563 per
1020 1491 1234 1548 tribulationem
1255 1491 1460 1564 planctumque
1477 1492 1574 1545 salvati
1593 1497 1668 1546 sant.
1690 1495 1769 1548 Etlu

90 1584 217 1655 exemplo
240 1601 291 1640 suo
314 1585 416 1640 evincit
439 1587 606 1658 Cyprianus,
623 1603 688 1642 cum
711 1587 746 1642 ad
765 1587 846 1655 illud,
868 1587 902 1642 de
954 1601 1021 1658 ergo
1038 1584 1099 1639 laea
1115 1585 1219 1640 stolam
1233 1590 1313 1640 tuam
1329 1585 1357 1639 iu
1373 1586 1450 1638 tonte
1465 1585 1664 1656 lacrymarum.
1680 1609 1693 1636 »

89 1693 143 1748 quo
172 1678 306 1749 agimus,
340 1679 444 1750 dogma
477 1679 681 1736 stabiliendum
711 1681 745 1736 lis
779 1682 868 1736 utitur
894 1700 900 1736 :
988 1679 1108 1734 Accedat
1123 1679 1166 1733 his
1189 1679 1323 1733 omnibus
1343 1683 1455 1732 sanctas
1473 1679 1607 1732 Parianus
1627 1681 1686 1733 lirec
1706 1679 1766 1735 clo-

91 1791 103 1818 a
119 1771 205 1826 ldiror
229 1777 338 1840 autem,
360 1772 453 1843 iuquit
476 1773 522 1828 ille
546 1773 642 1845 (Epist.
669 1777 712 1842 52,
736 1793 801 1846 pag.
829 1749 1034 1846 liidisseulus
1054 1773 1109 1843 (40)
1130 1788 1136 1825 ε
1157 1791 1171 1822 a
1192 1773 1260 1826 Ecce
1279 1771 1424 1844 promitto,
1450 1771 1592 1841 polliceor,
1615 1773 1636 1824 si
1657 1772 1692 1826 ad
1716 1775 1766 1828 l‘a·

89 1864 226 1936 quosdam
246 1865 285 1920 sic
306 1866 461 1921 obstinatos
477 1883 547 1934 esse,
571 1873 601 1922 ut
622 1867 745 1924 dandam
771 1885 828 1922 non
853 1887 903 1940 pu-
952 1869 1024 1920 trem
1041 1869 1166 1920 vestrum
1188 1881 1255 1920 vara
1275 1865 1463 1920 satisfactione
1485 1865 1617 1930 redeatis,
1638 1865 1708 1919 niliil
1730 1867 1770 1918 ul·

88 1963 145 2012 teat
167 1958 252 2028 lapsis
277 1959 486 2030 paenitentiam,
509 1964 558 2015 ant
582 1961 785 2034 poerritcnlibus
811 1962 903 2017 existi·
953 1955 1041 2009 terius
1062 1955 1285 2020 er1·ando,nihil
1306 1955 1430 2027 pristinis
1452 1954 1612 2024 adjiciendo
1635 1957 1767 2026 peccatis,

90 2055 168 2105 nient
194 2051 306 2106 vellium
327 2053 548 2126 denegandam,
580 2071 644 2110 cum
671 2056 809 2126 scriptum
835 2057 871 2110 sit
897 2080 901 2110 ;
954 2049 1075 2104 diceudo
1089 2049 1175 2104 eliam
1189 2047 1298 2103 humile
1311 2047 1416 2120 aliquid
1433 2047 1590 2102 etllcbilc:
1610 2069 1622 2096 a
1639 2051 1765 2104 Peccavi-

91 2166 103 2192 a
121 2147 517 2214 ilementoundececidcris‚
535 2151 631 2220 etagc
649 2149 858 2220 pioenitenliam,
876 2153 905 2206 et
954 2159 1016 2196 nilis
1041 2141 1071 2196 in
1099 2146 1249 2213 conspecta
1280 2148 1350 2212 tu0;
1379 2143 1471 2208 Pater,
1497 2143 1558 2212 jam
1585 2159 1643 2196 ncn
1670 2159 1768 2196 sumas

89 2238 129 2292 iac
150 2239 247 2310 priora
269 2257 365 2312 opera,
385 2263 398 2291 η
422 2241 500 2306 Quod
521 2241 618 2314 utique
639 2241 665 2298 ei
687 2242 798 2312 dicitur,
817 2259 903 2316 quem
954 2235 1033 2307 digni
1045 2235 1160 2290 nomine
1172 2235 1334 2303 liliorum3a
1349 2235 1483 2289 continno
1498 2236 1532 2290 de
1547 2235 1626 2289 tobis
1641 2239 1668 2289 et
1683 2253 1768 2306 pecus

89 2335 198 2388 constat
219 2333 365 2402 cecidisse,
387 2341 521 2407 atquem
543 2336 680 2391 Dominus
699 2337 830 2392 hortatur
855 2353 905 2408 per
955 2330 1023 2384 illud
1047 2329 1161 2386 recedet
1185 2329 1376 2396 immundam,
1394 2333 1423 2384 ct
1443 2329 1612 2400 siliquarum
1636 2345 1698 2383 esca
1720 2331 1768 2384 de·

91 2442 177 2496 opera
192 2443 290 2482 rursm
303 2444 465 2500 exsurgere.
480 2451 493 2478 n
954 2421 1052 2478 tarmis
1057 2465 1108 2478 .....
1137 2423 1191 2478 Nec
1219 2424 1315 2494 utique
1341 2440 1398 2478 noir
1425 2421 1625 2493 paenitentibus
1646 2425 1766 2478 commi·

123 2521 206 2574 Nefas
230 2527 326 2575 autem
349 2521 385 2575 sit
410 2523 541 2578 omittere
567 2539 631 2594 quaa
656 2527 754 2578 auctor
780 2523 845 2580 libri
868 2526 906 2581 ad
955 2523 1080 2586 nasetur,
1121 2517 1174 2572 nisi
1221 2517 1381 2588 ignosceret
1421 2515 1632 2587 paenitentibus.
1678 2517 1767 2572 Etiam

89 2616 271 2672 Nouatienum
295 2615 397 2670 litter-is
420 2616 597 2688 consignavit
619 2617 696 2690 (pag.
722 2619 763 2678 13)
785 2635 792 2673 :
817 2639 831 2668 a
852 2619 905 2684 Qui
955 2613 1014 2684 ipse
1036 2611 1108 2664 ilaus
1126 2609 1216 2665 dicit:
1234 2631 1246 2658 ιι
1268 2611 1418 2679 demente,
1437 2626 1501 2664 ecce
1525 2610 1599 2666 unde
1620 2610 1766 2679 cecideris,

90 2709 196 2762 multos
213 2725 247 2763 ex
269 2709 405 2764 fratribus
425 2711 529 2764 nostris
551 2708 724 2766 miserrimos
747 2710 825 2768 falsis
847 2713 905 2767 sais
955 2711 982 2760 ot
997 2721 1050 2776 age
1065 2703 1321 2775 poenitcntiam.....
1339 2727 1353 2754 »
1370 2703 1520 2758 Neminem
1534 2705 1658 2758 vestrum
1674 2704 1767 2775 perire

92 2801 335 2856 adversationibus
356 2803 533 2874 perterritos,
554 2803 658 2858 iterum
682 2805 749 2860 lecit
765 2805 904 2872 ethnicos,
955 2799 1014 2853 vult
1032 2797 1176 2852 nominus.
1198 2797 1287 2852 Etiam
1313 2797 1417 2852 modici
1440 2803 1468 2852 et
1489 2795 1602 2850 minimi
1621 2795 1768 2867 requirun-

92 2894 214 2950 dicendo
237 2895 312 2968 quod
335 2895 500 2967 paenitentia
521 2897 667 2968 lapsorum
690 2898 727 2954 sit
749 2917 829 2958 varra.
855 2917 906 2955 nec
956 2897 1011 2946 tur.
1031 2915 1043 2942 a

91 2989 178 3060 pessit
197 2989 742 3060 eisproficcreadsalutem,clamante
761 2993 906 3066 Scriptura
991 2987 1070 3051 0¹¹0d
1099 2985 1224 3058 denique
1257 2985 1332 3039 hisce
1359 2983 1452 3038 verbis
1479 2983 1604 3038 misseitil'
1629 2983 1769 3040 Dominus

91 3083 834 3158 ctdicentezalicmemoundeeccidc1·is,etaga
856 3106 901 3159 μω
957 3079 1140 3136 schismaticis
1168 3085 1196 3135 ct
1220 3077 1413 3152 peccatoribus
1436 3093 1551 3149 peenas,
1580 3077 1632 3133 nisi
1657 3079 1769 3152 resipis·

92 3177 256 3246 nitentiam,
272 3178 294 3232 si
310 3180 463 3250 quominus
479 3179 592 3234 veniam
613 3178 674 3248 libi,
696 3181 750 3235 nisi
767 3182 903 3254 poeniten-
955 3179 1029 3240 cfliii.
1049 3181 1076 3230 ei
1098 3173 1291 3246 poenilssiiiiaffl
1310 3175 1406 3244 agant,
1425 3172 1508 3226 facile
1526 3171 1673 3228 evincitur.
1695 3173 1768 3238 Quid

91 3271 158 3325 tium
191 3272 295 3342 egeris.
321 3295 335 3322 a
362 3273 395 3327 Et
420 3273 533 3344 quidem
563 3271 598 3326 ad
627 3277 737 3346 septem
766 3275 903 3330 Ecclesiae
954 3269 1031 3324 euim
1052 3275 1093 3324 est
1117 3269 1253 3323 adventus
1270 3267 1314 3322 illc
1331 3265 1504 3334 Domini,de
1522 3283 1579 3338 qno
1596 3265 1641 3320 liic
1664 3265 1767 3322 dieitur

91 3365 226 3434 scribens,
241 3366 361 3438 singulis
374 3384 425 3421 sua
439 3383 552 3439 quoquc
569 3367 692 3422 facinora
706 3373 734 3422 et
747 3367 848 3423 delicta
865 3367 903 3424 in·
954 3363 1008 3418 nisi
1031 3363 1152 3417 visitatio
1172 3361 1229 3430 illa,
1246 3377 1331 3433 quam
1355 3359 1422 3414 alibi
1444 3360 1577 3414 describit
1598 3359 1634 3413 iis
1653 3360 1766 3416 verbis:

92 3477 215 3530 gerens:
237 3481 250 3508 a
266 3459 456 3528 paenitemini,
469 3483 483 3511 a
499 3460 618 3516 dicebat.
635 3461 761 3526 Quibus?
776 3461 832 3517 Nisi
851 3463 905 3516 inis
958 3479 971 3506 a
994 3456 1116 3510 Visitabo
1139 3471 1225 3527 saper
1245 3455 1319 3508 viros
1335 3453 1443 3508 deliros
1465 3452 1492 3506 in
1516 3453 1632 3508 ioecibns
1652 3452 1733 3508 suis?
1753 3476 1768 3504 a

91 3555 195 3609 scilicet
215 3571 287 3626 quos
309 3553 402 3626 pretio
424 3571 527 3625 magno
549 3553 591 3608 sui
611 3555 757 3628 sanguinis
775 3555 905 3612 redeme-
955 3551 1068 3605 ainerio
1089 3554 1185 3604 autem
1208 3548 1371 3603 candelabri
1391 3546 1426 3602 de
1450 3547 1511 3602 loco
1534 3564 1585 3602 sue
1606 3548 1673 3619 qnid
1694 3549 1771 3604 aliud

92 3655 141 3704 rat.
165 3671 179 3699 >l
956 3647 1000 3698 est
1021 3643 1077 3698 nisi
1100 3643 1204 3698 amotio
1227 3642 1261 3697 ab
1286 3657 1319 3696 eo
1342 3641 1475 3696 Ecclesiae
1499 3641 1572 3709 loca,
1595 3658 1680 3713 qncm
1705 3641 1769 3717 quis

126 3743 175 3798 llis
190 3743 380 3814 adjungamus
394 3759 456 3815 quae
472 3743 635 3800 bachiarius
651 3743 704 3799 hoe
720 3759 806 3817 super
819 3759 904 3815 argu·
956 3737 1091 3794 obtinet?

122 3937 173 4002 (aar
191 3937 222 3990 ln
241 3937 308 3990 edit.
324 3937 469 3989 Francisci
487 3938 583 4002 Florii,
597 3953 623 4004 p.
639 3939 677 4002 il,
695 3951 722 3989 n.
740 3937 780 3988 22.
986 3935 1035 4000 (aa)
1050 3935 1080 3986 In
1099 3935 1205 3986 Peraea.
1219 3933 1255 3984 ed
1270 3933 1377 3992 raaia,
1396 3947 1422 3998 p.
1440 3933 1481 3982 74.
