3978 6204
238 273 288 332 iii
681 275 708 331 S.
730 277 887 334 eteniam
905 276 1042 334 OPERUbi
1062 277 1151 332 PARS
1171 278 1203 332 ii.
1223 305 1258 317 -
1277 275 1463 334 croscum.
1716 281 1721 288 “
1855 286 1901 344 tiz

236 397 305 454 lieet
318 399 399 472 virgo
414 415 445 454 nc
460 400 556 456 mente
577 405 752 472 permoneat,
768 401 868 468 oculis,
884 400 982 474 458
998 419 1048 457 eu·
1062 413 1184 488 Averno
1199 399 1278 458 iacis.
1300 403 1422 458 'theatro
1433 405 1455 438 ⁸¹
1478 408 1544 458 sunt
1561 404 1678 460 icadiora
1692 423 1748 478 666
1767 413 1899 466 convenis.

239 491 327 562 ribus,
342 493 442 563 lingua
455 491 562 548 minuit
575 493 699 566 illaque
715 493 853 550 habebat.
1102 499 1280 555 verecundia
1300 500 1359 556 illic
1386 501 1480 556 omnis
1507 504 1622 558 exuitur
1646 503 1711 573 (it),
1738 504 1818 561 simul
1842 525 1901 563 cum

273 587 336 642 iiiii.
367 586 440 652 Quid
475 603 540 642 vero
564 604 629 660 qnae
656 588 830 660 promiscuas
856 589 971 645 balneas
998 590 1052 662 (71)
1102 593 1208 648 amictu
1231 593 1313 649 vestis
1335 593 1430 668 459
1454 595 1548 652 honor
1569 597 1741 668 corporisne
1761 600 1905 672 pudorpo·

239 679 356 749 adeunt,
372 696 437 752 qne
453 681 542 736 oculis
555 682 589 738 ad
604 681 753 739 libidinem
768 683 889 738 curiosis
904 683 1005 755 pudori
1020 699 1053 738 ac
1102 687 1182 741 nitur
1204 686 1272 759 (71),
1294 686 1458 746 denotanda
1474 689 1527 762 (71)
1540 693 1569 745 61
1586 691 1785 748 contrectanda
1796 693 1846 764 (71)
1860 696 1905 749 rir-

238 773 383 843 pudicitie
407 791 528 847 corpora
550 776 644 832 dicata
665 776 870 848 prostituunt?
898 793 963 849 que
985 793 1051 832 cum
1102 779 1207 851 ginilas
1230 783 1381 837 reveletur.
1409 784 1471 838 lem
1497 800 1575 839 6))66
1598 784 1748 841 considera
1772 803 1817 856 an,
1844 805 1903 844 cnm

238 867 311 921 viros
324 872 409 940 atque
422 885 437 923 a
448 869 514 925 viris
525 871 612 926 nndae
624 869 724 927 rident
734 871 896 943 turpiterac
907 869 1051 938 videntur,
1103 874 1203 929 vestita
1216 890 1256 945 es,
1271 876 1434 932 verecunda
1450 877 1487 932 sis
1502 877 1556 949 (77)
1572 877 1647 933 inter
1658 879 1732 934 viros
1746 881 1805 936 telis
1819 882 1860 936 cui
1873 883 1904 938 ad

238 988 335 1028 nonne
350 961 421 1043 ipse
438 965 603 1021 illecebram
626 965 702 1020 vitiis
723 965 883 1037 praestanti
906 981 1001 1021 nonne
1015 963 1051 1020 ad
1102 967 1340 1026 inverecundiam
1356 971 1469 1040 prolicit
1483 971 1602 1028 audacia
1614 971 1759 1028 nuditatis.

239 1063 431 1136 corruptelam
455 1067 484 1118 et
505 1059 642 1131 injuriam
666 1075 747 1114 suam
770 1058 910 1115 desideria
925 1075 1051 1130 presen-

239 1159 312 1216 tium
336 1156 490 1212 sollicitant
511 1160 540 1210 et
566 1153 711 1208 invitanti
725 1153 842 1221 Viderit,
866 1153 970 1224 inquis,
994 1169 1052 1226 666
1137 1159 1187 1212 illl.
1215 1158 1259 1213 Sic
1279 1173 1348 1229 ergo
1369 1159 1535 1230 frequenter
1560 1159 1684 1216 Ecclesia
1708 1161 1829 1228 virgines
1849 1179 1906 1218 scas

241 1251 307 1308 illuc
332 1257 429 1306 mente
450 1249 515 1321 6616
536 1247 651 1314 666161,
675 1245 747 1301 mihi
769 1249 881 1302 tentum
905 1246 1051 1302 reficiendi
1102 1251 1223 1323 plangit,
1243 1251 1282 1306 sie
1297 1251 1334 1306 ad
1356 1252 1478 1307 iniames
1501 1269 1601 1308 aarum
1628 1269 1661 1308 ac
1683 1254 1858 1310 detestabiles
1870 1258 1905 1311 lo-

241 1345 401 1418 corpusculi
411 1359 479 1398 cura
494 1345 536 1397 est
552 1346 581 1396 et
593 1339 716 1396 lavandi.
732 1341 792 1394 Non
807 1346 835 1395 te
849 1340 1017 1414 purgatiste
1028 1342 1052 1376 ⁸⁰
1101 1345 1184 1400 bulas
1207 1345 1389 1417 ingemiscit,
1415 1347 1454 1401 sic
1468 1346 1520 1402 ilos
1539 1347 1687 1420 virgiuum
1714 1349 1904 1420 exstinguitur,

241 1438 381 1506 defensio,
409 1454 460 1493 nec
483 1435 604 1490 lasciviae
629 1438 658 1489 et
679 1435 846 1505 petulantie
869 1434 978 1490 crimen
1002 1452 1050 1491 ex·
1103 1438 1396 1495 honorcontinentiae
1410 1457 1441 1494 ao
1459 1440 1553 1512 pudor
1570 1441 1737 1509 eruditur³²‚
1753 1442 1906 1514 61611666)-

241 1539 328 1589 cusat.
351 1530 484 1587 sordidat
505 1528 606 1584 1666116
620 1528 683 1596 1616,
698 1543 755 1583 666
767 1527 867 1595 abluit,
887 1545 938 1584 nec
951 1545 1051 1592 66166-
1103 1532 1147 1587 616
1164 1548 1196 1586 66
1213 1531 1339 1602 dignitas
1359 1533 1546 1604 profanatur!
1566 1535 1612 1590 Sic
1626 1551 1655 1590 sa
1674 1538 1851 1607 expugnator
1860 1537 1908 1606 (711)

242 1627 291 1682 dat
311 1625 453 1691 membre,
478 1623 527 1680 sed
552 1619 688 1678 maculat.
701 1622 846 1692 impudice
862 1625 892 1676 1ιι
907 1623 1052 1678 neminem
1103 1624 1237 1680 iuimicus
1253 1642 1305 1697 per
1318 1631 1393 1682 artos
1419 1642 1482 1682 suas
1496 1627 1596 1684 inserit
1609 1645 1617 1698 3
1630 1629 1669 1682 sic
1683 1627 1791 1683 insidiis
1811 1645 1857 1700 per
1871 1646 1909 1684 oe·

240 1720 398 1792 conspicis,
420 1718 468 1773 sed
498 1719 558 1788 ipsa
580 1715 752 1787 conspiceris
773 1715 928 1786 impudice.
955 1717 1054 1772 Oculos
1104 1719 1359 1775 eulteiallentibus
1375 1719 1505 1776 diabolus
1526 1721 1649 1793 obrepit.
1672 1722 1727 1790 Sic,
1746 1722 1811 1777 dum
1824 1723 1908 1777 ornari

241 1820 305 1869 tuos
332 1813 410 1885 turpi
441 1810 633 1868 oblectatione
656 1825 714 1864 non
745 1808 865 1880 polluis;
894 1810 963 1878 sed,
985 1793 1304 1883 dumsscultius,dnm
1326 1813 1445 1870 liberius
1465 1813 1908 1887 evagaririrginesvolunt,essc

239 1907 362 1963 oblectes
384 1906 464 1976 aiios,
488 1905 548 1976 ipsa
569 1903 715 1974 pollueris.
739 1903 935 1974 Spectaculum
960 1904 994 1960 da
1014 1907 1054 1960 le·
1106 1907 1231 1979 virgines
1260 1906 1415 1979 desinunt,
1454 1907 1559 1964 iurtiro
1588 1908 1727 1966 dedecore
1760 1913 1906 1983 corrupte,

929 2013 1033 2079 Variae
1054 2014 1224 2080 lectiones.

270 2124 291 2159 ⁸⁰
311 2121 428 2174 Sordida
454 2121 507 2172 ista
537 2122 606 2170 rem.
640 2119 706 2171 Voss.
726 2121 751 2170 2.
801 2120 822 2154 ⁸¹
840 2121 959 2175 Theatra
990 2125 1056 2174 Voss.
1083 2128 1092 2176 t
1125 2126 1200 2176 Veios
1227 2127 1324 2176 ionem.
1376 2126 1397 2162 ⁸¹
1414 2126 1538 2179 Caeditur
1560 2125 1780 2192 Neop..l³onitnr
1808 2127 1860 2176 Vnt.
1886 2128 1907 2188 t,

239 2194 264 2258 θ’
274 2195 296 2245 3.
883 2255 995 2338 Steph.
1020 2255 1143 2322 Bnluzii
1165 2264 1262 2323 notae.

271 2367 320 2430 (71.)
335 2364 500 2416 Promissum
523 2359 1052 2414 1616666016)1661666166661666)
1102 2366 1162 2416 sine
1187 2366 1244 2416 ulla
1270 2366 1391 2419 evidenti
1423 2379 1506 2418 causa
1538 2365 1622 2417 sitam
1655 2367 1807 2433 suspendio
1832 2367 1908 2417 amii-

238 2440 304 2490 viris
316 2439 426 2501 signum
448 2447 509 2486 esse
532 2431 665 2483 adulterae
681 2431 825 2496 putabant,
843 2438 875 2484 nt
895 2434 989 2486 ridere
1009 2441 1053 2488 eat
1102 2443 1199 2503 terent,
1224 2441 1510 2505 decrevissentque
1532 2440 1697 2504 corporibus
1723 2442 1858 2507 suspensis
1868 2440 1908 2492 de·

239 2509 312 2576 apud
336 2507 549 2571 Quintilianum,
573 2504 622 2554 lib.
646 2517 675 2564 v,
694 2517 754 2568 cap.
774 2505 799 2555 ii.
817 2505 1005 2571 Hieronymus
1022 2509 1051 2558 in
1101 2515 1219 2562 morture
1231 2511 1329 2574 terent,
1343 2523 1384 2563 ee
1407 2523 1504 2562 omnes
1522 2510 1606 2562 unde
1621 2524 1689 2563 cum
1710 2513 1807 2566 eodem
1819 2513 1908 2576 laqueo

238 2581 361 2647 Epistola
384 2579 421 2630 cd
441 2579 546 2638 Letum,
573 2575 608 2627 de
630 2577 806 2628 institutione
831 2577 896 2629 filiae
916 2594 921 2627 :
942 2597 956 2626 <¹
984 2579 1052 2630 Mihi
1102 2594 1157 2645 666
1171 2585 1264 2632 essent
1283 2583 1440 2646 precinctae
1466 2581 1636 2644 efferrentur,
1650 2587 1680 2632 et
1703 2586 1764 2648 post
1786 2582 1908 2634 1116616-

237 2654 352 2704 omnino
375 2652 403 2701 in
427 2647 521 2698 adulta
546 2648 655 2710 virgine
684 2647 793 2698 lavacra
818 2647 974 2713 displicent,
988 2663 1052 2715 666)
1103 2657 1161 2702 tum
1189 2653 1311 2718 virgines
1345 2653 1531 2704 voluntariam
1568 2655 1688 2702 mortem
1730 2665 1785 2704 non
1818 2655 1908 2718 petisse

238 2724 377 2787 seipsam
400 2717 841 2771 debetorubescereetnudam
865 2718 952 2770 viden
995 2735 1051 2771 non
1101 2722 1207 2786 pudore
1223 2723 1283 2774 solo
1299 2723 1443 2775 deterritas
1462 2728 1518 2773 iam
1542 2723 1683 2774 inhonesti
1707 2725 1820 2774 funeris.
1836 2723 1909 2776 Clau·

144 2797 147 2804 ⁴
237 2789 631 2860 possa.»1cspauiopostait
653 2789 760 2840 iilame
782 2791 1051 2842 contrariobalnea·
1101 2793 1166 2844 dam
1191 2795 1271 2845 notas
1295 2794 1361 2844 istas
1384 2795 1487 2860 insigni
1514 2795 1576 2846 loco
1602 2792 1707 2845 Valerii
1733 2794 1850 2856 Maximi,
1867 2795 1908 2859 661

238 2879 299 2917 rum
318 2865 448 2916 lomentis
466 2863 571 2926 sopitos
593 2861 671 2926 ignes
691 2861 835 2911 suscitare.
860 2860 1051 2911 «balnearum
1102 2862 1149 2914 lib.
1166 2865 1315 2929 1v‚cap.5,
1332 2867 1370 2916 611
1388 2865 1587 2916 verecundiam
1612 2879 1674 2918 esse
1700 2870 1836 2931 parentem
1859 2881 1909 2916 66)-

238 2939 313 2989 6ιι16ι
326 2936 410 2998 calor,
432 2939 465 2984 ut
483 2933 555 2983 idem
578 2931 674 2982 scribit
691 2932 718 2981 in
739 2931 863 2995 Epistola
879 2931 914 2981 cd
929 2933 1050 2994 Furiam,
1101 2935 1144 2984 nis
1158 2933 1269 2986 honesti
1284 2934 1406 2997 consilii,
1424 2935 1540 2987 tutelam
1562 2933 1733 2988 solemnium
1755 2935 1907 2996 ciliciorum,

238 3007 271 3061 de
298 3007 440 3058 Viduitate
458 3003 602 3066 servanda,
624 3015 728 3053 novum
754 3003 972 3055 adolescentule
986 3018 1050 3055 san·
1102 3007 1260 3070 magistram
1275 3007 1453 3066 innocentie,
1466 3018 1584 3071 eamque
1606 3007 1684 3056 omni
1709 3007 1904 3073 temporetam

238 3082 350 3146 guinem
372 3077 505 3128 incendit.
518 3093 532 3120 s
557 3074 636 3126 Idem
665 3073 692 3124 iu
715 3073 839 3138 Epistola
860 3073 896 3124 ad
918 3075 1050 3124 Rusticum
1101 3077 1217 3128 rabilem
1238 3091 1295 3142 pres
1309 3091 1340 3129 se
1365 3077 1436 3129 ierre
1459 3077 1578 3127 vultum.
1603 3076 1682 3128 idem
1703 3078 1753 3129 lib.
1775 3079 1905 3140 v1,cap.l

238 3151 393 3202 monachum
413 3166 421 3198 :
440 3169 454 3196 «
474 3149 641 3200 Balnearum
662 3145 783 3197 fomenta
805 3158 860 3194 non
880 3151 984 3210 qureret
1003 3147 1262 3235 quicpudicitiam
1288 3150 1325 3200 ait
1349 3161 1408 3200 esse
1427 3149 1550 3200 virorum
1571 3149 1674 3212 pariter
1701 3163 1734 3201 ae
1754 3150 1907 3200 seminarum

238 3223 360 3274 calorem
374 3219 518 3286 sanguinis
542 3218 711 3282 jejuniorum
731 3215 809 3281 cupit
829 3217 930 3280 frigore
942 3218 1051 3267 exstin-
1102 3220 1273 3284 precipuum
1290 3220 1503 3272 firmamentum.
1526 3221 1561 3270 At
1575 3232 1631 3270 666
1652 3220 1747 3272 solum
1768 3221 1796 3271 in
1808 3219 1907 3271 leminis

237 3307 330 3357 gnere.
345 3311 358 3338 s
373 3293 460 3342 AElins
475 3289 637 3355 Spartianus
656 3287 739 3338 tradit
765 3286 917 3336 adrianum
937 3288 1052 3350 impera·
1102 3289 1310 3354 vituperabatur
1341 3291 1461 3350 nuditas,
1490 3290 1644 3342 sedetiam
1668 3292 1700 3341 in
1727 3293 1799 3342 viris.
1824 3291 1907 3342 Narrat

239 3370 326 3415 torem
347 3363 457 3416 lavacra
486 3375 535 3426 pro
561 3359 675 3410 sexibus
702 3358 880 3422 separarisse.
905 3359 939 3408 Ei
960 3359 1051 3409 lulius
1102 3361 1177 3412 enim
1191 3361 1341 3412 Massurius
1368 3361 1489 3413 Sabinus
1517 3361 1591 3425 apud
1618 3363 1650 3411 A.
1676 3361 1798 3414 Gellium
1815 3363 1859 3412 111).
1880 3373 1906 3419 x,

238 3435 410 3500 Capitolinus
430 3432 526 3485 scribit
550 3433 585 3483 bl.
600 3431 774 3482 Antoninum
790 3429 986 3494 philosophum
1010 3429 1051 3480 la·
1103 3445 1162 3496 cap.
1178 3432 1372 3496 1611661666)
1393 3432 1495 3482 dialem
1516 3445 1572 3483 non
1594 3434 1721 3496 potuisse
1743 3433 1907 3485 1661666116-

239 3521 322 3557 vacra
341 3505 423 3556 mista
451 3503 635 3554 submovisse.
669 3501 756 3550 AElius
785 3513 851 3550 vero
879 3498 1052 3564 Lampridius
1102 3506 1312 3556 iimamexuere
1330 3505 1384 3555 nisi
1403 3505 1431 3555 in
1452 3504 1522 3555 locis
1537 3505 1628 3566 tectis,
1646 3518 1682 3556 ne
1700 3505 1753 3557 sub
1769 3505 1837 3558 coelo
1856 3507 1907 3552 tan·

239 3579 319 3630 docet
340 3574 532 3628 Alexandrum
551 3573 686 3626 Severum
720 3571 820 3622 balnea
846 3572 928 3622 mista
956 3571 1052 3622 Rome
1102 3589 1186 3640 quam
1200 3577 1229 3625 in
1244 3575 1529 3627 oculisiovlsnndus
1544 3578 1625 3626 esset.

239 3647 363 3702 exhiberi
387 3645 572 3711 prohibuisse,
587 3648 615 3694 et
634 3641 780 3695 eunuchos
804 3641 874 3693 nihil
899 3643 927 3692 in
951 3643 1052 3706 palatio
1132 3648 1179 3710 (74)
1194 3647 1282 3698 Pudor
1299 3649 1418 3711 ponitur,
1440 3648 1575 3710 Quamvis
1601 3649 1640 3698 ita
1667 3649 1803 3713 scriptum
1827 3649 1859 3698 sit
1883 3647 1906 3694 iii

240 3733 337 3772 curare
352 3719 473 3770 voluisse
489 3718 542 3768 nisi
560 3715 675 3767 balneas
699 3715 874 3764 seminarum.
894 3712 1051 3764 Concilium
1102 3719 1232 3771 omnihus
1244 3719 1301 3771 rere
1320 3719 1399 3771 libris
1423 3721 1621 3784 manuscriptis
1644 3724 1672 3770 et
1698 3722 1726 3770 in
1741 3719 1905 3776 aditionibus,

240 3793 429 3845 Laodicenum
444 3789 592 3842 canoncie
608 3805 613 3837 :
630 3807 645 3835 e
662 3786 742 3851 Quod
758 3799 814 3836 non
829 3789 952 3850 oporteat
966 3787 1052 3836 saeris
1102 3791 1213 3842 maliem
1237 3795 1329 3842 tamen
1354 3790 1486 3858 scriptum
1516 3791 1602 3842 ruisse
1628 3791 1801 3853 mirumne
1819 3790 1906 3854 legitur

241 3865 342 3916 ciliciis
370 3863 478 3914 deditos
506 3866 554 3912 aut
582 3861 698 3912 ciericos
730 3862 779 3908 ani
808 3857 983 3908 continentes
1008 3857 1052 3907 vel
1101 3861 1309 3913 innnoeodiee
1332 3861 1493 3926 Remigiane
1510 3867 1538 3912 et
1561 3863 1590 3913 in
1606 3862 1751 3924 Beeeensi,
1771 3866 1797 3912 et
1821 3861 1858 3911 uli
1881 3873 1906 3908 sa

241 3951 351 3988 omnem
373 3937 475 3986 laicum
504 3933 692 3986 Christianum
722 3931 832 3981 lavacra
858 3941 921 3980 cum
953 3929 1052 3979 mulie·
1103 3932 1203 3996 legisse
1215 3933 1243 3983 in
1265 3933 1407 3984 veteribus
1431 3933 1537 3997 aliquot
1561 3932 1639 3984 libris
1664 3937 1801 3985 testantur
1819 3929 1905 3984 ilorci·

239 4010 318 4060 ribus
334 4007 483 4068 celebrare,
504 4007 569 4070 quia
586 4003 647 4055 haec
669 4001 742 4066 epnd
763 4005 858 4066 gentes
876 4000 1052 4065 reprehensio
1103 4002 1158 4053 lius
1172 4007 1199 4054 et
1213 4003 1360 4055 Pamelius.
1378 4003 1448 4054 Nam
1462 4003 1546 4068 panio
1567 4007 1628 4067 post
1649 4003 1714 4056 istie
1735 4003 1907 4065 6161666616)-

239 4082 328 4144 prima
343 4082 392 4130 est.
407 4094 422 4127 ))
437 4077 521 4129 Recte
538 4075 668 4141 66616610.
688 4074 766 4136 Nem,
790 4075 822 4122 ul
840 4073 878 4123 ait
898 4072 1015 4125 Ovidius
1024 4073 1052 4122 in
1102 4078 1171 4136 lum,
1188 4075 1304 4126 «honor
1320 4076 1498 4127 continentiae
1513 4087 1545 4126 ee
1559 4073 1650 4139 pudor
1663 4075 1790 4127 caeditur,
1805 4093 1819 4122 s
1836 4075 1905 4125 Hanc

240 4153 310 4204 libro
330 4165 359 4204 ιιι
374 4151 405 4201 rte
428 4152 491 4201 Arte
513 4147 633 4208 emendi,
653 4163 667 4192 e
690 4144 789 4197 Celent
814 4144 929 4195 furtivos
952 4144 1053 4196 balnea
1102 4147 1250 4197 lectionem
1263 4147 1428 4198 confirmare
1445 4145 1554 4196 videtur
1566 4147 1649 4196 etiam
1666 4145 1756 4198 codex
1770 4146 1905 4199 eanberc-

239 4219 520 4287 muitajocos;»ubi
539 4223 606 4283 puto
629 4216 778 4282 legendum
796 4217 884 4266 mista.
904 4217 974 4267 Vide
1001 4217 1052 4267 Pa·
1103 4217 1282 4282 neueisapud
1303 4217 1466 4278 pamelium,
1486 4217 1609 4280 itemque
1631 4217 1704 4267 alius
1724 4217 1906 4282 Neapolitanus

240 4297 305 4346 tavit
320 4291 572 4345 animadversiones
591 4291 626 4340 ad
647 4288 844 4353 Epiphanium,
860 4289 887 4338 in
900 4288 1000 4339 haeresi
1012 4290 1052 4349 311,
1104 4289 1132 4338 in
1158 4291 1282 4354 margine
1307 4289 1473 4352 exemplaris
1495 4288 1550 4337 mei
1584 4287 1754 4340 llanntianae
1791 4288 1905 4338 editionis

240 4360 760 4430 6666616666116166,1161616666)
784 4358 812 4408 in
833 4359 906 4408 notis
924 4358 959 4409 ad
981 4359 1053 4411 Con·
1103 4363 1224 4421 notatus,
1239 4361 1268 4410 in
1287 4359 1390 4425 quibus
1410 4360 1545 4423 scriptum
1561 4363 1620 4408 erat
1639 4357 1755 4409 laeditur.
1769 4359 1904 4414 Etiamsi,

239 4435 398 4487 stitutiones
409 4431 583 4497 apostolicas,
600 4444 662 4496 pag.
678 4429 721 4482 131
736 4429 865 4481 editionis
882 4430 1051 4492 parisiensis,
1103 4445 1263 4496 quanquam
1280 4445 1312 4482 ea
1325 4443 1389 4481 vera
1405 4431 1468 4490 sint,
1483 4441 1539 4479 non
1553 4443 1615 4479 snm
1632 4443 1718 4480 ansus
1732 4434 1836 4481 mutare
1851 4441 1905 4479 con·

240 4511 267 4557 et
289 4505 471 4570 Beveregium
498 4505 527 4554 in
548 4500 775 4554 annotationibus
798 4500 832 4550 ad
861 4514 996 4552 canonem
1021 4503 1051 4552 77
1064 4527 1092 4598 D
1105 4505 1329 4553 tratotveternm
1347 4500 1475 4552 codicum
1499 4503 1527 4551 et
1548 4499 1702 4552 editionum
1717 4503 1902 4552 auctoritatam.

239 4576 412 4628 Trullanum.
1104 4571 1256 4638 Gregorius
1277 4573 1466 4624 Nazianzenus
1491 4571 1518 4620 in
1538 4572 1661 4623 carmine
1684 4573 1720 4623 ad
1740 4569 1904 4636 Olympiadem

270 4648 322 4711 (73)
339 4645 629 4698 Verecundicexuitur.
655 4643 812 4695 Herodotus
836 4643 885 4695 lib.
907 4658 915 4694 1
934 4659 939 4692 :
962 4661 976 4690 e
993 4644 1053 4696 116-
1103 4644 1142 4692 ait
1151 4643 1266 4708 pudoris
1273 4645 1412 4708 jacturam
1422 4643 1590 4706 ilagitiorum
1603 4643 1729 4692 omnium
1739 4641 1903 4693 certissimam
1963 4703 1964 4706 Ἴ

239 4723 291 4772 lier
305 4723 390 4770 exuta
407 4717 501 4769 tunica
519 4714 718 4768 verecundiam
736 4715 851 4766 exuit.»
865 4714 1053 4780 Hieronymus
1104 4727 1164 4766 esse
1177 4719 1329 4780 parentem.

239 4792 286 4843 lib.
319 4805 336 4852 ι,
363 4791 491 4841 adversae
512 4787 709 4838 Jootnicnum:
732 4804 746 4832 «
769 4785 872 4838 Scribit
895 4785 1053 4838 Herodotus
1135 4785 1413 4850 (ibiDenotenda.1d
1431 4789 1473 4836 661
1494 4783 1670 4836 denudanda.
1695 4784 1765 4834 Vide
1788 4786 1861 4835 notas
1876 4777 1904 4830 ed

238 4863 313 4928 quod
340 4862 439 4912 mulier
457 4873 521 4912 curn
543 4863 618 4912 veste
638 4858 750 4924 deponit
773 4861 801 4908 et
819 4857 1053 4909 verecundiam.»
1103 4858 1249 4924 epistolam
1262 4857 1301 4909 13.
1962 4905 1963 4928 ἒ

238 4935 356 4986 Rufinus
369 4933 417 4983 lib.
440 4947 458 4992 ι,
488 4934 517 4982 in
538 4931 655 4982 oseem:
678 4928 831 4980 «Arultu
851 4941 902 4979 suo
917 4941 1052 4980 verecun-
1133 4933 1182 4995 (111)
1210 4929 1413 4980 contrectanda.
1444 4928 1686 4980 Dissimulandum
1713 4941 1769 4978 666
1792 4929 1830 4978 661
1854 4934 1904 4974 cort·

238 5007 321 5066 diam,
348 5016 412 5069 que
439 5002 510 5054 solet
537 5002 702 5054 obscenitati
726 4999 955 5064 impedimentum
982 5013 1052 5062 esse,
1102 5002 1242 5067 specorndn
1257 5003 1391 5065 seriptum
1408 5011 1469 5052 esse
1483 5001 1511 5051 in
1528 5013 1584 5051 nno
1604 5000 1674 5050 libro
1689 5003 1790 5058 vetere,
1803 4995 1903 5048 laudato

237 5077 417 5141 depulerat.»
438 5075 546 5124 Plinius
566 5071 615 5123 lib.
634 5083 728 5132 xxxv,
746 5085 807 5136 cap.
829 5073 867 5132 io,
883 5073 1052 5123 mentionem
1102 5077 1132 5124 in
1151 5075 1274 5138 margine
1289 5072 1419 5123 editionis
1441 5071 1636 5135 Lugdunensis
1650 5072 1718 5122 anni
1733 5070 1801 5130 1511,
1816 5069 1841 5116 16
1855 5075 1903 5144 quo

237 5147 304 5197 iacit
334 5159 413 5198 novae
445 5148 540 5208 nuptas
565 5142 733 5194 verecundia
754 5142 894 5193 notabilis.
924 5142 1052 5194 lustinus
1103 5145 1248 5209 descriptae
1259 5146 1325 5194 sunt
1339 5143 1422 5193 varice
1435 5141 1569 5194 lectiones
1588 5155 1621 5193 ex
1643 5141 1772 5206 pluribus
1793 5136 1902 5200 antiquis

239 5217 288 5267 lib.
307 5229 357 5268 xiv
374 5216 456 5267 tradit
480 5213 674 5278 Olympiadem
699 5216 816 5263 matrem
839 5213 991 5264 Alexandri
1015 5214 1051 5266 11.
1103 5217 1247 5268 codicibus
1259 5214 1464 5278 manuscriptis.
1960 5257 1961 5264 ,

239 5287 412 5351 expirantem
439 5284 546 5350 capillis
571 5288 599 5334 et
624 5287 700 5334 veste
723 5297 803 5335 crura
830 5287 988 5336 contexisse
1017 5299 1053 5336 ne
1134 5289 1182 5352 (ii)
1201 5286 1353 5337 Verecunda
1370 5285 1414 5336 sis.
1435 5283 1529 5336 Codex
1552 5273 1901 5350 Burgundioneverecaadc

239 5357 306 5422 6616
321 5361 414 5422 posset
426 5359 454 5406 in
467 5369 581 5420 corpore
598 5357 659 5420 eJus
678 5355 841 5406 indecorum
856 5355 951 5407 rideri.
968 5357 1003 5407 111
1018 5357 1052 5419 Q.
1101 5359 1138 5409 sit
1151 5357 1293 5423 oirpinitos
1303 5359 1373 5408 inter
1383 5357 1466 5408 uires.

239 5430 353 5482 Curtius
374 5428 423 5478 lib.
449 5441 468 5478 v
488 5429 525 5477 ait
549 5427 715 5477 laminarum
741 5425 901 5490 Babyloniis
926 5427 1053 5478 convivia
1135 5430 1184 5492 (78)
1205 5429 1389 5494 depugnetur.
1416 5427 1531 5478 Veteres
1565 5425 1700 5478 editiones
1740 5425 1767 5474 et
1790 5421 1901 5486 quinque

239 5500 398 5552 ineuntium
418 5499 445 5548 1ιι
468 5497 604 5562 principio
625 5496 711 5548 inisse
735 5497 893 5550 modestum
914 5498 1051 5561 habitum,
1103 5501 1166 5552 iibri
1179 5503 1287 5552 veteres
1308 5499 1412 5551 babent
1432 5502 1611 5563 expugnatus.
1634 5496 1704 5559 Qnse
1721 5493 1802 5546 lectio
1823 5490 1900 5556 potest

236 5571 338 5624 deinde
359 5583 468 5620 summa
488 5581 608 5633 quaeque
631 5569 751 5620 amicula
776 5570 886 5622 exuisse
906 5571 1052 5635 paulatim·
1103 5585 1164 5624 6666
1178 5571 1261 5622 bona.
1275 5571 1334 5636 Ego
1348 5574 1440 5621 tannen
1464 5571 1546 5620 aliam
1570 5559 1901 5634 616616661666616116·

238 5661 294 5711 que
319 5643 455 5710 pudorem
479 5644 648 5708 profanasse.
674 5641 709 5694 ed
724 5642 855 5694 ultimum
870 5645 931 5704 ,ima
952 5657 1054 5709 corpo·
1103 5642 1169 5694 beni
1186 5643 1214 5691 in
1237 5640 1405 5692 editionibus
1424 5639 1541 5690 Manutli
1561 5645 1588 5691 61
1607 5638 1724 5690 Moreilii
1751 5641 1777 5687 et
1801 5637 1827 5684 16
1843 5631 1901 5710 duo·

238 5733 309 5769 rum.
325 5717 388 5781 Qua
405 5715 439 5768 de
460 5728 490 5766 re
505 5713 568 5765 vido
588 5713 760 5764 Lndovicum
784 5713 901 5765 Cetium
919 5713 1052 5779 Rhodigi-
1103 5713 1193 5764 decim
1213 5713 1335 5776 antiquis
1356 5711 1512 5773 codicibus,
1532 5717 1590 5761 tum
1610 5713 1693 5762 etiam
1714 5711 1778 5773 qnia
1801 5705 1900 5757 inirem

235 5803 304 5840 num
330 5787 379 5838 111).
401 5800 428 5848 v,
456 5799 516 5850 cap.
546 5785 583 5835 il.
608 5787 639 5835 A.
665 5783 772 5836 Gellius
794 5783 842 5835 lib.
871 5797 922 5845 xv,
947 5797 1006 5848 cap.
1027 5785 1053 5834 ro
1103 5785 1173 5834 libro
1185 5784 1321 5848 debnpsis
1342 5785 1444 5850 legitur
1460 5797 1522 5850 pag.
1541 5785 1588 5834 litt
1606 5798 1611 5831 :
1631 5801 1645 5828 6
1663 5781 1773 5833 Hostem
1795 5775 1898 5828 nuncet
1956 5817 1957 5820 ,

237 5859 332 5914 scribit
355 5873 389 5913 ex
401 5855 552 5911 Plutarcho
574 5855 694 5910 Milesios
715 5855 835 5920 virgines
857 5854 977 5908 Milesias
990 5867 1053 5922 que
1102 5859 1319 5921 expugnatorem
1331 5855 1517 5910 domesticum
1531 5867 1588 5908 non
1601 5853 1740 5910 baberent.
1752 5867 1765 5898 >r
1956 5855 1957 5858 ’
