3986 6208
83 279 126 338 iti
579 267 851 333 unsriuousouuu
871 271 948 331 sut.
967 267 1103 334 iUilAEOS
1121 267 1185 331 tre.
1201 271 1222 332 l.
1690 281 1744 340 770

82 406 165 460 «lion
185 401 250 458 ostis
269 400 364 456 vestri.
385 399 478 472 Empti
490 401 514 438 ¹⁶
532 399 611 456 enim
630 401 697 456 estis
714 401 806 473 prelio
822 415 882 456 ma·
896 417 921 490 Α
933 400 1044 458 Christo
1070 399 1100 455 in
1126 400 1193 454 4400.
1214 399 1285 456 Cum
1306 406 1400 458 autem
1422 401 1550 462 Christus
1571 408 1746 478 apparuerit,

81 515 138 570 guo.
149 495 304 553 Clariilcale
317 499 345 550 ct
358 499 468 568 portate
483 495 569 550 ileum
580 494 612 550 in
626 509 748 565 corpore
760 499 855 550 vestro
867 514 881 546 ιι
935 494 1108 560 vilecastro,
1125 495 1194 548 lunc
1211 498 1239 549 et
1252 510 1300 549 ros
1316 509 1381 550 cum
1396 513 1431 552 eo
1449 497 1624 570 apparebitis
1637 499 1667 555 iu
1683 501 1746 572 glo·

81 593 98 663 (l
115 591 184 653 Cor„
201 605 239 655 vr,
262 591 315 658 49).
332 590 402 644 ltem
421 586 497 642 illic:
516 608 531 636 ιι
544 587 666 658 Tempus
683 586 832 642 collectum
850 587 883 642 ¹⁷.
934 585 975 640 ria
997 607 1011 636 ιι
1038 584 1130 654 (ibid,
1151 601 1191 654 ιιι,
1217 585 1285 656 4-4).
1308 589 1345 644 lle
1368 587 1420 644 hoc
1442 589 1502 661 ipso
1527 590 1564 646 ad
1585 592 1746 664 Ephesios:

80 685 203 755 Superest
216 698 285 754 ergo
306 683 336 736 ut
359 684 388 736 el
403 681 452 752 qui
468 679 577 736 habent
593 695 705 748 uxores,
722 679 804 752 qnasi
824 695 882 736 uon
935 701 949 730 ιι
969 678 1108 750 Exponite
1120 679 1142 715 ³⁸
1156 678 1258 750 prioris
1277 681 1499 738 conversationis
1513 688 1637 741 veterem
1657 686 1749 744 homi·

78 777 203 834 habentes
222 774 289 844 sint,
309 779 338 832 ei
355 775 404 847 qui
418 774 561 847 plangunt
572 773 613 841 ¹⁸,
631 773 710 846 quasi
729 789 785 829 non
802 773 883 846 plan·
933 787 1012 842 uem,
1033 772 1082 844 qui
1103 773 1300 844 corrumpitur
1323 774 1480 830 secuudum
1503 779 1747 850 concupiscentias

78 873 178 943 gentes,
198 873 228 926 ci
248 868 297 940 qui
318 868 456 941 gaudent,
477 867 560 940 quasi
581 883 638 924 non
662 866 829 938 gaudentes,
855 869 885 922 et
933 864 1109 938 deceptionis
1119 866 1153 920 ⁸⁸.
1169 866 1348 923 innovamini
1359 871 1454 925 aulem
1467 869 1566 940 spiritu
1578 887 1677 928 sensus
1688 890 1748 929 vcs-

78 965 118 1036 qui
136 964 244 1029 emunt,
261 959 341 1034 quasi
360 976 420 1018 uun
443 963 583 1030 ementes,
609 963 639 1015 et
657 959 707 1032 qui
723 959 883 1031 possident,
933 960 980 1028 tri,
994 965 1023 1015 et
1037 959 1147 1016 induite
1162 976 1267 1016 norum
1287 961 1479 1033 hominem¹⁸‚
1499 979 1566 1019 eum
1581 966 1630 1036 qui
1645 983 1745 1024 secun·

77 1055 147 1130 qussi
157 1071 214 1111 non
227 1054 415 1126 possidentes,
429 1059 458 1110 et
468 1055 518 1126 qni
530 1054 583 1110 hoo
594 1052 703 1108 mundo
716 1056 837 1108 utuntur
846 1051 882 1122 ¹⁸,
933 1053 1003 1110 dum
1016 1054 1105 1110 Deum
1119 1054 1288 1112 constitutus
1301 1061 1343 1112 est
1352 1055 1376 1092 ⁸²
1390 1056 1420 1112 in
1431 1056 1540 1128 justitia
1559 1061 1588 1114 et
1600 1059 1746 1117 sanctitate

77 1150 148 1222 quasi
172 1165 231 1206 non
249 1139 417 1205 'uuntur²⁰.
440 1147 569 1204 Praeterit
587 1147 665 1203 enim
684 1147 778 1219 ligura
800 1146 884 1218 hujus
933 1149 962 1203 ct
974 1147 1092 1203 44444440
1103 1169 1117 1198 ιι
1132 1149 1251 1219 (tiphos,
1265 1165 1302 1220 ro,
1318 1151 1420 1221 tu-ril.
1434 1151 1474 1206 lla
1492 1150 1546 1207 hoc
1561 1150 1624 1224 ipso
1637 1151 1667 1208 in
1684 1152 1748 1225 Epi-

77 1242 165 1298 muudi
184 1261 198 1296 s
219 1244 241 1315 (l
258 1241 330 1310 cor,
350 1257 398 1309 vn,
423 1242 526 1312 neat).
549 1242 618 1296 ltem
639 1240 717 1296 illic:
736 1261 751 1292 ιι
771 1239 883 1295 Primus
933 1241 1006 1296 stols
1019 1240 1111 1296 Pelii:
1124 1261 1138 1292 ιι
1152 1239 1239 1306 Quasi
1251 1242 1379 1314 hospites
1393 1249 1422 1299 et
1436 1245 1596 1316 peregrini,
1608 1245 1748 1302 abstinete

76 1335 153 1392 homo
165 1335 203 1391 de
223 1339 306 1390 terra
324 1333 392 1390 limo
403 1333 436 1404 2‘,
449 1333 590 1390 secundus
605 1334 692 1390 horno
711 1333 747 1390 de
766 1332 881 1392 culon.
932 1349 1016 1390 rosa
1037 1333 1196 1390 carnalibus
1214 1335 1373 1405 desideriis,
1388 1353 1452 1410 ques
1471 1337 1594 1394 militant
1615 1339 1747 1395 adversus

77 1429 163 1494 Qualis
181 1430 229 1484 ille
246 1446 262 1486 e
281 1428 363 1500 limo,
384 1428 453 1484 iolas
474 1433 502 1483 et
524 1428 573 1500 qui
588 1427 625 1483 de
644 1429 729 1498 limo;
745 1431 774 1482 et
792 1426 883 1499 qualis
932 1427 1072 1496 animam,
1089 1429 1331 1486 conversationem
1354 1435 1449 1486 autem
1475 1430 1612 1488 habentes
1625 1433 1649 1469 ³⁸
1672 1433 1747 1489 inter

77 1523 193 1592 celestis,
217 1528 248 1578 et
271 1523 344 1578 tales
367 1522 503 1578 coelestes.
531 1520 681 1586 Quomodo
709 1520 883 1592 portavimus
931 1523 1033 1578 Gentes
1047 1521 1165 1591 honam,
1181 1527 1213 1578 ut
1235 1521 1303 1578 dum
1320 1523 1558 1580 detractant¹⁹da
1572 1524 1650 1582 vohis
1664 1526 1744 1599 quusi

76 1616 220 1688 imaginem
239 1615 301 1688 cJus
322 1615 372 1688 qui
392 1615 426 1671 da
444 1615 511 1670 limo
527 1619 579 1684 est,
599 1618 746 1686 portemus
765 1616 795 1669 et
811 1613 881 1671 ima·
932 1613 966 1670 de
982 1613 1118 1687 malignis
1130 1616 1165 1686 ⁸⁰,
1180 1616 1254 1673 huna
1269 1632 1356 1688 opera
1374 1621 1468 1674 vestra
1486 1617 1656 1692 aspicientes
1670 1635 1748 1691 mag-

76 1711 164 1780 giuem
177 1708 303 1781 ejusqui
316 1710 351 1764 de
366 1709 435 1766 coelo
450 1711 517 1764 cst»
536 1709 556 1778 (l
571 1707 645 1778 Gom,
658 1723 704 1778 xv,
718 1708 822 1778 47-49).
843 1708 881 1764 De
932 1707 1048 1764 uillcent
1072 1710 1162 1764 Deum
1179 1729 1194 1761 ιι
1217 1710 1238 1781 (l
1257 1711 1343 1776 Patr„
1365 1727 1395 1780 ιι,
1421 1711 1473 1782 44).
1494 1713 1532 1768 444
1554 1711 1609 1768 hoc
1628 1712 1690 1784 ipso
1716 1713 1745 1768 in

75 1803 121 1858 hoc
140 1802 200 1874 ipso
223 1802 262 1858 ad
286 1802 479 1874 Philippenses
499 1818 507 1857 :
527 1822 543 1852 ιι
564 1801 669 1858 Omnes
681 1801 704 1840 ¹³
730 1817 781 1856 sua
803 1815 882 1872 quse·
894 1805 922 1878 B
935 1799 1058 1874 Epistola
1077 1801 1214 1858 ioannis:
1229 1802 1393 1868 «Quidicit
1409 1819 1439 1860 se
1458 1804 1488 1860 in
1504 1803 1616 1860 Christo
1630 1821 1746 1864 manere

75 1899 142 1962 runt,
157 1901 186 1953 et
204 1912 264 1952 non
277 1912 341 1968 qua
356 1902 422 1952 sunt
433 1895 537 1952 Christi
545 1895 568 1930 ¹⁴
583 1916 598 1946 ιι
616 1895 756 1967 (Philipp,
776 1911 806 1963 ιι,
824 1896 880 1966 tl).
930 1895 1017 1951 dahel
1034 1896 1178 1968 quonsodo
1193 1895 1240 1952 illa
1258 1896 1414 1954 ambularit
1428 1903 1456 1954 et
1477 1898 1538 1971 ipse
1553 1898 1714 1956 ambulare.
1731 1922 1745 1949 ιι

76 2010 87 2038 ι
100 1989 222 2054 Quorum
246 1991 310 2046 linis
330 1995 373 2046 cst
390 1989 531 2057 interitus,
551 2004 672 2060 quorum
694 1989 763 2044 deus
782 1993 882 2044 venter
931 1990 1002 2047 ltem
1016 1989 1074 2045 illic
1088 2006 1095 2045 :
1108 2009 1123 2040 ιι
1136 1989 1226 2046 Nolite
1239 1990 1357 2062 diligere
1375 1991 1514 2048 mundum
1528 2006 1622 2064 neque
1636 2008 1669 2048 ca
1683 2009 1746 2066 qun

74 2087 118 2150 est,
135 2089 162 2138 44
180 2084 272 2157 gloria
291 2083 318 2138 in
340 2082 572 2139 conlusiouem¹l
589 2097 689 2138 eorum
707 2082 756 2154 qui
770 2087 883 2138 terrena
930 2083 962 2140 iu
975 2083 1083 2140 mundo
1097 2085 1173 2139 sunt.
1189 2083 1297 2155 Siquis
1315 2083 1446 2142 dilexerit
1459 2085 1611 2155 mundum,
1630 2102 1686 2142 non
1704 2091 1747 2143 est

73 2175 186 2248 sapiunt.
228 2177 331 2232 Nostra
371 2181 466 2233 antem
513 2175 688 2232 conversatio
730 2174 760 2230 in
806 2174 883 2232 colis
932 2176 1056 2234 charitas
1078 2175 1169 2233 Petris
1192 2175 1222 2231 in
1248 2175 1314 2246 illu;
1337 2177 1473 2250 quoniam
1501 2195 1588 2236 omne
1616 2179 1692 2252 qnod
1716 2181 1746 2236 iu

73 2273 109 2325 est
129 2271 193 2344 (46)
214 2271 295 2326 0004
319 2276 349 2327 44
373 2270 541 2326 salvatorem
566 2275 762 2343 exspectemus
784 2268 880 2326 Domi·
932 2269 1041 2326 mundo
1061 2273 1105 2326 est
1121 2269 1348 2342 concupiscentia
1365 2271 1460 2327 carnis
1481 2276 1534 2342 est,
1550 2277 1580 2328 et
1597 2275 1746 2346 coucupis-

74 2380 134 2418 num
150 2367 283 2419 nostrum
296 2365 393 2419 lesum
408 2363 563 2432 Christum,
578 2360 675 2436 740
688 2362 737 2434 qui
751 2361 882 2418 transfor
932 2364 1027 2420 centia
1043 2362 1201 2432 oculorum,
1215 2367 1244 2420 ei
1258 2363 1376 2420 ambitio
1394 2365 1578 2438 saeclique
1597 2382 1654 2422 non
1669 2371 1713 2424 est
1729 2386 1746 2425 a

73 2460 150 2516 mabit
175 2477 285 2535 corpus
310 2461 476 2516 humilitatis
504 2465 607 2516 nostra
634 2460 844 2516 conformatum
858 2459 883 2498 ¹⁸
932 2459 1026 2524 Patre,
1041 2456 1090 2512 sod
1111 2472 1144 2512 ex
1166 2457 1393 2529 concupiscentia
1414 2457 1554 2528 seculi·¹;
1573 2463 1604 2516 et
1622 2463 1746 2519 mundos

73 2559 176 2630 corpori
200 2559 340 2615 claritatis
364 2574 421 2614 sum
444 2579 459 2610 »
484 2559 626 2630 (Philipp,
652 2574 693 2626 ιιι,
715 2557 819 2629 itt-us).
844 2558 882 2613 lle
932 2549 1074 2621 transibit,
1091 2555 1120 2606 st
1138 2551 1368 2622 concupiscentia
1385 2551 1454 2624 ojus.
1470 2551 1523 2617 oui
1537 2555 1632 2610 autem
1648 2556 1747 2612 lecerit

76 2653 190 2725 hocipso
204 2653 245 2708 ad
256 2651 367 2708 Galatas
381 2669 388 2708 :
402 2671 416 2706 s
428 2652 495 2708 llihi
507 2657 602 2708 404444
618 2651 692 2708 absit
704 2650 819 2723 gloriari
829 2651 884 2706 uisi
913 2641 916 2650 ’
933 2645 1111 2700 voluntatem
1124 2643 1220 2712 444444,
1235 2648 1334 2700 munet
1346 2643 1441 2718 741
1461 2645 1490 2700 in
1509 2651 1660 2718 aeternum,
1674 2664 1746 2720 quo·

74 2745 100 2800 in
112 2761 191 2802 curce
207 2745 323 2802 Domini
338 2745 427 2801 nostri
441 2745 506 2802 lesu
520 2745 633 2814 Christi,
648 2761 700 2817 per
712 2761 798 2817 quem
813 2744 884 2800 mihi
933 2736 1021 2795 modo
1033 2738 1106 2794 Deus
1118 2743 1215 2793 manet
1231 2737 1261 2793 in
1281 2741 1421 2794 eternum
1438 2759 1452 2790 ιι
1471 2740 1492 2812 (l
1504 2741 1595 2805 40044,
1614 2758 1643 2811 ιι,
1658 2745 1684 2811 0,
1702 2746 1747 2798 45-

73 2842 188 2898 muudus
211 2841 366 2898 crucifixus
389 2846 442 2909 est,
467 2844 495 2898 ei
521 2857 575 2913 ego
598 2840 706 2896 mundo
732 2861 746 2892 ιι
769 2840 883 2912 (dulci,
936 2835 989 2903 17)·
1012 2833 1082 2888 lli-m
1101 2831 1132 2886 in
1151 2831 1275 2904 Epistola
1293 2831 1372 2888 Piuli
1395 2833 1431 2889 ad
1451 2833 1612 2890 Corinthios
1632 2835 1745 2907 prima:

73 2949 104 3002 ιι,
116 2937 164 3006 44).
177 2936 218 2992 lle
233 2935 408 3007 hooipsoad
421 2933 601 2990 Timotheum
615 2949 622 2988 :
635 2953 650 2984 ιι
661 2933 749 2988 Nemo
760 2932 885 2988 militaus
937 2947 951 2977 ιι
974 2927 1133 2998 Expurgate
1154 2929 1233 2981 vetus
1250 2925 1438 2995 fermentum,
1459 2932 1490 2983 ut
1508 2926 1569 2984 sitis
1586 2943 1659 2983 nora
1677 2945 1745 2985 con-

72 3031 121 3087 4400
138 3033 249 3106 obligat
275 3047 305 3088 se
329 3033 501 3088 molesfflstt
530 3029 722 3100 annularibus,
745 3033 777 3086 ιιι
800 3029 888 3102 possis
935 3019 1052 3093 sparsio,
1067 3019 1138 3076 siout
1156 3019 1224 3076 estis
1240 3019 1340 3092 azymi.
1355 3021 1426 3076 Nam
1445 3023 1473 3076 ei
1491 3022 1597 3077 Pascha
1614 3025 1746 3078 nostrum

72 3125 169 3195 placore
190 3125 217 3184 ei
242 3126 291 3181 cui
313 3141 343 3181 se
364 3125 504 3198 probavit,
527 3125 583 3182 Sed
603 3127 632 3180 ιιι
652 3123 675 3180 ι)
695 3123 847 3180 comissis
860 3123 885 3158 Ι·
936 3113 1099 3170 immolatus
1125 3119 1167 3170 est
1193 3113 1330 3170 Christos.
1363 3114 1461 3185 ltaque
1491 3114 1599 3171 iesta⁸³
1626 3117 1747 3173 celebre-

72 3219 135 3289 quis,
156 3237 215 3276 non
239 3218 435 3289 coronabitur,
456 3219 512 3274 nisi
531 3217 659 3290 legitime
678 3217 851 3290 pugnaverit
869 3237 883 3268 ιι
936 3224 1010 3276 mus,
1032 3223 1091 3264 non
1113 3207 1142 3264 in
1164 3207 1534 3281 termentorateri,ueque
1554 3209 1747 3267 informante

72 3311 101 3380 (tl
123 3315 201 3379 iim„
225 3329 259 3382 n,
282 3312 532 3384 i).1lehocipso
552 3311 589 3368 sd
605 3311 784 3370 colossenses
800 3327 807 3366 ι
823 3329 838 3360 ιι
858 3309 887 3366 si
936 3302 1051 3358 malitie
1071 3304 1101 3356 et
1118 3299 1267 3374 nequitie,
1285 3300 1334 3357 scd
1357 3301 1511 3375 lucrymis
1532 3303 1699 3361 sinceritatis
1720 3310 1749 3361 et

72 3407 166 3463 mortui
190 3407 262 3463 estis
286 3422 352 3462 cum
371 3406 483 3462 Christo
506 3406 542 3461 ab
564 3405 716 3462 elementis
736 3403 885 3473 mundio,
936 3394 1062 3453 veritatis
1076 3416 1090 3448 ιι
1105 3393 1127 3468 (l
1143 3395 1215 3460 044..
1229 3410 1256 3464 v,
1270 3398 1297 3463 7,
1311 3395 1349 3467 8).

71 3499 164 3570 004010
177 3504 318 3574 unquam
332 3499 457 3556 virentes
471 3499 499 3555 iu
515 3499 623 3556 mundo
635 3499 659 3536 ¹¹
672 3513 743 3555 sana
755 3497 885 3554 sectami-
1127 3491 1190 3545 Csr.
1206 3488 1260 3545 llil.
1274 3517 1309 3530 -
1322 3491 1382 3549 Non
1393 3488 1555 3559 iurandum.

69 3593 94 3648 ui
105 3615 119 3645 4
132 3595 261 3662 (coloss,
276 3611 307 3662 ιι,
321 3593 388 3665 toli
402 3595 471 3649 item
487 3593 522 3648 da
536 3594 590 3649 4ιο0
604 3594 665 3664 ipso
681 3609 687 3649 :
701 3613 716 3642 ιι
728 3593 757 3649 Si
769 3607 886 3648 consur·
971 3583 1051 3656 hpdd
1067 3583 1244 3640 Salomonem
1255 3584 1279 3619 ⁸⁸
1295 3598 1303 3637 ι
1322 3601 1336 3632 ιι
1352 3582 1401 3638 Vir
1419 3584 1542 3640 mullum
1557 3585 1657 3656 jurans
1670 3585 1695 3624 ⁸⁶
1707 3601 1750 3643 rc·

70 3687 209 3744 rexistis⁸¹
230 3704 301 3744 cum
320 3687 522 3758 Christoque
542 3691 738 3742 sursumsunt
755 3685 885 3758 quarite,
935 3677 1060 3751 plebitur
1083 3675 1242 3749 iniquitute,
1264 3679 1293 3732 et
1315 3693 1372 3732 uon
1395 3676 1521 3734 discedet
1542 3695 1558 3734 a
1580 3681 1666 3736 domo
1688 3681 1749 3752 ejus

70 3779 111 3836 ubi
131 3782 262 3838 Christus
283 3786 325 3838 est
343 3781 374 3836 in
397 3780 516 3836 dextera
539 3779 587 3837 llei
606 3780 723 3848 sedem:
744 3795 806 3850 quie
826 3793 886 3833 sur
935 3772 1036 3844 plaga:
1050 3777 1079 3828 et
1090 3770 1112 3826 si
1123 3787 1194 3826 rane
1199 3770 1349 3842 juraverit,
1359 3771 1658 3843 nonjustilicabitur⁸⁶
1669 3773 1725 3847 (47)
1733 3795 1747 3826 ιι

70 3889 124 3930 sum
143 3881 212 3932 sont
230 3875 333 3948 sapite,
355 3891 412 3930 non
433 3890 497 3946 qssa
517 3878 631 3930 terrena
654 3873 765 3928 sunt⁸¹.
786 3871 886 3928 llortui
937 3867 1040 3934 404044,
1064 3880 1141 3935 xxm,
1166 3867 1221 3921 44.
1245 3865 1283 3920 444
1304 3864 1359 3920 hoc
1379 3865 1441 3938 ipso
1467 3871 1528 3922 cata
1551 3867 1714 3922 lllatthaeum
1738 3885 1745 3924 :

71 3967 138 4024 enim
168 3971 256 4039 estis,
286 3971 315 4024 et
342 3967 400 4024 sim
426 3971 517 4024 vestm
548 3965 713 4023 abscondita
744 3971 788 4022 est
818 3981 884 4022 eum
937 3981 951 4012 ιι
971 3963 1076 4016 lterum
1097 3957 1215 4014 audistis
1239 3959 1292 4028 llil)
1315 3959 1382 4031 quia
1404 3958 1511 4016 dictum
1534 3959 1746 4034 estantiquis:

755 4111 861 4180 Variae
889 4111 1060 4176 lectiones.

96 4241 114 4278 ¹⁸
124 4243 217 4310 Empti
231 4244 299 4296 estis
313 4255 415 4310 magno
441 4241 513 4296 hum.
526 4241 590 4295 liud.
601 4242 627 4304 2,
641 4245 664 4294 4.
678 4240 734 4298 Nc.
748 4245 771 4294 4.
805 4239 825 4278 ¹²
837 4241 960 4306 Tempus
972 4238 1049 4289 enlm
1061 4235 1145 4288 breve
1162 4241 1205 4288 est
1219 4236 1287 4289 4004.
1308 4237 1363 4293 lic.
1377 4239 1401 4290 l.
1415 4233 1479 4288 llud.
1495 4236 1520 4287 2.
1539 4235 1607 4287 0044.
1629 4235 1746 4290 Collec-

71 4315 296 4380 tum;raliquum
310 4313 375 4366 dod.
392 4314 417 4365 9.
436 4313 576 4368 hum-Nil.
641 4307 1182 4379 4’(20444404,00404004441404444404.
1204 4311 1262 4362 Liss.
1287 4309 1350 4362 uod.
1377 4309 1399 4372 l,
1424 4309 1449 4372 4,
1473 4308 1498 4370 3,
1524 4309 1547 4360 4.
1586 4306 1648 4360 l'lsss.
1673 4305 1749 4364 corb.

71 4383 221 4437 ducuntur
234 4387 269 4437 04
287 4385 341 4438 hoc
353 4385 457 4437 mundo
473 4385 541 4436 0044.
574 4381 1012 4448 'Qussinonshuunturusm
1030 4377 1082 4430 Nc.
1099 4381 1122 4430 4.
1138 4379 1226 4432 uodo.
1259 4381 1280 4416 ¹¹
1293 4382 1334 4433 De
1350 4379 1532 4433 ismaelimo
1548 4378 1609 4430 uod.
1626 4379 1651 4442 4,
1664 4381 1689 4431 4.
1707 4381 1748 4432 De

67 4453 126 4506 liuso
142 4455 217 4506 0044.
231 4457 274 4507 De
287 4455 355 4508 limo
370 4459 506 4507 terrenus.
557 4455 578 4486 ¹¹
590 4453 668 4506 leo
683 4455 806 4507 cmlestis
819 4455 886 4505 0044.
937 4449 959 4486 2⁸
972 4450 1076 4503 Omnes
1095 4451 1172 4502 enlm
1186 4453 1259 4504 hom.
1274 4450 1328 4508 NG.
1342 4453 1365 4503 4.
1384 4451 1454 4515 Quas
1468 4452 1601 4501 sursunt
1616 4454 1748 4518 querunt

68 4524 124 4574 4400.
135 4526 158 4575 4.
170 4525 241 4576 0044.
306 4525 329 4561 ¹⁸
348 4527 417 4578 ltem
440 4526 498 4576 illio
512 4541 518 4576 :
534 4524 612 4577 hiultl
627 4525 782 4588 ambulant,
799 4537 870 4592 quos
883 4537 958 4588 serpe
973 4519 1101 4572 dicabam
1116 4522 1207 4584 vobis,
1218 4535 1295 4574 nunc
1312 4525 1405 4574 autem
1418 4525 1446 4573 et
1457 4520 1527 4573 tiens
1539 4519 1613 4583 dlco,
1639 4520 1747 4573 lnimloi

69 4601 128 4646 sunt
141 4598 238 4648 crocle
255 4596 359 4649 Christi
376 4595 443 4646 Coit.
458 4599 480 4630 ¹⁵
493 4595 525 4646 In
537 4597 700 4649 contusione
715 4597 779 4650 Thu.
800 4597 831 4647 ln
844 4594 982 4660 pudendis
994 4591 1058 4644 liod.
1076 4594 1088 4644 4
1139 4591 1160 4627 ¹⁸
1173 4592 1385 4658 Conflguratum
1400 4590 1463 4643 Bod.
1479 4591 1503 4642 3.
1516 4590 1561 4642 Ad
1573 4589 1748 4642 coniormem

70 4667 130 4716 0044.
164 4665 510 4735 nlmplloatsenogotiis
523 4667 579 4719 440.
592 4667 616 4718 4.
632 4667 699 4718 0044.
732 4665 1144 4730 ”Certamrltlnagoneiom
1160 4663 1224 4716 isod.
1240 4661 1333 4716 alic.
1356 4665 1379 4713 4.
1403 4662 1474 4713 coti.
1507 4660 1633 4725 'Holus
1647 4659 1748 4712 mundi

69 4735 256 4791 00444004.
290 4737 312 4774 ¹⁰
329 4737 404 4802 Quid
418 4737 593 4790 adhucCott.
643 4739 718 4791 ¹¹De
732 4739 787 4790 hoc
809 4737 913 4788 mundo
926 4737 1076 4790 decernitis
1089 4737 1158 4786 0044.
1209 4735 1229 4768 ¹¹
1251 4733 1455 4784 Resurrsxlstls
1478 4731 1589 4784 Christo
1602 4733 1666 4784 Bsd.
1683 4733 1708 4783 4.
1721 4734 1746 4785 4.

69 4807 286 4865 consurrexistis
297 4811 408 4865 Christo
424 4813 496 4862 Lam.
529 4814 550 4845 ³¹
565 4812 625 4864 Non
638 4823 702 4876 ques
716 4814 912 4875 superterram
935 4809 1004 4860 0044.
1051 4805 1222 4866 “Deponite
1235 4801 1313 4855 coro.
1341 4803 1502 4868 Expurgate
1517 4804 1663 4868 pristinam
1677 4815 1749 4854 con-

45 4885 249 4936 .rersationem
259 4885 327 4936 0444.
404 4887 425 4918 ¹⁵
439 4883 582 4936 Desideria
600 4883 700 4934 enoris
716 4883 783 4933 0044.
802 4882 985 4934 Renovamiui
1000 4880 1145 4933 hominem
1162 4877 1232 4927 0044.
1297 4875 1484 4926 ³‘Hominem
1499 4875 1548 4940 qul
1565 4875 1628 4926 Bod.
1645 4875 1670 4925 ³.
1686 4874 1747 4924 Thu.

70 4947 205 5006 ’Crestus
219 4955 302 5006 estin
313 4955 421 5018 justitia
434 4953 502 5004 0044.
569 4953 589 4990 ³⁸
603 4951 853 5006 conversationem
868 4953 1010 5006 habentes
1022 4954 1096 5005 iuter
1108 4947 1226 5014 gentiles
1242 4947 1312 4997 tom.
1327 4947 1384 4997 tiss.
1398 4945 1453 4999 iic.
1471 4948 1523 5003 4.4.
1543 4945 1607 4996 dod.
1623 4945 1650 5004 4,
1675 4945 1700 5008 3,
1721 4945 1747 4996 4.

69 5023 132 5075 0044.
165 5025 185 5062 ¹⁸
199 5024 470 5078 Tractantdevobis
486 5025 554 5075 0044.
569 5023 788 5078 Detrectandum
806 5024 886 5076 vohis
900 5027 999 5089 potant
1014 5023 1075 5074 000.
1094 5024 1116 5072 4.
1149 5017 1226 5070 ⁴⁰De
1240 5018 1468 5070 malefactoribus
1482 5017 1551 5068 0044.
1600 5015 1750 5068 “Concu—

69 5095 451 5162 piscentiaejnsetmundus
466 5095 601 5148 tumim.
615 5096 733 5162 NCM·
767 5097 788 5130 ⁴¹
804 5097 953 5150 Perrecerit
967 5095 1140 5145 voluntatem
1156 5089 1225 5140 0044.
1259 5090 1389 5154 ”ltaque
1403 5087 1479 5140 diem
1494 5089 1597 5142 festum
1609 5088 1749 5140 4000440.

68 5167 89 5214 l.
105 5167 204 5220 00441.
240 5165 606 5220 “Salomonemtiultum
619 5168 683 5219 liud.
701 5169 724 5230 4,
737 5168 762 5230 3,
778 5169 801 5218 4.
820 5167 879 5220 ilis.
913 5167 935 5202 ⁶⁵
946 5166 1111 5232 implebitur
1127 5163 1198 5213 tom.
1212 5161 1270 5212 440.
1284 5161 1375 5213 Nat.
1396 5159 1464 5211 0044.
1497 5159 1614 5212 “osum
1644 5159 1750 5210 addit:

69 5233 132 5290 litai
146 5239 254 5291 trustra
263 5240 407 5304 juraverit,
420 5238 572 5306 dupliciter
584 5241 718 5305 punietur

714 5355 828 5443 Steph.
851 5353 976 5423 Baluzii
998 5359 1097 5421 notae.

96 5473 144 5540 (40)
170 5476 275 5531 Nostro
302 5479 475 5534 mousrsotio.
507 5475 580 5533 Vide
607 5477 758 5534 Frontonis
785 5475 883 5532 Ducasl
936 5481 978 5529 est
999 5491 1031 5530 oa
1053 5477 1152 5529 deesse
1173 5475 1202 5526 in
1226 5473 1378 5539 impressis,
1395 5471 1505 5526 exstant
1525 5485 1590 5525 vero
1611 5469 1640 5524 ln
1660 5471 1750 5539 capite

69 5553 143 5602 nous
163 5551 198 5601 ad
225 5549 383 5604 Homellsm
400 5564 470 5605 xuvr
491 5551 684 5618 chrysostoml
708 5553 736 5604 iu
758 5531 1010 5604 sauctumexru
1023 5547 1086 5600 libri
1103 5545 1305 5608 Ecclesiastlcl,
1320 5545 1369 5598 sed
1386 5545 1448 5597 alils
1460 5545 1560 5597 serbis.

69 5617 217 5672 lulianum·
228 5618 386 5688 Martyrum.
968 5621 1017 5685 (48)
1042 5619 1141 5671 iterum
1164 5618 1288 5669 audistis.
1315 5617 1370 5668 lata
1393 5630 1483 5683 usque
1504 5617 1539 5668 ad
1560 5617 1599 5668 Da
1622 5615 1668 5666 hoo
1692 5614 1749 5678 ipso

97 5692 145 5755 llll
167 5691 242 5745 Csr.
268 5689 329 5746 xil.
355 5721 387 5734 -
409 5693 468 5748 Nun
484 5693 687 5760 justificabitur.
711 5693 804 5747 iiditlo
828 5695 883 5746 An·
936 5691 1028 5745 addita
1041 5695 1108 5744 sunt
1128 5703 1162 5742 ox
1181 5687 1276 5742 codice
1291 5687 1417 5740 Lemouii
1439 5692 1468 5742 et
1488 5703 1523 5742 ex
1545 5685 1747 5754 Gratianopoli-

69 5761 173 5826 glicsna
196 5763 276 5816 sddlt
294 5777 329 5818 ex
348 5765 468 5832 quodam
489 5767 576 5820 reteri
597 5767 677 5830 libro,
689 5774 717 5818 ut
741 5768 765 5818 si
783 5765 885 5829 frustra
936 5769 1010 5817 tuno.

65 5833 212 5902 jurossrit,
226 5833 370 5904 dupliciter
382 5839 518 5906 poetatur.
536 5837 597 5891 44440
610 5842 703 5890 eutem
721 5840 886 5894 annotatum
