3978 6204
99 229 139 281 illl
762 227 865 286 liduit
885 227 929 286 DE
947 227 1071 284 inens.
1708 231 1759 284 592

9 375 10 428 i
98 365 180 404 amam
194 365 273 404 suam
286 349 352 421 (89),
368 349 463 424 inqua
479 351 592 406 Domini
613 354 742 406 sanctum
762 350 817 422 (99)
831 351 894 419 iuii,
906 330 1074 438 Aloernni.
1090 352 1124 406 st
1134 351 1182 408 ifle
1196 353 1332 423 professio
1352 354 1518 425 denegantis
1534 354 1701 410 contestatio
1716 357 1760 408 εει

9 507 10 520 ¹
96 440 216 497 manibus
242 435 368 513 indignis
387 444 410 479 ⁹¹
433 443 489 516 (91)
517 448 655 501 tentasset
681 445 801 515 aperire,
830 434 905 515 igne'
945 443 1099 502 Christiani
1130 444 1207 516 quod
1239 445 1333 501 inerat
1354 447 1378 482 ⁹⁰
1398 446 1557 504 abnuentis.
1588 445 1696 502 Fecisse
1728 463 1758 502 se

9 527 10 562 l
96 535 153 590 inde
164 540 299 606 surgente
315 535 449 592 deterrita
463 541 507 593 est
518 553 554 593 ne
567 537 684 594 auderet
696 538 847 610 attingere.
864 539 898 594 Et
946 537 1016 594 dixit
1042 537 1181 610 quidquid
1206 537 1277 593 elius
1302 539 1430 596 iaciendo
1453 539 1605 596 commisit.
1631 541 1759 612 Cumque

96 627 203 698 quidam
217 627 290 682 alius
308 627 344 696 ⁹¹,
356 629 424 702 qnia
437 635 464 686 ei
480 630 540 700 ipse
556 630 710 686 maculatus
725 629 862 686 sacrillcio
880 646 897 686 a
945 631 1084 701 scriptum
1109 630 1157 700 sit,
1179 633 1240 689 lton
1259 634 1370 702 potestis
1395 632 1497 690 dnobus
1524 634 1638 689 domitis
1659 635 1760 690 seruire

94 720 228 776 sacerdote
249 721 390 777 celebrato
411 726 522 794 partem
544 739 611 778 enus
633 722 742 780 caeteris
763 723 788 759 ⁹³
812 740 897 779 ausus
948 725 1071 794 (diutile,
1087 739 1125 792 rr,
1144 722 1201 793 24),
1223 723 1336 779 servivit
1357 725 1483 780 seculari
1503 725 1621 782 domino
1638 726 1688 798 qui
1707 726 1757 782 ob-

9 877 10 900 *
93 818 128 869 cst
148 814 270 870 latenter
292 814 431 888 accipere,
456 817 588 872 mucium
615 816 728 872 Domini
755 817 842 872 edere
869 822 898 873 et
946 817 1117 888 temperavit
1139 817 1201 887 ejus
1225 816 1335 887 edicto;
1357 817 1452 888 magis
1473 817 1614 874 obaudivit
1633 820 1758 875 humano

93 911 258 964 mnuectare
281 923 339 964 non
361 909 463 979 potuit,
488 909 614 966 cinerem
638 909 712 966 ieme
736 926 766 966 se
792 911 898 982 apertis
946 909 1069 982 imperio
1083 925 1169 984 quam
1185 910 1253 966 lieo.
1271 909 1377 965 Viderit
1390 925 1428 964 an
1441 909 1553 965 minore
1566 912 1610 966 vel
1623 911 1759 968 dedecore

92 998 215 1054 manibus
227 999 345 1056 invenit.
355 1001 449 1076 487
464 1003 639 1058 Documento
652 1003 736 1058 unius
749 1008 897 1059 ostensum
947 1002 991 1058 vel
999 1001 1120 1057 crimine
1129 1003 1205 1073 apud
1216 1001 1347 1058 homiues
1357 1002 1543 1074 publicaverit
1551 1003 1626 1074 quod
1635 1003 1758 1060 admisit.

92 1096 127 1148 est
140 1092 292 1149 hominum
307 1095 439 1151 recedere
451 1110 517 1152 cum
531 1097 664 1167 negetur,
676 1111 728 1150 nec
740 1096 896 1152 immeren-
947 1097 1034 1150 licum
1051 1098 1146 1150 tamen
1156 1094 1283 1166 judicem
1297 1096 1399 1166 ingere
1414 1095 1470 1166 (96)
1489 1100 1518 1150 et
1530 1095 1616 1152 vitare
1634 1111 1692 1151 non
1708 1112 1759 1167 po·

9 1213 10 1236 r
92 1185 158 1240 tibus
177 1185 215 1240 ad
238 1187 361 1243 salutem
382 1187 515 1259 prodesse
535 1188 613 1260 quod
631 1189 762 1256 sumitur,
783 1189 897 1261 quando
947 1188 1023 1256 terit,
1040 1203 1104 1244 cum
1121 1187 1196 1244 dicat
1209 1187 1330 1260 Spiritus
1344 1193 1458 1244 sanctus
1474 1188 1503 1244 in
1521 1189 1638 1244 Psalmis
1657 1205 1665 1244 ι
1683 1188 1761 1256 Quod

9 1265 10 1268 ¹
92 1280 174 1350 gratia
191 1280 324 1336 salutaris
345 1281 373 1336 in
389 1281 515 1337 dnerem
533 1281 682 1337 sanctitate
698 1280 826 1352 fugiente
841 1281 897 1352 (92)
947 1283 1184 1351 estimpersectnm
1197 1296 1283 1336 meum
1304 1281 1434 1336 viderant
1448 1283 1520 1338 oculi
1533 1285 1585 1350 tui,
1599 1287 1624 1336 ct
1643 1284 1673 1336 in
1693 1282 1761 1338 libro

91 1375 218 1426 mutatur.
234 1373 325 1437 Quam
339 1374 423 1429 multi
441 1374 569 1446 quotidie
588 1374 824 1445 “penitentiam
840 1391 898 1430 non
949 1380 994 1430 tuo
1010 1389 1099 1429 omnes
1110 1374 1261 1430 scribentur
1274 1374 1361 1444 (Psoi.
1378 1389 1507 1443 cxxxvur,
1523 1375 1575 1446 16).
1588 1376 1623 1430 Ει
1634 1375 1739 1430 iterum
1755 1391 1762 1428 :

9 1449 10 1540 i
91 1470 215 1536 agentes,
244 1481 297 1521 nec
325 1465 423 1522 delicti
454 1468 497 1522 sni
527 1467 730 1523 conscientiam
758 1466 897 1523 confiteu-
947 1469 1031 1524 Homo
1048 1467 1122 1522 uidet
1141 1469 1171 1521 in
1188 1468 1270 1534 socie
1286 1466 1383 1540 488
1405 1471 1474 1524 Deru
1492 1473 1583 1524 cutem
1599 1471 1628 1522 ιιι
1647 1469 1759 1524 εοιειειτ

9 1547 10 1550 “
93 1561 128 1613 ies
148 1558 213 1630 (93),
236 1559 395 1615 immundis
417 1560 563 1632 spiritibus
588 1560 791 1632 adimplentur,
812 1577 899 1632 quam
950 1559 969 1628 (1
980 1561 1057 1628 Περ,
1070 1576 1125 1628 ιιι,
1136 1557 1175 1630 7).
1188 1561 1250 1630 lpse
1264 1575 1379 1632 quoque
1393 1560 1533 1616 Dominus
1546 1564 1721 1634 premoneat
1732 1564 1762 1616 ei

9 1683 10 1686 =
94 1655 468 1728 nulliusqueadinsanism
483 1658 586 1714 mentis
600 1659 732 1714 excordes
746 1658 900 1714 dementiae
949 1652 1214 1724 prestruatdicens
1230 1669 1237 1706 ι
1252 1654 1384 1708 discent
1401 1669 1490 1709 onnes
1507 1655 1761 1724 ecclesiecdicus

9 1743 10 1812 ζ
93 1748 178 1802 lurore
198 1749 392 1820 quatiuntur?
409 1751 463 1806 Nec
483 1766 597 1806 neccsse
618 1755 660 1806 est
678 1751 719 1806 ire
741 1767 793 1822 per
811 1727 1006 1806 exitussssom
1026 1750 1161 1801 scrutator
1174 1748 1248 1801 rcnis
1262 1751 1287 1800 et
1301 1746 1388 1802 cordis
1404 1747 1511 1818 (ripen,
1529 1763 1558 1815 u,
1579 1749 1637 1818 23).
1656 1749 1763 1818 Perspi-

93 1841 272 1912 singulorum‚
287 1843 356 1898 dum
367 1859 421 1916 pur
435 1843 512 1899 orbiu
525 1843 716 1900 multiformes
728 1845 825 1899 ruinas
839 1849 900 1899 ium
949 1839 987 1895 cit
1001 1829 1049 1894 ille
1064 1838 1170 1908 abdite,
1183 1843 1211 1893 et
1230 1843 1338 1894 secrete
1356 1843 1443 1910 atque
1463 1840 1572 1894 occulta
1591 1839 1761 1898 considerat.

9 1919 10 2010 ζ
94 1933 252 1990 delictorum
278 1951 364 2006 poena
390 1935 426 1992 sii
452 1937 530 1991 vana
554 1953 640 2010 quam
669 1936 899 2009 delinquentium
948 1933 1004 1988 Nec
1028 1932 1077 1988 uei
1103 1932 1198 1986 oculos
1221 1935 1316 2003 potest
1340 1931 1441 2003 aliquis
1467 1933 1588 1990 evadere
1611 1932 1761 1988 dicentis:

94 2026 239 2083 multitudo
259 2044 425 2084 numerosa.
442 2029 642 2103 Unusquisque
655 2029 826 2098 consideret,
841 2046 899 2084 non
948 2029 1004 2094 lico
1017 2029 1085 2081 Deru
1099 2028 1306 2096 opprocimons,
1319 2029 1345 2081 at
1358 2041 1412 2080 nnn
1429 2028 1499 2081 Dens
1515 2025 1548 2080 de
1562 2027 1716 2098 lonqinquo.
1731 2029 1762 2084 Si

93 2119 149 2189 quid
167 2121 242 2177 alius
257 2138 358 2194 passus
378 2123 424 2190 sit,
443 2122 490 2178 sed
507 2121 576 2194 quid
593 2123 650 2194 pati
668 2128 696 2178 et
716 2123 776 2193 ipse
790 2137 898 2177 merea-
948 2117 1120 2174 absconditus
1150 2119 1235 2186 inerit
1263 2116 1340 2173 domo
1366 2121 1395 2172 in
1424 2119 1589 2174 absconditis
1617 2120 1689 2192 (97),
1716 2136 1763 2190 eqo

9 2255 10 2258 ι
92 2219 140 2268 tur.
161 2215 216 2270 Nec
238 2215 363 2271 evasisse
382 2231 410 2271 se
430 2215 540 2284 credat,
556 2216 579 2270 si
593 2231 660 2272 aum
681 2215 797 2272 interim
814 2231 899 2286 poena
948 2226 1009 2281 erqo
1029 2227 1084 2266 non
1100 2211 1193 2266 uidebo
1211 2227 1271 2266 eum
1289 2211 1333 2266 ⁹⁰?
1346 2213 1438 2270 Nonne
1451 2213 1546 2268 ceiam
1559 2218 1586 2268 et
1601 2218 1702 2268 ternum
1714 2229 1761 2282 epo

9 2305 10 2316 ¹
92 2305 232 2376 distulerit,
250 2323 319 2364 cum
337 2309 440 2364 ιιιιιειε
459 2309 521 2380 plns
539 2308 643 2364 debeat
662 2325 749 2380 quam
769 2307 823 2364 sibi
842 2307 897 2379 (iil)
947 2305 1045 2374 impleo
1061 2303 1117 2374 (98)
1139 2304 1257 2375 (ierem,
1274 2319 1351 2372 xxur,
1373 2303 1440 2374 23)ι
1460 2305 1542 2359 Videt
1562 2304 1609 2360 illc
1628 2305 1714 2361 corda
1733 2311 1762 2362 et

93 2399 136 2454 Dei
143 2399 244 2471 judicis
261 2401 304 2456 im
315 2402 371 2473 (95)
385 2402 506 2457 servavit
519 2403 551 2456 a„
947 2403 1063 2468 pectora
1077 2397 1265 2468 alumnorum,
1281 2402 1309 2450 ct
1317 2396 1497 2467 judicaturus
1511 2400 1563 2465 est,
1579 2414 1636 2453 non
1649 2403 1760 2456 tanturn

9 2475 10 2480 ’
123 2493 218 2550 χχιιι),
248 2495 306 2549 Nec
333 2493 388 2550 sibi
414 2494 567 2567 quominus
591 2497 678 2566 agant
700 2493 898 2566 paenitentiam
948 2491 983 2546 de
997 2490 1087 2560 iactis,
1100 2489 1150 2544 sed
1166 2493 1195 2544 et
1207 2489 1243 2544 de
1255 2488 1348 2544 verbis
1361 2495 1389 2546 ei
1402 2489 1436 2544 de
1456 2489 1676 2560 cogitationibus
1697 2509 1758 2548 nos-

93 2583 272 2643 hlandiantur
290 2586 338 2659 qui
352 2587 403 2643 elsi
419 2587 551 2643 nefandis
565 2587 707 2644 sacrificiis
724 2603 829 2642 manus
840 2604 897 2643 non
948 2584 1008 2652 tris,
1026 2582 1154 2638 omniurn
1173 2585 1284 2636 mentes
1303 2581 1518 2654 voluntatesque
1535 2587 1685 2655 conceptas
1706 2587 1760 2657 (99)

94 2680 365 2748 mmmmm,
384 2680 489 2736 pjbgffis
507 2684 602 2736 tamen
622 2681 822 2738 conscientium
840 2681 899 2752 pul·
947 2677 978 2731 in
992 2675 1059 2748 ipsis
1072 2675 1165 2732 adhuc
1178 2675 1265 2730 clausi
1277 2674 1401 2746 pectoris
1412 2675 1531 2731 latebris
1544 2676 1681 2733 intuetur.

773 2821 878 2887 Variae
899 2821 1067 2885 lectiones.

117 2947 389 3012 91Ιιιειιιιιιιιιιιιιειιι.
409 2947 478 3000 Voss.
499 2949 523 3000 2.
557 2950 711 3002 ”Etcum
731 2949 803 3000 allus
828 2947 891 3000 liod.
910 2948 934 2997 t.
967 2945 1116 2998 ⁹³Caeterls
1137 2945 1340 3011 accipientibus
1356 2946 1424 2995 Pem.
1449 2943 1516 2994 Voss.
1536 2945 1560 2994 2.
1594 2945 1615 2979 ⁹⁴
1630 2946 1760 3010 Quotidie

94 3017 217 3069 immundi
232 3019 311 3082 Bod,
325 3021 348 3081 l,
361 3019 386 3082 2,
398 3019 424 3083 3,
438 3022 462 3072 i.
477 3021 547 3084 Spin.
581 3021 602 3055 ⁹⁵
613 3020 655 3071 lra
668 3021 719 3071 Dei
739 3020 891 3071 reservavit
908 3018 985 3076 lind„
1001 3020 1023 3078 ι,
1036 3018 1061 3079 2,
1075 3018 1100 3079 3,
1119 3018 1143 3068 ι.
1161 3018 1231 3067 dom.
1248 3016 1324 3067 libor.
1345 3017 1400 3065 din.
1421 3016 1476 3067 ΝΟ.
1492 3015 1515 3076 1,
1534 3013 1659 3066 Censura
1681 3017 1758 3067 (ison

95 3085 112 3118 ⁵⁸
123 3085 198 3150 Quod
211 3101 279 3142 eum
292 3089 384 3141 iuerat
395 3091 468 3142 inm.
501 3088 523 3124 ⁹⁷
538 3091 569 3140 ln
583 3103 640 3142 cor.
659 3089 714 3140 Ver.
728 3091 787 3140 Ben.
821 3087 842 3123 ³⁸
856 3089 916 3140 Non
929 3086 1028 3140 videbo
1046 3089 1132 3138 cumi
1145 3086 1227 3139 Videt
1240 3087 1286 3138 llle
1303 3087 1362 3137 den.
1378 3087 1448 3136 inm.
1464 3085 1541 3137 Ebur.
1558 3087 1623 3149 Nn,
1634 3089 1656 3138 i.

727 3215 839 3299 Steph.
868 3213 991 3280 Baluzii
1013 3219 1112 3280 notae.

120 3343 165 3400 189)
186 3343 284 3393 Aream
305 3355 391 3394 mom.
414 3343 614 3408 Hospinianus
630 3345 677 3395 lib.
693 3357 722 3406 ιι,
744 3357 805 3408 cap.
826 3344 852 3405 s,
865 3342 1037 3430 dectertiae
1061 3341 1164 3405 Pelagii
1190 3341 1213 3390 ll
1239 3339 1272 3391 sd
1299 3342 1443 3405 episcopos
1467 3340 1564 3404 latrias,
1586 3341 1635 3392 nbi
1660 3343 1760 3408 legitur

96 3412 218 3477 Templis,
232 3413 355 3466 efferens
369 3413 446 3466 hunc
459 3414 553 3465 locum
569 3415 657 3466 sancti
671 3413 811 3479 Cypriani,
827 3414 900 3463 mul·
949 3414 1087 3464 sanctitate
1108 3417 1238 3462 secante.
1261 3411 1313 3462 Pro
1336 3425 1392 3477 qno
1413 3411 1592 3464 scribendum
1621 3425 1681 3464 esse
1700 3427 1761 3465 scr-

96 3485 146 3533 tum
169 3483 295 3550 disputat
318 3484 467 3536 adversum
488 3498 548 3548 nos,
573 3487 719 3550 propterea
743 3483 818 3549 quod
842 3483 899 3534 ltu-
949 3484 1023 3533 novit
1039 3482 1121 3533 docet
1132 3485 1213 3532 vetus
1227 3481 1318 3532 codex
1330 3494 1430 3546 exque
1445 3480 1491 3532 illa
1503 3482 1578 3533 edita
1592 3487 1643 3535 est.
1654 3483 1761 3536 ibidem

96 3553 241 3608 munnam
265 3555 462 3608 concludimus
486 3558 513 3608 in
531 3569 595 3608 arca
616 3559 678 3608 slve
694 3556 776 3607 theca
789 3554 834 3606 vel
852 3567 900 3604 ar·
949 3553 1034 3617 paulo
1058 3555 1122 3604 aute
1143 3550 1269 3603 addenda
1291 3555 1357 3602 sunt
1376 3551 1428 3602 tria
1451 3551 1586 3603 vocabula
1605 3567 1668 3618 ques
1686 3557 1763 3606 exci-

97 3627 181 3688 mario,
207 3632 236 3678 et
264 3628 305 3677 alt
331 3626 441 3678 nullum
469 3626 504 3678 de
532 3625 701 3678 includenda
725 3624 901 3676 Eucharistie
949 3624 1052 3674 derunt
1073 3623 1161 3674 veteri
1183 3620 1304 3673 librario.
1320 3621 1481 3685 Legendum
1503 3622 1606 3685 igitur:
1623 3624 1705 3687 «Qui
1726 3626 1760 3677 de

97 3696 248 3747 mandatum
263 3699 374 3748 exstare
387 3699 431 3747 vel
447 3696 548 3749 Christi
562 3698 606 3748 vel
617 3697 813 3762 apostolorum.
830 3696 900 3745 qu-
950 3695 1075 3746 iterando
1089 3693 1256 3759 baptismate
1272 3694 1429 3756 scripserat,
1447 3695 1476 3744 in
1493 3695 1601 3747 unitate
1621 3696 1760 3750 catholica

97 3765 169 3816 tillim
195 3761 321 3832 proiecto
349 3768 450 3832 scripta
480 3767 527 3818 illa
554 3773 620 3818 anni
650 3768 686 3818 ab
717 3767 898 3831 Hosplnisno.
950 3767 1113 3817 deiunctum
1136 3765 1315 3830 perhibuit»
1335 3767 1375 3816 lta
1393 3766 1566 3830 Augustinus
1587 3767 1616 3816 in
1639 3767 1710 3821 libro
1730 3770 1762 3822 de

98 3835 156 3886 Nam
168 3851 218 3889 nos
230 3838 260 3888 id
282 3837 363 3888 iacile
377 3837 567 3890 concedimus.
584 3838 615 3888 ln
629 3837 677 3888 illa
698 3837 832 3890 Ecclesia
845 3849 900 3886 no·
949 3839 1026 3888 unico
1040 3838 1183 3901 deprimo,
1193 3850 1253 3900 cap.
1272 3835 1310 3886 12.

97 3907 256 3970 vitriacum
279 3909 327 3960 illa
347 3911 420 3961 inter
442 3912 634 3974 persecutores
654 3921 720 3960 snos
737 3908 858 3972 degeret,
873 3912 900 3958 et
981 3909 1029 3972 (93)
1058 3907 1243 3960 Paenitentiam
1266 3919 1322 3958 non
1349 3911 1482 3971 agentes...
1514 3906 1672 3970 condientes.
1705 3911 1760 3962 lata

98 3975 123 4026 in
146 3979 254 4030 occulto
282 3979 433 4032 Christiani
455 3985 618 4045 peragerent
641 3978 735 4030 divina
759 3978 898 4043 mysteria,
950 3981 1070 4043 primum
1089 3991 1226 4030 emersere
1244 3991 1261 4030 e
1283 3977 1760 4043 typographialtanutii.1nveniln

97 4047 165 4099 locus
176 4063 232 4101 non
248 4054 308 4102 erat
320 4054 397 4102 tutus
412 4056 440 4102 et
452 4055 545 4102 certus
565 4052 592 4100 in
612 4063 668 4114 quo
685 4049 816 4101 concludi
835 4062 899 4112 pos·
950 4050 1037 4101 trihus
1050 4051 1173 4114 antiquis
1191 4049 1343 4100 codicibus.
1368 4049 1474 4100 Desunt
1492 4051 1585 4099 autem
1606 4050 1636 4099 in
1657 4050 1759 4102 sexde-

98 4121 133 4167 sct
155 4119 338 4172 Eucharistle.
364 4120 461 4186 ltaque
486 4119 706 4172 distribuebatur
728 4118 859 4170 fidelibus
884 4133 900 4169 a
950 4121 1005 4172 cim
1018 4121 1085 4172 etin
1100 4119 1221 4171 editione
1235 4120 1361 4172 Morellii.

98 4189 227 4254 ministris,
252 4196 280 4243 et
308 4193 502 4256 unusquisque
524 4197 630 4255 partem
651 4203 729 4242 sunm
758 4188 901 4241 deserebat
980 4193 1029 4254 (9ι)
1051 4191 1133 4252 Quom
1152 4190 1210 4242 sibi.
1230 4193 1319 4243 Antea
1339 4192 1367 4241 in
1389 4188 1520 4242 omnibus
1544 4189 1712 4242 editionibus
1733 4198 1761 4244 et

99 4259 199 4311 domum
214 4265 244 4312 ut
257 4261 483 4312 communionem
498 4264 645 4325 acciperet.
659 4263 697 4311 Αι
711 4265 815 4324 postca,
834 4273 899 4310 cum
950 4262 978 4313 in
1003 4262 1133 4313 omnibns
1152 4263 1208 4313 iere
1231 4262 1378 4314 codicibus
1401 4261 1597 4324 manuscriptis
1617 4261 1761 4327 legebatur

100 4335 162 4382 totus
188 4333 263 4384 orbis
291 4334 381 4384 iactus
408 4333 506 4384 inisset
532 4331 717 4392 Christianus,
745 4331 848 4382 decens
874 4333 901 4380 ei
950 4347 1035 4398 quem.
1068 4333 1162 4384 Facile
1194 4338 1253 4384 erat
1286 4333 1445 4384 existimare
1476 4331 1666 4396 reponendum
1700 4347 1761 4387 esse

99 4413 244 4467 congruens
261 4405 353 4454 visum
375 4405 418 4454 eet
434 4404 462 4454 in
483 4403 547 4454 loco
567 4406 642 4456 certo
660 4407 686 4455 et
707 4406 765 4455 tuto
782 4415 843 4454 eam
857 4415 900 4452 re-
949 4419 1035 4468 qncm.
1064 4403 1211 4455 stramen
1238 4416 1299 4453 eam
1320 4403 1478 4463 lectionem,
1502 4416 1586 4467 quam
1607 4406 1675 4468 puto
1700 4419 1761 4457 esse

99 4485 189 4534 ponere
202 4479 234 4525 ut
256 4488 291 4526 ea
310 4475 402 4525 statim
422 4473 633 4526 distribueretur
652 4487 762 4526 sumere
783 4473 900 4524 volenti·
950 4475 1133 4536 verissimam,
1151 4474 1280 4537 nuspiam
1299 4475 1386 4538 reperi
1403 4474 1455 4524 nisi
1475 4474 1504 4522 in
1519 4472 1615 4524 codice
1629 4474 1759 4526 Remeusi

99 4543 153 4606 bns,
172 4559 225 4596 non
240 4545 269 4595 in
283 4543 404 4605 occulto,
418 4547 450 4596 ut
467 4547 496 4596 ln
514 4547 612 4610 primis
625 4545 761 4597 Ecclesiae
778 4544 899 4605 εωειιιιε,
950 4545 1185 4609 sanciiDlonysli.
1199 4543 1277 4594 Unus
1290 4543 1461 4607 anglicanus
1473 4542 1660 4607 praefertque.

100 4615 140 4666 sed
162 4617 251 4680 palam
271 4619 298 4666 et
318 4616 430 4680 publice
446 4621 474 4667 et
496 4618 589 4667 statim
611 4631 676 4668 cnm
691 4618 754 4682 quis
777 4620 899 4681 cuperet.
982 4615 1031 4676 (ecl
1042 4617 1097 4664 iro.
1114 4613 1182 4664 liaec
1195 4616 1237 4662 est
1254 4615 1389 4676 scriptura
1413 4613 1510 4674 viginti
1524 4616 1648 4663 veterum
1661 4626 1760 4664 exem-

125 4687 168 4747 (99)
186 4687 292 4737 ιιιιιιιιιιι
310 4692 440 4737 sanctam.
455 4687 486 4736 ld
507 4691 550 4739 esi
568 4687 755 4750 Eucharistia,
770 4701 852 4753 quam
871 4689 900 4737 in
951 4685 1071 4752 pierium
1091 4689 1247 4735 nostrorum
1274 4687 1300 4732 et
1322 4686 1385 4732 ocio
1407 4682 1631 4746 Angllcauorum.
1656 4685 1760 4736 Eorum

102 4755 176 4808 initiis
203 4757 370 4809 Christianae
393 4757 535 4822 religionis
562 4760 756 4826 unusquisque
785 4722 1102 4810 domuchuctcrnss
1126 4755 1194 4804 mihi
1217 4753 1354 4818 persuasit
1377 4757 1409 4803 ut
1435 4753 1472 4802 ita
1498 4764 1628 4814 ponerem
1654 4767 1703 4817 pro
1727 4767 1759 4806 eo

101 4827 193 4878 larebat
215 4833 247 4880 ut
269 4829 322 4879 sibi
345 4830 406 4893 ipse
428 4828 515 4881 libere
539 4830 761 4882 communionem
777 4829 899 4893 eorporis
925 4827 1023 4894 .quod
1039 4827 1174 4876 editiones
1188 4823 1558 4888 hahentcmsuro,quamvis
1573 4823 1760 4888 haec‘quoque

101 4895 191 4952 Christi
216 4901 414 4966 impertiretur.
442 4902 630 4954 Tertullianus
658 4903 687 4953 in
717 4902 787 4955 libro
816 4915 834 4953 ιι
863 4901 899 4951 od
947 4898 1031 4949 lectio
1048 4896 1121 4948 bona
1139 4897 1176 4947 ait
1188 4901 1215 4946 et
1227 4895 1381 4960 reperiatur
1395 4897 1423 4944 in
1439 4892 1606 4958 quibusdam
1619 4892 1697 4943 libris
1708 4908 1761 4945 va-

105 4969 200 5020 tirorcm
219 4987 227 5020 :
247 4989 264 5021 c
289 4972 350 5022 Non
376 4971 446 5023 sciet
468 4973 584 5023 maritus
609 4972 676 5038 quid
703 4975 809 5024 secreto
835 4975 899 5022 ente
948 4968 1061 5021 teribus.

102 5051 198 5092 omnem
220 5041 316 5094 cibum
339 5045 441 5106 gustes.
457 5060 471 5088 ιι
489 5042 648 5109 videque
668 5047 796 5094 notamus
817 5041 852 5092 ad
865 5043 898 5092 li·
979 5042 1027 5103 (96)
1047 5042 1152 5104 linpcrc.
1178 5039 1267 5090 Antea
1289 5038 1432 5104 legebatur
1455 5035 1652 5101 mbtcrinpem
1676 5049 1760 5101 quarn

101 5107 171 5161 brem
182 5113 212 5163 ds
226 5113 298 5164 Bono
311 5113 453 5163 Patientia.
949 5112 1098 5162 lectionem
1110 5124 1161 5175 ego
1174 5109 1290 5161 arbitror
1305 5123 1366 5161 esse
1380 5110 1531 5173 optimam
1550 5120 1647 5158 varum
1664 5112 1760 5159 aucto-

128 5181 170 5241 (91)
192 5181 316 5233 Manibus
340 5182 466 5246 indiciue.
492 5181 588 5234 Codex
612 5184 800 5247 Veronensis,
826 5197 899 5235 unus
949 5185 1015 5234 ritas
1037 5187 1162 5234 vetemm
1190 5181 1325 5232 librorum
1347 5182 1438 5246 exegit
1463 5183 1495 5230 ut
1519 5183 1664 5230 mutarem.
1688 5178 1761 5231 Sunt

103 5261 180 5313 meus,
191 5255 219 5303 ει
234 5251 290 5303 duo
303 5252 449 5317 Anglicanl
461 5253 566 5305 habeut
577 5254 734 5320 inquinetis.
949 5258 1042 5304 autem
1054 5266 1171 5304 numero
1184 5265 1236 5304 vrx
1249 5252 1461 5317 comprobantes
1476 5250 1549 5301 hanc
1567 5251 1759 5302 mutationem.

128 5323 173 5384 (92)
206 5323 348 5376 Sanctitate
384 5323 507 5390 fugiente.
547 5325 642 5378 Codex
678 5326 897 5392 Segulerianus,
981 5325 1031 5388 (97)
1053 5323 1226 5375 absconditis.
1244 5324 1315 5374 Duas
1335 5327 1401 5373 eunt
1414 5321 1499 5385 hujus
1512 5320 1567 5371 loci
1585 5321 1720 5373 lectiones
1732 5321 1760 5372 in

104 5399 182 5444 uncto
204 5395 266 5446 inde
289 5395 414 5460 supientia.
439 5395 526 5447 Paulo
548 5399 611 5448 ante
635 5396 726 5447 dixit:
747 5413 762 5445 c
787 5397 819 5446 ιιι
844 5410 900 5462 qua
949 5394 1093 5446 codicibus
1114 5395 1318 5459 manuscriptis.
1342 5393 1462 5456 Quidam
1483 5393 1559 5443 enim
1582 5391 1686 5442 liabent
1704 5389 1762 5440 obs·

105 5459 202 5514 Domini
224 5468 352 5516 sanctum
376 5465 465 5516 iuit.»
488 5465 585 5532 ltaque
607 5467 659 5518 isia
684 5467 768 5519 lectio
788 5467 900 5519 videtur
949 5466 1070 5526 conditis,
1084 5464 1131 5516 alii
1146 5465 1251 5517 obditis.
1267 5465 1389 5530 Utraque
1401 5465 1483 5516 lectio
1498 5462 1570 5514 bona
1585 5465 1634 5514 est.

106 5543 156 5582 esse
172 5536 273 5586 melior.
293 5535 348 5588 Sed
362 5549 418 5588 non
433 5550 496 5587 eum
516 5551 602 5589 ausus
619 5543 733 5602 mutare,
749 5539 815 5603 quia
835 5539 899 5590 reli-
979 5537 1131 5596 <minaces
1151 5535 1241 5593 ceiam
1258 5536 1361 5601 impleo.
1380 5537 1449 5588 Haec
1467 5535 1569 5585 desunt
1588 5534 1617 5582 in
1637 5529 1760 5594 antiquis

107 5603 146 5664 qui
159 5603 218 5656 libri
233 5607 382 5670 pratorum
401 5608 546 5659 sanctitate.
565 5607 606 5659 Ea
623 5609 726 5673 quippe
742 5609 825 5660 lectio
845 5610 900 5661 bo-
949 5607 1117 5662 editionlbua
1132 5611 1159 5658 ει
1174 5609 1201 5657 in
1213 5607 1374 5673 quindecim
1388 5607 1531 5660 codicibus
1542 5604 1674 5668 antiquis.

107 5683 163 5723 num
175 5679 570 5741 quoquasensumconstituit.
586 5678 900 5744 Captahoauiexnhanc
980 5679 1027 5740 199)
1062 5679 1213 5740 Conmptos.
1247 5676 1344 5730 Codex
1382 5677 1538 5742 anensis,
1572 5671 1760 5740 concupiens·

108 5747 266 5802 ommonem
276 5753 309 5804 ιιι
324 5749 471 5806 emendem
484 5753 635 5807 extremam
652 5755 760 5818 partem
774 5751 899 5820 opnione
950 5751 1020 5817 Qua
1033 5750 1115 5804 lectio
1130 5761 1187 5802 nou
1203 5752 1246 5802 est
1259 5748 1340 5804 mdo.
