3978 6204
204 269 249 326 5‘il
647 273 685 330 'S.
706 275 861 332 ctt’tttmt
881 275 1018 332 ornabit
1034 269 1118 333 11·qu
1139 275 1170 331 ll.
1188 304 1221 316 -
1241 273 1427 332 OPUSCULA.
1828 279 1875 334 att

203 391 307 450 horrea
324 394 494 452 claudantur
514 395 541 452 in
560 398 656 469 ¹terris.
677 399 809 466 Quereris
829 418 905 457 nunc
926 403 1020 458 minus
1031 401 1118 490 Anii,
1140 417 1193 454 riou
1220 401 1292 456 orrici
1317 397 1413 474 553
1435 413 1530 456 munus
1551 395 1656 454 Domini
1677 405 1708 454 ut
1732 399 1820 456 sulcos
1835 417 1878 456 coa

203 489 291 554 nasci,
310 489 390 559 quasi
404 505 468 561 quae
482 493 549 544 nata
571 497 638 547 strat
659 493 853 565 indigentibus
871 496 1020 567 prabcan-
1071 497 1182 562 (treicii
1202 501 1250 549 crui
1271 497 1398 564 procerit
1417 509 1510 550 nurcm
1532 500 1563 548 ut
1584 509 1638 548 non
1656 495 1812 550 exandiat?
1831 495 1880 550 Seri

204 585 260 635 tur.
277 583 386 637 Pasiam
400 585 430 637 et
445 584 520 638 inem
542 585 711 656 criminaris,
734 603 799 642 eum
823 590 902 660 peste
925 587 1020 662 552
1068 593 1181 658 pecorile
1193 593 1282 644 uestra
1296 591 1368 643 inter
1382 603 1427 642 ros
1440 593 1464 643 ct
1481 589 1565 642 boum
1584 593 1724 657 separant,
1739 594 1763 642 et
1775 595 1882 660 propter

204 673 262 745 ipsa
276 677 304 730 el
320 675 364 729 lue
385 677 428 730 ret
449 677 559 732 detecta
583 679 640 734 sint
658 679 702 734 rel
724 688 807 738 ancia
826 683 945 738 crimina
962 685 1020 738 sin·
1071 681 1171 736 delicto
1186 687 1274 737 restro
1287 685 1387 737 auertit
1405 684 1505 749 faciam
1524 697 1633 736 surrmu
1655 681 1741 748 nobis,
1756 697 1787 736 ue
1805 683 1880 736 oriae·

202 769 344 838 gaiorum,
359 769 426 824 dnm
443 787 496 826 nec
509 771 630 828 infirmis
651 773 802 830 exhibetur
815 775 1020 846 misericordia,
1072 781 1165 832 rentur
1185 777 1265 848 (isa,
1293 791 1347 844 mx,
1367 780 1390 843 t,
1413 776 1451 846 tt.
1476 777 1591 831 Peccata
1618 775 1714 848 itaque
1736 782 1765 830 et
1786 774 1883 830 delicia

202 863 231 915 at
250 861 388 918 defunctis
412 865 532 920 avaritia
557 867 646 922 initiat
674 885 706 923 ac
736 870 846 940 rapina.
870 871 959 925 iidem
986 873 1021 927 ad
1073 871 1252 941 reputentur,
1266 869 1445 924 conscientiae
1461 871 1578 924 valitura
1595 868 1779 942 cogitentur;
1796 869 1881 924 etde·

204 954 316 1026 pietatis
343 955 512 1030 obsequium
536 961 638 1030 timidi,
658 962 693 1016 ad
716 963 805 1035 impia
828 965 904 1019 litera
929 969 1021 1021 teme·
1073 964 1146 1018 sinet
1161 964 1352 1035 artusquisqne
1368 963 1402 1018 de
1423 964 1477 1018 Deo
1492 964 1534 1018 rel
1558 963 1593 1018 de
1610 961 1694 1019 nobis
1708 961 1884 1034 conqueri,si

204 1049 283 1117 rarii,
298 1049 441 1120 fugientes
465 1054 650 1110 morientium
673 1056 785 1122 lunera,
806 1061 834 1113 et
854 1065 1023 1131 appetentes
1073 1059 1148 1131 quod
1164 1058 1271 1130 patitur
1284 1057 1425 1130 intelligat
1437 1075 1466 1113 se
1482 1057 1599 1112 mereri.

205 1143 293 1213 spolia
315 1150 507 1216 morinorum,
525 1152 555 1202 ut
576 1157 710 1222 appareat
733 1151 759 1206 in
783 1152 952 1224 egritudine
973 1171 1024 1208 sua
1109 1153 1163 1209 illl.
1180 1155 1249 1209 Ecce
1266 1151 1293 1206 id
1315 1152 1406 1224 ipsunt
1428 1151 1510 1224 quale
1530 1156 1571 1205 cst
1594 1151 1669 1207 unde
1691 1151 1775 1206 nubis
1794 1151 1883 1206 vobis-

204 1235 324 1294 miseros
337 1238 372 1294 ad
390 1240 443 1295 buc
456 1241 573 1298 forsitan
590 1243 822 1316 derelictusesse,
843 1263 878 1300 ne
893 1247 1013 1318 possint,
1074 1263 1138 1302 cum
1161 1247 1215 1319 (32)
1240 1245 1365 1302 maxime
1388 1263 1483 1300 senno
1508 1251 1560 1314 esi,
1577 1245 1655 1317 quod
1679 1261 1732 1300 nus
1753 1244 1886 1300 infestatis

204 1329 582 1399 dunicnraniur,evaderc:
599 1353 663 1392 narn
684 1339 776 1410 prurire
798 1355 909 1411 oegrurn
933 1341 1025 1397 raleii
1075 1341 1223 1408 innoxios,
1250 1339 1325 1412 quod
1352 1341 1380 1394 in
1405 1338 1609 1395 coutumeliam
1638 1341 1690 1394 ilci
1718 1339 1887 1412 impugnatis

204 1423 254 1496 qni
268 1441 383 1480 corisum
395 1428 541 1497 pereuntis
555 1429 674 1486 inuadit.
1074 1441 1161 1507 atque
1176 1434 1337 1506 opprimitis
1351 1435 1401 1489 ilci
1415 1450 1521 1488 servos.
1536 1435 1639 1488 Parum
1651 1435 1695 1488 est
1709 1433 1784 1506 quod
1795 1433 1886 1488 iuren-

239 1518 282 1572 lii.
299 1519 402 1574 Tertius
417 1521 541 1578 cladium
565 1528 658 1579 terror
679 1526 747 1581 dare
769 1543 825 1582 non
837 1532 930 1600 potest
944 1529 1025 1584 irino·
1074 1529 1146 1584 tium
1169 1529 1303 1583 varietate
1320 1527 1465 1594 vitiorum,
1481 1526 1556 1600 quod
1579 1527 1733 1598 iniquitate
1755 1526 1885 1582 feralium

206 1611 303 1666 centlre
323 1611 502 1685 disciplinam
524 1618 557 1685 ¹³,
574 1623 601 1672 et
620 1617 696 1674 inter
725 1621 862 1692 popmum
882 1623 1024 1694 frequenti
1075 1622 1246 1690 criminum,
1274 1621 1351 1694 qnod
1373 1628 1555 1677 carucatarum
1577 1621 1751 1694 compendio
1777 1621 1884 1692 rapina·

206 1707 301 1776 strage
316 1707 494 1778 morientem,
515 1727 601 1766 tremo
620 1713 783 1768 corisiderat
805 1732 835 1770 se
858 1731 919 1770 esse
944 1733 1021 1772 mor·
1075 1733 1139 1772 rum
1162 1715 1219 1771 vita
1241 1720 1332 1770 restra
1356 1717 1526 1785 maculatur,
1542 1715 1619 1790 quod
1642 1715 1886 1787 superstitionibus

205 1799 303 1854 talem.
336 1801 441 1856 Passim
480 1804 656 1873 discurritur,
695 1809 817 1880 rapitur,
856 1791 1148 1882 occnpatnr.Bialsis
1176 1809 1275 1881 religio
1303 1827 1365 1864 retra
1403 1809 1594 1878 subvertitur,
1621 1809 1699 1882 qnod
1728 1809 1801 1864 llens
1827 1825 1883 1862 orn·

207 1892 356 1947 l‘raedaurli
380 1894 567 1951 dissimulatio
587 1899 677 1966 nulla,
696 1901 774 1955 nulla
793 1902 933 1958 cunctatio
955 1903 1020 1976 (30).
1074 1903 1143 1958 raino
1159 1921 1209 1958 nec
1225 1905 1364 1976 quaritur
1379 1921 1432 1960 noc
1447 1903 1582 1974 tintetur;
1597 1905 1691 1958 adhuc
1707 1903 1826 1974 insuper
1841 1903 1885 1956 ilci

208 1985 295 2051 erasi
325 1986 416 2057 liceat,
442 1989 522 2061 quasi
548 1994 687 2062 oporteat,
708 1995 787 2066 quasi
815 1995 861 2052 ille
888 1997 937 2068 qui
965 2015 1023 2053 nori
1073 2013 1170 2052 seruos
1183 1999 1211 2052 ei
1224 1997 1364 2069 majestati
1385 2013 1417 2052 ac
1435 1997 1545 2052 nemini
1565 1997 1626 2068 ejus
1645 1996 1758 2052 dicatas
1778 1995 1885 2068 injustis

207 2079 283 2150 rapit
309 2079 444 2137 damnum
472 2087 501 2138 et
528 2083 706 2158 dispendium
736 2089 885 2162 proprium
909 2092 1022 2161 sentiat,
1073 2091 1319 2163 persecutionibus
1342 2091 1466 2164 inligatis
1487 2093 1552 2163 (33).
1575 2091 1647 2146 Satis
1669 2107 1729 2146 uon
1751 2097 1793 2144 est
1814 2089 1884 2161 qnod

207 2171 248 2226 sic
271 2173 465 2248 uniusquisque
486 2193 585 2248 rapere
607 2180 776 2237 iastinnt.in
799 2183 957 2240 latronibus
982 2191 1024 2240 est
1073 2185 1133 2258 ipse
1157 2191 1186 2240 iu
1210 2185 1298 2240 ileum
1325 2203 1381 2241 non
1405 2185 1488 2255 celis;
1515 2185 1607 2241 adhuc
1628 2185 1749 2256 insuper
1773 2184 1886 2255 eosqui

208 2268 613 2342 uteunquealiquascelerurn
631 2275 819 2346 coiectante,
837 2277 1023 2334 ariasiauces
1074 2280 1171 2334 colunt
1199 2279 1337 2352 sacrilega
1368 2279 1550 2334 infestatione
1579 2279 1770 2352 persequeris.
1800 2280 1884 2334 Beum

209 2366 238 2416 et
256 2362 383 2418 desertas
403 2365 569 2420 solitudines
590 2368 723 2440 diligunt,
740 2374 767 2424 et
789 2371 828 2426 sic
849 2369 906 2427 illic
928 2371 1016 2428 delin-
1075 2389 1126 2427 nec
1150 2371 1234 2441 colis,
1262 2389 1315 2430 nec
1342 2372 1395 2428 coli
1422 2373 1540 2428 omnino
1569 2373 1732 2444 permittis,
1758 2377 1801 2440 et,
1826 2387 1885 2426 cunr

210 2454 318 2524 quitur,
333 2461 363 2510 ut
375 2461 470 2512 tamen
491 2459 718 2532 delinquentium
735 2463 845 2519 iaciens
857 2466 982 2520 tenebris
997 2471 1026 2522 et
1074 2467 1179 2530 ceteri,
1199 2466 1247 2539 qui
1269 2484 1327 2522 non
1351 2472 1462 2522 tautum
1486 2467 1539 2522 ista
1554 2465 1651 2538 inepta
1671 2465 1750 2522 idola
1763 2469 1791 2522 et
1806 2482 1885 2520 uranu

209 2554 292 2604 nocte
315 2551 434 2606 veletur.
457 2554 581 2609 Avaritia
604 2557 703 2628 palam
725 2559 813 2626 saevit,
835 2562 873 2628 et,
891 2560 952 2631 ipsa
971 2577 1022 2616 au·
1075 2561 1202 2616 hominis
1215 2561 1290 2616 iacta
1308 2561 1470 2630 simulacra,
1483 2559 1532 2616 sed
1554 2567 1582 2615 et
1603 2563 1738 2632 portenta
1758 2559 1885 2632 quaedam

210 2641 291 2698 dacia
315 2659 365 2698 sua
391 2649 462 2716 tuta,
482 2647 511 2702 in
540 2648 593 2703 lori
621 2651 683 2705 lnce
707 2651 836 2724 abruptas
862 2654 1024 2726 cupiditatis
1075 2659 1103 2710 et
1120 2657 1251 2710 monstra
1265 2658 1448 2722 reiterantur,
1465 2653 1515 2708 tibi
1529 2653 1668 2724 placeant,
1683 2653 1759 2708 solus
1775 2652 1821 2707 tibi
1833 2652 1884 2706 dis·

211 2751 289 2792 arma
304 2739 455 2809 prostituit.
472 2741 538 2797 lnde
553 2742 669 2812 falsarii,
686 2744 750 2800 inde
766 2747 896 2816 renellri,
913 2747 979 2803 inde
995 2749 1023 2804 in
1075 2747 1161 2820 plicet
1176 2749 1222 2803 ilci
1235 2749 1336 2805 cultor.
1351 2748 1472 2803 Fumant
1485 2746 1591 2820 ubique
1605 2748 1633 2802 in
1653 2747 1772 2819 templis
1792 2747 1884 2801 restris

210 2830 307 2886 media
325 2832 438 2888 civitate
454 2835 556 2904 sicarii,
578 2843 635 2893 mm
662 2838 699 2893 ad
721 2841 896 2912 peccandum
922 2843 1023 2914 praeci-
1075 2841 1232 2898 bestiarum
1246 2842 1329 2898 busta
1345 2845 1372 2896 et
1388 2842 1449 2913 rogi
1464 2857 1610 2912 pecorum,
1627 2846 1655 2896 et
1672 2841 1720 2896 ttet
1733 2840 1833 2896 altaria
1845 2841 1883 2894 rrt

210 2924 284 2994 pites
306 2941 391 2997 quum
413 2927 532 3000 impune
556 2936 750 3002 peccantesa
773 2940 893 2990 nocente
915 2936 1023 2992 crimen
1076 2936 1154 2990 utilia
1170 2936 1292 2990 suntvel
1308 2935 1427 2989 occulta.
1440 2935 1581 2990 Crocodili
1605 2937 1633 2990 ei
1654 2933 1841 3006 cynocephali
1860 2935 1884 2986 et

211 3017 382 3087 admittitur,
408 3037 460 3076 ncc
488 3023 624 3080 innocens
649 3026 697 3098 qui
720 3003 844 3083 vindicet
870 3029 1023 3085 inuenitur.
1075 3029 1214 3102 lapides¹⁸
1234 3031 1262 3084 ei
1275 3033 1418 3100 serpentes
1434 3028 1541 3083 evolsis
1555 3029 1699 3096 coluntur,
1713 3033 1742 3082 et
1758 3029 1826 3083 ileos
1842 3044 1882 3080 so-

212 3111 250 3167 lle
264 3117 425 3170 accusatore
449 3116 491 3171 rel
509 3117 604 3187 jndice
627 3124 720 3174 meins
738 3123 832 3175 nullus
847 3124 880 3177 ¹⁴.
899 3123 1022 3194 impuni-
1036 3164 1063 3238 C
1076 3124 1118 3178 lus
1135 3123 1163 3179 in
1175 3124 1256 3178 terris
1267 3130 1381 3177 arrtnon
1393 3119 1882 3193 colitur,autriuncstimpnneqnod

213 3206 299 3260 tatem
326 3214 542 3280 consequuntur
566 3212 650 3280 titali,
675 3213 744 3268 dum
770 3215 894 3270 modesti
921 3223 1024 3284 iacent,
1075 3217 1199 3272 colitur:
1216 3217 1356 3284 innituios,
1368 3218 1469 3288 jttstos,
1487 3218 1541 3271 ileo
1561 3217 1662 3272 cherres
1682 3216 1770 3272 dorne
1789 3215 1883 3285 prinas,

210 3297 315 3353 timent
332 3302 448 3370 coriarii,
463 3309 586 3358 veneunt
601 3306 759 3376 judicaturi
776 3309 842 3378 iii).
866 3311 899 3364 nt
920 3310 1025 3365 idcirco
1076 3311 1251 3384 patrimonio
1264 3311 1492 3382 spolias,caienis
1503 3311 1618 3382 premis,
1632 3326 1746 3364 earcere
1760 3307 1882 3370 includis,

211 3406 263 3461 per
286 3394 453 3464 proplietam
471 3395 568 3453 divino
590 3399 697 3470 Spiritu
713 3407 741 3454 et
763 3403 897 3457 instinctu
921 3405 959 3457 rei
979 3421 1025 3458 ve·
1077 3405 1181 3477 gladio,
1206 3405 1314 3473 bestiis,
1329 3404 1443 3478 ignibus
1465 3406 1557 3475 quiritis.
1572 3405 1626 3458 Nec
1649 3405 1752 3459 saltem
1773 3407 1881 3458 couten-

211 3483 280 3538 ritas
299 3488 439 3556 promitur
458 3491 491 3557 ¹⁶,
506 3494 583 3547 certa
597 3499 624 3547 et
644 3494 793 3550 manifesta
817 3496 925 3551 ratione
944 3514 1024 3552 mon·
1077 3503 1122 3553 tus
1143 3517 1173 3554 cs
1195 3499 1326 3554 dolorum
1354 3502 1518 3554 caedrorum
1535 3497 1706 3570 conipcndio
1721 3505 1751 3553 ct
1770 3493 1883 3566 simplici

211 3583 316 3633 stratur
336 3581 425 3637 ileum
447 3600 526 3654 posse
540 3585 656 3642 adversa
672 3589 836 3659 prohibere,
854 3591 900 3646 scd
923 3607 958 3645 nc
981 3591 1027 3647 itte
1076 3609 1109 3648 ac
1133 3593 1221 3648 veloci
1243 3592 1378 3648 brevitate
1405 3608 1550 3664 poenarum
1562 3609 1571 3660 ;
1595 3591 1734 3646 admoves
1755 3588 1883 3645 laniandis

212 3671 361 3730 subveniat
387 3677 489 3734 merita
516 3682 695 3752 peccantium
726 3683 818 3740 iacere
843 3702 850 3740 ε
876 3687 1026 3756 Numquid,
1077 3686 1244 3758 corporibus
1265 3686 1353 3760 leriga
1372 3689 1524 3749 tormenta,
1543 3685 1714 3758 multiplicas
1733 3681 1883 3740 lacerandis

896 3811 1000 3877 Variae
1029 3813 1198 3878 lectiones.

215 3995 235 4030 ,0
247 3928 556 4054 Effffligffilzlcitflgm
570 3936 613 3985 dt·
629 3935 686 3986 oen.
722 3939 742 3971 ¹⁸
757 3937 864 4002 Nullus,
880 3937 954 4005 quod
970 3943 1060 4006 potest
1076 3938 1173 3992 redimi
1191 3953 1247 3992 nou
1262 3942 1377 3992 timetur
1393 3938 1456 3991 uod.
1473 3939 1497 3989 3.
1534 3941 1552 3974 ¹⁵
1566 3937 1697 3990 Cernitur
1712 3935 1773 3988 aad,
1792 3934 1815 3984 a,
1832 3935 1882 3986 dii.

861 4069 973 4154 Stepli.
997 4073 1122 4138 baluzii
1143 4081 1241 4140 notae.

244 4187 294 4251 tau,
315 4185 397 4238 Nullo
420 4190 561 4240 cunctatio.
585 4191 684 4241 Postea
708 4192 847 4243 Pometiae
868 4193 970 4257 adjecit
991 4207 1025 4245 ex
1076 4193 1131 4247 Sed
1160 4209 1260 4247 manua
1288 4195 1424 4248 recentior
1449 4191 1608 4245 emendavit
1631 4196 1662 4244 ut
1679 4195 1792 4257 ,mutuat
1814 4195 1880 4259 iege·

213 4261 310 4312 codice
333 4259 573 4321 camberonensi,
596 4262 671 4313 nullo
700 4263 814 4327 formido
840 4271 884 4316 est.
912 4267 947 4316 ut
975 4280 1025 4330 ego
1075 4271 1158 4318 retur.

213 4331 314 4391 deteri,
328 4331 394 4394 quia
409 4331 630 4384 additamentum
645 4333 700 4386 hcc
716 4335 843 4398 nuspiam
860 4337 953 4388 inveni
974 4339 1024 4388 nisi
1107 4339 1157 4402 (dit
1183 4339 1254 4390 Unde
1275 4337 1350 4390 uobis
1372 4336 1512 4388 uobiscum.
1537 4336 1653 4388 Veteres
1673 4337 1809 4390 editiones
1825 4340 1880 4386 urite

213 4407 241 4456 in
263 4405 359 4456 codice
380 4405 522 4457 Beccensi.
539 4407 600 4471 Qua
620 4409 647 4458 in
670 4414 827 4460 resecatus
848 4425 909 4461 sum
932 4425 1025 4463 exem·
1077 4409 1264 4460 Parnelianum
1283 4414 1310 4461 ct
1327 4409 1459 4462 tredecim
1471 4407 1534 4460 libri
1550 4409 1795 4460 retereshabent·
1810 4407 1880 4460 Unde

212 4480 289 4545 pium
312 4480 442 4542 Pamclii;
469 4484 517 4547 qui
542 4496 607 4533 cum
633 4483 661 4533 in
689 4485 810 4536 editione
836 4499 900 4550 quas
926 4485 1028 4536 dicitur
1078 4481 1226 4532 nobiscum
1255 4482 1376 4532 maxime
1396 4493 1487 4530 sermo
1518 4483 1568 4531 cst.
1590 4496 1605 4526 s
1636 4480 1775 4532 Pamelius
1799 4479 1881 4544 posuit

212 4553 309 4604 Gravii
332 4553 438 4604 rideret
457 4555 593 4618 scriptum
608 4567 670 4606 esse
692 4555 766 4606 attilo
780 4559 910 4608 cumtotio
930 4573 978 4622 pro
994 4519 1066 4610 eoD
1078 4567 1092 4595 «
1113 4552 1186 4603 uude
1206 4553 1288 4604 nobis
1310 4553 1526 4604 vobiscumsex
1551 4557 1672 4617 quatuor
1697 4553 1879 4615 manuscriptis

213 4623 287 4688 qnod
301 4625 359 4690 lpse
378 4626 471 4688 posuit
491 4625 635 4690 trepidatio
653 4626 739 4680 nulio.
757 4627 786 4678 id
807 4641 837 4680 se
860 4630 1029 4691 expunxisse
1078 4623 1137 4673 suis
1156 4627 1182 4674 el
1204 4637 1260 4674 uno
1285 4625 1454 4676 Morellluno·
1471 4623 1640 4682 Gr⁰¹¹07¹t¹52
1662 4637 1722 4688 cap.
1745 4625 1773 4674 ll
1791 4623 1879 4676 Obset·

213 4697 251 4746 ett
278 4697 345 4760 quia
369 4696 550 4761 manuscripti
576 4711 632 4746 non
653 4697 766 4749 babent.
787 4697 860 4750 Saue
883 4699 945 4750 baee
973 4699 1029 4750 duo
1078 4695 1221 4746 vationum
1243 4709 1357 4746 suarum
1378 4697 1406 4745 iu
1425 4693 1613 4759 Scriptoribus
1633 4693 1878 4750 ecclesiasticis.ait

213 4767 349 4819 vocabula
365 4781 429 4832 quaa
444 4781 459 4816 a
476 4781 521 4818 me
542 4773 682 4832 expuncta
705 4775 772 4820 sunt
795 4773 905 4822 exstant
926 4772 953 4820 in
969 4771 1029 4822 edi·
1079 4767 1117 4816 ita
1140 4767 1317 4818 scribendum
1341 4781 1402 4820 essa
1427 4767 1503 4818 hunc
1527 4767 1636 4828 locum,
1661 4785 1675 4810 c
1703 4765 1781 4818 Unde
1807 4764 1878 4814 uobis

214 4837 289 4886 tione
315 4837 371 4896 itta,
395 4837 445 4888 seri
468 4838 617 4888 minutiore
644 4839 803 4890 charactere
827 4855 903 4904 cusa,
926 4847 955 4892 ut
979 4842 1029 4892 da·
1079 4839 1267 4889 cummaxime
1292 4851 1384 4890 sermo
1407 4844 1458 4899 ast,
1484 4855 1498 4886 s
1527 4837 1592 4890 Scio
1617 4839 1789 4888 ruorruocimc
1814 4833 1878 4899 apud

214 4913 289 4960 retur
317 4909 432 4974 intelligi
466 4909 586 4959 dubitari
619 4923 701 4974 possa
736 4923 770 4960 uu
807 4912 862 4962 sint
887 4912 1027 4978 Cypriani.
1079 4909 1502 4974 veteresattctoresquihatiua
1524 4908 1693 4974 scripserunt
1714 4907 1783 4958 suari
1800 4907 1878 4956 solere

214 4979 353 5030 Craterum
379 4981 544 5031 vetustiores
568 4979 704 5032 editiones
730 4983 877 5044 preferant
894 4999 900 5032 ε
920 5003 933 5029 «
955 4985 1028 5034 Prae·
1078 4993 1129 5044 pro
1150 4979 1233 5030 ratde.
1264 4979 1299 5029 Et
1320 4983 1412 5030 tomen
1438 4994 1488 5044 ego
1507 4985 1574 5044 puto
1595 4979 1743 5030 editionem
1767 4975 1876 5030 i'ameiii.

213 5047 294 5098 dandi
318 5048 458 5100 simulatio
482 5052 568 5108 nulle.
594 5049 672 5101 nulla
699 5055 840 5104 cunctatio
864 5059 913 5106 esi.
938 5071 953 5104 s
977 5057 1029 5106 Pro
1079 5063 1142 5116 qnae
1160 5051 1258 5101 nititur
1279 5052 1444 5102 auctoritate
1463 5052 1585 5116 plurium
1601 5054 1725 5100 veterum
1748 5049 1877 5104 librorum,

213 5135 270 5185 quo
292 5124 319 5171 in
341 5124 438 5174 codice
458 5122 602 5174 Pithceano
624 5127 650 5173 et
672 5125 699 5174 in
725 5125 891 5190 quibusdam
915 5128 1029 5184 allisio
1079 5135 1140 5174 esse
1153 5122 1353 5186 praeterendum
1370 5123 1536 5185 conjecturae
1548 5120 1689 5172 Grenovii.
1859 5187 1862 5194 Ι

213 5191 335 5242 editione
355 5194 436 5243 etiam
458 5193 565 5244 Erasmi
580 5199 606 5244 et
628 5195 657 5244 iu
676 5195 845 5256 binantiana,
859 5197 1029 5262 legiturdia-
1110 5195 1158 5256 (aa
1181 5193 1407 5244 itcrsecntioniiua
1424 5193 1554 5258 immam.
1579 5193 1608 5242 ln
1628 5197 1747 5258 quatuor
1769 5189 1876 5252 antiquis

213 5263 359 5314 simiriotio.
387 5263 488 5316 Vocem
517 5265 679 5330 trepidatio,
710 5281 793 5332 quam
821 5267 887 5320 huic
915 5271 1027 5320 lectioni
1078 5266 1284 5329 exemplaribus
1298 5266 1432 5329 scriptum
1447 5271 1489 5315 est
1500 5265 1625 5329 itoqitctis
1639 5266 1667 5314 et
1688 5276 1768 5326 supra
1785 5261 1874 5310 lineam

214 5333 358 5384 substituit
386 5335 533 5396 Pometios,
562 5339 691 5401 nuspiam
719 5339 821 5388 inveni.
847 5340 943 5404 Neque
969 5341 1028 5406 ipse
1078 5338 1120 5386 cci
1132 5335 1259 5402 siliquiis.
1275 5335 1331 5386 Sed
1343 5337 1468 5400 scripulis
1486 5339 1592 5385 tanturm
1606 5339 1648 5384 est
1663 5335 1690 5384 in
1706 5335 1764 5385 aliis
1782 5335 1875 5394 septem

215 5405 390 5456 annotatubi
405 5407 549 5457 invenerit.
1079 5413 1106 5459 et
1123 5409 1150 5458 in
1168 5407 1335 5474 quibusdam
1358 5421 1392 5458 ex
1413 5407 1470 5456 iilis
1494 5419 1558 5471 quse
1583 5403 1720 5456 Pamelins
1735 5401 1874 5483 viditipse

246 5477 296 5538 idi)
328 5477 440 5526 Veniunt
457 5477 619 5540 judicaturi.
646 5479 686 5528 ita
712 5479 859 5532 ediderunt
885 5481 1027 5542 Erasmus,
1079 5479 1165 5531 edidit
1186 5481 1294 5544 ciuitatis
1313 5479 1520 5544 absqueutlius
1538 5478 1601 5529 libri
1621 5477 1720 5529 veteris
1739 5477 1872 5526 mentione.

215 5548 356 5598 Manutius
376 5553 405 5599 et
431 5550 587 5610 ‚tieretitus3
611 5551 738 5616 hancque
759 5553 907 5602 tectionem
933 5554 1027 5603 iurent
1079 5552 1108 5601 ln
1128 5551 1238 5602 duobus
1259 5550 1399 5602 veteribus
1420 5551 1519 5614 tegitur
1538 5549 1668 5614 {inqitatis
1688 5551 1797 5599 mnium,
1810 5541 1873 5592 intro

214 5621 241 5670 in
266 5619 397 5670 undecim
422 5619 564 5672 codicibus
586 5625 708 5686 antiquis
740 5625 828 5674 Alieni
860 5637 923 5690 quie
945 5623 1028 5677 habet
1078 5623 1106 5672 iu
1131 5622 1184 5673 hoc
1207 5625 1266 5688 ipso
1286 5623 1366 5682 libro,
1388 5622 1567 5686 papatiam
1591 5621 1642 5672 Per
1668 5623 1724 5685 ipsa
1748 5629 1806 5682 que
1828 5625 1872 5664 tros

213 5695 333 5748 rcneunt,
356 5691 448 5741 iurent
469 5693 496 5740 in
525 5691 666 5743 tredecim.
692 5693 726 5744 iit
749 5695 777 5744 in
802 5694 889 5745 tribus
913 5697 1027 5746 istorum
1079 5695 1205 5745 cruciant
1235 5700 1262 5746 et
1293 5695 1410 5762 latigant
1443 5693 1553 5763 probari
1583 5697 1610 5749 et
1645 5687 1806 5746 corroborari
1828 5697 1871 5738 1105

215 5761 348 5812 tredecim
363 5763 463 5826 legitur
477 5779 491 5808 «
513 5765 634 5827 perversi
658 5765 775 5815 veniunt
793 5765 980 5830 judicaturi.»
996 5767 1028 5817 la
1077 5766 1218 5817 ecimus.»

215 5831 311 5888 codice
326 5833 420 5886 Sancti
439 5835 575 5904 arnulphi
588 5835 721 5904 scriptum
734 5835 822 5906 primo
838 5835 892 5892 iuit
906 5843 1026 5892 armanni.
