4172 6186
160 221 233 292 lati
848 225 938 292 butt.
950 221 1059 293 ,olion
1076 227 1194 300 ΝΟΜ,
1778 244 1847 312 list

162 360 213 410 tim
232 354 365 422 mysteria
387 353 585 422 participanda,
606 355 672 408 olim
696 357 910 412 admittebantur
933 361 977 412 in-
988 360 1148 447 Adistabat
1171 363 1222 414 isle
1242 363 1457 418 libellaticorum
1479 367 1557 434 ordo,
1580 368 1615 422 ab
1637 369 1795 438 impudenti
1817 380 1848 428 et

154 429 247 482 fantes
273 428 366 480 statim
399 432 461 492 post
492 427 675 494 baptismum
708 445 742 482 ex
766 433 796 484 vl
823 433 973 485 verborum
1028 437 1124 498 aperta
1139 429 1287 498 apostasia.

154 502 268 554 Domini
291 501 371 552 ioan.
395 513 432 562 vr,
453 501 485 552 33
508 515 515 550 :
539 501 600 556 Nisi
623 502 846 554 manducaveritis
871 517 976 556 cornero
1058 503 1150 553 Omnes
1165 505 1315 554 scribentur.
1333 505 1388 558 Sic.
1407 507 1492 572 LXX,
1508 509 1635 576 quaslad
1650 511 1763 565 Librum
1781 516 1846 568 vitae

154 573 221 626 Filii
238 571 352 624 bominis
363 575 386 622 et
399 569 516 622 biberitis
529 573 584 638 eius
601 575 764 636 sanquinem,
778 589 830 626 non
845 575 973 626 ιιιιιιιιιιι
1026 577 1054 625 et
1067 576 1135 625 Acta
1149 575 1200 626 Dei
1213 573 1315 638 judicis
1328 579 1521 642 respiceretur.

155 645 235 696 citum
251 643 278 692 in
295 641 374 692 nodis.
388 641 676 696 Differebanturvero
696 653 793 711 postea
810 661 845 699 ex
866 647 976 699 monitu
1057 644 1184 696 xxviii.
1201 670 1231 682 -
1248 646 1284 695 lle
1303 645 1350 697 tor
1366 647 1405 696 cel
1424 651 1609 714 cogitauerunt.
1631 651 1845 707 Erndltissimns

155 712 308 780 Apostolll
327 712 396 776 con,
412 725 453 774 xi,
466 713 497 764 28
512 729 518 764 :
535 714 626 766 Probet
639 718 751 782 serpsurn
765 717 849 782 borno,
863 723 885 769 el
898 719 978 770 slede
1024 713 1191 768 Lombertus
1214 721 1290 766 recte
1313 715 1379 768 hinc
1403 719 1525 786 colligit,
1550 739 1564 767 ι
1590 723 1709 776 crimina
1735 729 1843 778 secreta

155 799 223 852 pane
238 785 284 835 illo
301 784 369 849 edat,
383 787 407 834 rt
424 784 455 834 de
467 784 547 836 colice
559 783 639 837 didol.
1026 786 1203 838 consessione
1216 790 1245 838 et
1267 787 1433 852 poenitentia
1455 792 1529 856 apud
1548 792 1639 844 Deum
1655 795 1791 860 explenda
1805 813 1812 859 ;
1827 813 1843 845 n

1025 869 1078 908 nec
1104 857 1290 908 auricularem
1310 857 1524 924 confessionem,
1545 861 1619 927 quod
1640 865 1730 916 voluit
1746 866 1845 919 Peme·

189 896 339 949 XXV1···
356 895 565 959 Clmms‘m·
590 898 622 950 ¹¹¹
639 913 718 950 m⁰f⁰
737 903 797 952 “⁸⁸
821 898 976 952 mmmm·
1025 927 1099 992 lius,
1131 927 1233 980 exinde
1261 928 1370 982 confici.
1403 931 1477 983 Dicit
1506 947 1589 998 porro
1621 937 1773 1000 praedictus
1801 940 1844 990 vir
1887 957 1892 971 .

157 970 240 1020 sistite
278 968 444 1034 participes,
480 975 595 1034 occepta
628 971 709 1035 panis
741 973 887 1036 portione,
917 985 975 1025 non
1025 999 1418 1065 (100„,3‚„Cyp„„n„mh10
1439 1003 1505 1068 pom,

157 1041 251 1092 solum
279 1042 351 1091 inter
379 1053 523 1091 sacrorum
549 1042 683 1092 solemnia
712 1043 899 1104 comederent,
925 1045 976 1098 sed
1025 1071 1198 1136 ,iapubgca'
1215 1089 1230 1118 ,,
1245 1076 1273 1122 e,
1293 1072 1322 1122 ,n
1345 1071 1485 1124 giemum,
1505 1005 1846 1146 gdmeffluffltgpegffiffieg:

156 1111 475 1244 zgfflflrffivgffgi
491 1108 869 1246 fflffiffl'sffiffffifn
880 1113 976 1249 ¹233?
1025 1143 1074 1226 qui
1089 1143 1223 1208 privatam
1244 1143 1438 1226 paenitentiam
1455 1146 1566 1228 ¹svecrrlc
1586 1149 1704 1212 septimo
1726 1149 1845 1234 imputat

616 1267 622 1301 =

157 1324 286 1390 Bulogiis
307 1323 440 1388 deinceps
460 1323 576 1375 iactum.
597 1323 657 1376 lios
676 1323 723 1374 hic
737 1323 847 1377 videtur
869 1326 977 1390 perdu-
1025 1369 1081 1407 ΠΟ,
1104 1371 1119 1407 a
1138 1355 1299 1422 pmsbyoem
1311 1357 1449 1421 mimum,
1464 1357 1515 1409 ,ed
1531 1359 1566 1410 ,h
1582 1361 1713 1426 episcopo
1729 1362 1844 1428 publico

159 1395 438 1532 ittnltiitsti
457 1393 977 1520 illillbiitiili‘iilllr
1025 1428 1128 1552 {gip
1143 1427 1237 1562 ²3qu
1251 1429 1844 1564 ¹pagg?,gagiggggpgpgssgggggrg

158 1539 277 1590 meritus
300 1536 369 1604 quid
389 1540 497 1589 secreto
511 1541 574 1589 ante
592 1550 706 1589 omnem
726 1537 823 1590 cibum
835 1543 929 1603 gustes
939 1554 947 1600 ι
960 1557 976 1588 ιι
1034 1569 1216 1622 mmmm,
1233 1568 1347 1620 valesii·

158 1610 502 1762 eistatensi.
510 1608 750 1762 iiiiii
763 1612 976 1764 iiiiii
1026 1640 1324 1764 ..iliensis
1335 1641 1761 1783 inlisisinlisis
1770 1645 1845 1770 its

159 1751 359 1812 substantiam,
382 1749 467 1802 fldem
496 1749 605 1802 videtur
632 1761 782 1815 superare,
806 1749 856 1802 sed
887 1745 1015 1820 majusB
1026 1783 1104 1835 ribus
1118 1783 1225 1836 Tem,
1240 1783 1293 1834 sub
1305 1782 1353 1833 fin,
1371 1782 1420 1834 fib,
1433 1784 1467 1834 g,
1478 1787 1567 1836 Poemg

159 1823 295 1889 quiddam
329 1823 354 1874 sl
384 1822 445 1874 fieri
477 1825 584 1886 potest;
619 1820 752 1887 quodque
781 1834 865 1872 nemo
894 1822 975 1873 facile
1173 1881 1203 1893 —
1391 1857 1396 1866 .

157 1897 269 1958 dixerit,
283 1894 465 1948 Dominicnrn
485 1905 587 1960 corpus
612 1895 642 1946 iu
662 1893 770 1946 cineres
796 1893 883 1944 fnisse
906 1906 976 1946 con·
1025 1855 1413 1994 ,nffiffiiumssssgsszffiffl
1423 1857 1843 1996 ffigssffgs'lhgffffgg‘ssffi

1025 1999 1054 2050 fn
1080 2000 1201 2052 fornacis
1225 1997 1329 2062 medlo,
1348 1999 1459 2063 propria
1484 2004 1607 2064 peccata,
1635 2003 1664 2052 at
1686 2001 1771 2052 totius
1793 2015 1842 2067 po·

191 2073 357 2126 xxvii·
378 2073 479 2126 Fecisse
502 2085 529 2124 re
557 2071 636 2124 dicit.
664 2071 747 2122 Putat
771 2070 976 2124 eruditissimus
1025 2070 1084 2137 puli
1108 2069 1210 2122 delicta
1231 2069 1286 2121 lale
1307 2068 1487 2121 confitentur.
1505 2070 1574 2124 lnde
1593 2071 1678 2123 etiam
1700 2073 1769 2123 ratio
1793 2085 1843 2138 pe·

158 2145 295 2210 Rigaltius
318 2145 381 2196 loco
403 2144 471 2196 buic
490 2143 583 2196 lucem
603 2155 777 2196 accessuram
798 2141 832 2193 uir
851 2143 976 2209 Epistola
1025 2141 1109 2194 tenda
1131 2141 1269 2194 dictorum
1292 2153 1321 2192 ru
1344 2140 1417 2193 libro
1438 2144 1589 2208 superlore,
1612 2144 1745 2196 nimirum
1765 2145 1843 2210 quod

158 2219 310 2269 clericorum
331 2215 453 2267 Ecclesia
476 2217 613 2273 dornone,
633 2213 683 2264 ubl
705 2213 820 2264 timidus
839 2212 975 2267 Christis·
1025 2215 1104 2279 pueri
1119 2213 1245 2278 praedlcti
1261 2215 1340 2263 erent
1353 2213 1450 2277 spiritu
1464 2215 1533 2265 roris
1550 2215 1678 2277 animoli‚·
1692 2214 1751 2268 illic
1768 2217 1844 2267 enlm

158 2303 214 2342 nus
239 2305 254 2334 ι
277 2285 423 2354 profitetur
444 2299 475 2337 ee
494 2285 605 2336 dedisse
630 2284 776 2350 praemiutn
802 2287 974 2350 concussori,
1025 2283 1216 2348 diciturqnod
1237 2281 1354 2349 angelus
1367 2285 1479 2335 Domini
1501 2285 1645 2336 caminum
1666 2284 1787 2337 reddidit
1805 2287 1843 2344 ὡς

158 2361 219 2412 stre
231 2357 322 2419 militi,
339 2357 398 2406 sive
418 2353 589 2420 praesidius
610 2354 686 2420 quod
705 2366 762 2405 non
776 2355 841 2406 licet
852 2355 974 2420 iaceret3
1024 2352 1119 2420 arripe
1130 2354 1218 2420 ipisus
1232 2354 1376 2419 traanpltor.
1392 2355 1456 2405 latis
1468 2354 1606 2421 exigenda
1624 2359 1689 2407 sunt
1709 2367 1773 2422 quas
1794 2369 1842 2408 su·

158 2433 217 2484 scil.
242 2443 278 2482 ne
302 2433 449 2494 cogeretur
468 2426 626 2479 sacrificare
647 2425 739 2478 idolis.
763 2443 777 2474 rr
800 2427 899 2493 Utique
921 2429 975 2484 boc
1025 2425 1225 2490 pertusbacin
1240 2425 1365 2488 radicis,
1381 2439 1408 2490 p.
1421 2427 1462 2477 si.
1534 2477 1539 2494 ,

160 2519 196 2556 ex
223 2499 349 2568 Epistola
377 2499 412 2550 od
436 2497 631 2562 Antonianum,
658 2497 791 2548 nimirum
818 2498 898 2562 epist.
923 2501 974 2566 aa,
1057 2499 1168 2548 Domino
1196 2495 1358 2560 satisfacere.
1390 2495 1525 2548 Videntur
1553 2495 1610 2549 lllre
1639 2497 1843 2549 satisfactiones

159 2575 196 2628 od
221 2577 293 2625 Pons.
324 2584 401 2621 num.
433 2571 482 2632 ss,
509 2569 625 2621 uberius
659 2568 798 2618 illustrari.
825 2569 863 2619 At
891 2571 975 2622 rerba
1025 2571 1179 2620 consistere
1203 2567 1233 2617 in
1256 2566 1416 2618 istiusmodi
1439 2569 1504 2620 vitta
1529 2572 1626 2620 tenore
1649 2571 1678 2618 et
1704 2569 1842 2629 instituto,

159 2649 222 2700 haec
248 2643 324 2696 aliud
350 2639 482 2708 quiddam
508 2641 625 2692 innuere
650 2639 797 2701 ridentum
831 2639 975 2694 libellatici
1027 2653 1091 2706 qum
1112 2640 1147 2690 de
1170 2639 1333 2704 peonitentia
1351 2641 1424 2691 serio
1441 2642 1503 2690 acta
1521 2639 1608 2691 fldem
1631 2639 1746 2704 faciant,
1766 2652 1844 2691 eam·

159 2731 260 2783 nempe
282 2715 353 2776 rice,
373 2713 460 2763 allum
478 2713 601 2780 aliquem
620 2711 647 2762 id
673 2713 762 2776 egisse
783 2715 831 2763 aut
853 2712 975 2780 dixisse,
1025 2724 1081 2777 qne
1103 2713 1286 2775 promoveant
1317 2713 1403 2776 atque
1432 2713 1582 2776 procurent
1605 2727 1620 2758 ιι
1647 2722 1697 2776 per
1729 2723 1841 2763 omnem

159 2791 236 2858 quod
250 2790 431 2840 inauctorem
445 2797 480 2838 ex
497 2786 596 2836 merito
610 2782 821 2843 radiene,illum
833 2785 974 2851 denegari·
1025 2780 1217 2848 prosternendi
1239 2786 1268 2833 el
1291 2777 1493 2834 humilificandi
1512 2783 1635 2834 bominis
1653 2780 1840 2848 disciplinam,

160 2869 218 2916 tem
245 2872 296 2911 seu
318 2859 429 2923 lapsum
457 2857 617 2909 constituat.
643 2853 756 2920 Species
784 2856 879 2921 itaque
909 2857 975 2910 facil
1026 2854 1267 2906 conversationem
1281 2853 1472 2918 iniungentem
1486 2853 1843 2918 misericordiasillicem,s

160 2931 236 3000 qnod
264 2929 422 2994 Cyprianus
449 2927 497 2978 bic
525 2927 640 2992 respicit
666 2927 728 2977 baec
751 2927 845 2990 potius
873 2928 973 2990 fucrit,
1025 2931 1057 2978 ιιι
1074 2927 1112 2978 ait
1133 2924 1238 2976 Tertul.
1265 2923 1298 2975 de
1318 2925 1410 2976 Ponit.
1434 2925 1588 2978 lnieliclter
1607 2924 1721 2991 quidem
1745 2927 1844 2992 cessit,

160 3001 340 3054 Christianus
357 2998 431 3049 male
449 2996 503 3050 sibi
525 3002 663 3060 metuens,
684 3002 732 3048 eut
754 2997 897 3051 atbnicnrn
911 2999 976 3052 snb·
1025 2997 1101 3064 qnod
1115 2995 1182 3048 dum
1197 2995 1280 3061 prisci
1302 2997 1449 3061 scriptores
1468 2996 1677 3062 exomologesin
1695 3000 1724 3049 et
1736 2998 1843 3049 solem-

158 3073 244 3125 mitlit
257 3071 306 3137 qul
321 3071 380 3134 ejus
395 3083 543 3135 personam
556 3069 865 3134 induenssacriflcaret,
879 3072 976 3126 fidem·
1025 3083 1076 3122 nes
1107 3067 1279 3134 poenllenllae
1316 3080 1457 3120 aerumnas
1495 3068 1696 3122 satisfactionis
1727 3070 1843 3121 nomine

160 3159 215 3212 que
236 3143 362 3209 eiuraret,
396 3147 424 3193 el
441 3141 571 3192 libellum
595 3143 655 3193 slve
682 3141 807 3194 chartam
836 3115 1014 3197 certifica-C
1026 3143 1170 3203 omarnnt,
1185 3141 1294 3204 arrepta
1313 3141 1348 3190 sit
1363 3153 1430 3191 ansa
1445 3139 1602 3193 Socinlanls
1622 3141 1738 3207 aliisque
1750 3141 1842 3194 bera·

159 3218 259 3270 tortam
289 3213 427 3265 obtineret
458 3211 571 3264 alterius
601 3213 732 3276 nomine,
767 3227 823 3280 qna
854 3215 877 3266 el
906 3216 976 3271 forte
1026 3214 1090 3267 licis
1104 3211 1225 3264 docendi
1248 3211 1339 3276 ipsum
1362 3209 1516 3262 Dominum
1537 3215 1664 3263 nostrum
1684 3213 1842 3265 annaliter

160 3291 191 3342 ln
216 3285 402 3352 questionem
427 3284 521 3336 vocari
547 3285 703 3349 contigerit,
730 3283 756 3334 is
782 3297 813 3336 se
841 3287 975 3352 lueretur,
1025 3284 1194 3336 satisfecisse
1225 3297 1231 3332 ι
1258 3287 1286 3334 et
1306 3296 1341 3334 ex
1360 3282 1486 3347 adverso,
1515 3297 1580 3335 cum
1604 3285 1651 3334 alil
1679 3286 1841 3338 meritorum

160 3364 190 3414 et
212 3357 350 3410 delatores
372 3361 529 3408 averteret:
550 3357 630 3421 quasi
650 3353 760 3421 iegibus
779 3355 976 3421 imperatorum
1025 3355 1129 3408 Christi
1155 3353 1292 3405 vindicias
1318 3353 1539 3419 meditarentur,
1565 3357 1602 3406 lta
1623 3354 1705 3408 illurn
1733 3359 1843 3410 satiate-

160 3433 197 3484 ab
223 3433 283 3496 ipso
311 3427 424 3480 abunde
451 3429 535 3480 fucrit
566 3426 741 3480 satisfactum
767 3441 774 3478 :
803 3428 847 3480 vel
876 3430 976 3484 saltem
1025 3429 1098 3480 cisse
1124 3425 1305 3490 contendant,
1331 3428 1364 3477 ιιι
1392 3427 1531 3494 sacrilegii
1558 3427 1646 3479 instar
1668 3429 1714 3492 sit,
1738 3427 1762 3480 sl
1792 3435 1844 3481 nos

159 3505 249 3569 pretio
280 3504 329 3552 ant
356 3512 439 3566 prece
464 3499 620 3550 istiusmodi
649 3499 813 3552 tesserulam
841 3500 978 3556 obtineret
1025 3498 1150 3566 poenaies
1182 3497 1292 3564 sliquos
1321 3498 1495 3562 poenitemm
1529 3501 1609 3550 aelus
1648 3499 1841 3552 adhibeamus.

161 3589 225 3641 quas
245 3573 306 3624 haec
326 3573 363 3622 ita
384 3574 461 3636 geste
486 3571 572 3622 fuisse
593 3569 782 3636 profitebatur.
804 3571 841 3623 nt
863 3573 976 3640 quidem
1026 3569 1108 3622 Certe
1129 3571 1164 3621 ι).
1179 3569 1314 3622 Paulusa
1335 3569 1488 3622 Corinthiis
1511 3571 1570 3622 suls
1591 3570 1617 3622 ll
1639 3569 1716 3636 Con,
1731 3583 1780 3635 vu,
1800 3574 1843 3639 fl,

161 3647 257 3698 hocin
275 3656 344 3698 casu
359 3643 529 3694 libellaticus
551 3642 706 3694 rectissime
722 3642 832 3695 dicetur
851 3645 976 3698 iecisse:
1025 3639 1135 3694 videtur
1156 3641 1291 3706 exegisse,
1317 3654 1368 3692 non
1389 3640 1597 3692 sollicitudinem
1620 3642 1712 3706 modo,
1732 3644 1777 3695 red
1796 3645 1844 3696 dr·

161 3715 340 3782 «Quidquid
364 3716 436 3766 elius
463 3715 592 3767 faciendo
620 3709 771 3779 commisii,
799 3721 828 3767 et
856 3730 886 3770 se
912 3719 975 3769 infl-
1025 3711 1185 3776 sessionem,
1213 3712 1258 3764 sed
1290 3712 1517 3777 indignationem,
1547 3713 1594 3766 sed
1627 3715 1762 3778 timorem,
1797 3715 1844 3767 red

161 3789 253 3844 delam
286 3787 384 3840 illicita
415 3787 583 3839 nefariorum
618 3785 778 3838 libellorum
806 3789 977 3852 professione
1026 3783 1226 3846 θιιιιιθιὶθιῑθιιι
1247 3784 1292 3834 ‘td
1313 3783 1531 3834 vindicionem
1550 3783 1625 3835 ldflm
1646 3786 1806 3850 Al>⁰⁸l⁰luts
1830 3785 1843 3838 Ι

160 3861 325 3929 prodidisse.
353 3877 368 3906 r
397 3858 480 3912 Certa
504 3871 595 3924 nuper
624 3857 698 3923 apud
723 3871 775 3909 noa
800 3857 854 3911 sub
880 3860 978 3914 Crem·
1026 3853 1143 3919 Cor.,v,
1162 3855 1187 3920 t,
1209 3857 1237 3907 et
1259 3855 1292 3918 ll,
1311 3867 1362 3917 xu,
1380 3855 1421 3916 tt,
1442 3853 1578 3906 Ecclesiae
1596 3855 1626 3906 tn
1647 3854 1844 3922 delinquentes

160 3935 290 3986 malliana
321 3930 489 3996 tyrannide,
520 3943 586 3982 cnm
615 3929 762 3982 rebellium
791 3943 868 3982 arma
901 3934 976 3998 opti·
1026 3943 1163 3982 censuras
1183 3943 1240 3981 non
1261 3931 1322 3980 stne
1344 3927 1460 3994 publico
1476 3928 1556 3981 luctu
1574 3930 1688 3995 irrogari
1705 3931 1843 3998 ostendit;

161 4019 240 4058 mum
265 4004 420 4068 prinoipem
444 4001 655 4067 oppressissent,
678 4005 706 4053 et
726 4003 848 4055 victores
875 4003 904 4054 iu
929 4017 977 4058 eos
1026 4005 1053 4054 et
1080 4013 1194 4068 prorsus
1219 4000 1373 4053 absurdum
1397 3999 1540 4052 rideretur
1561 4005 1593 4052 ul
1617 4012 1634 4052 a
1658 4015 1732 4055 noxa
1760 4004 1844 4056 allani

161 4075 394 4143 impotentissime
415 4077 606 4140 grassarentur
626 4073 763 4139 quotquot
785 4074 813 4124 ln
835 4073 892 4128 tide
910 4088 977 4141 per-
1027 4074 1057 4124 in
1091 4083 1211 4125 moerore
1242 4076 1374 4137 agerent,
1407 4083 1473 4124 cum
1506 4072 1620 4124 interim
1650 4072 1780 4140 tlagltlosl
1813 4077 1843 4128 ln

161 4149 344 4208 manserunt;
371 4145 484 4212 plurimi
511 4145 590 4197 fuere
614 4145 662 4210 qui
692 4145 721 4195 in
749 4143 977 4200 cirenceastre
1027 4144 1135 4197 deliciis
1167 4143 1325 4196 volutarent
1355 4143 1495 4210 genioque
1530 4143 1716 4210 indulgerent.
1747 4145 1844 4201 Status

160 4219 339 4282 transierunt,
360 4221 388 4268 et
409 4222 504 4282 aperte
524 4215 712 4279 desciverunt,
731 4218 863 4281 apostatis
887 4231 978 4270 annu·-
1026 4217 1111 4284 buius
1136 4215 1259 4269 luctuosi
1282 4215 1412 4269 habiturn
1437 4216 1570 4270 describit
1600 4217 1789 4272 Tertullianus
1814 4222 1844 4275 ln

161 4290 296 4344 morandi
316 4289 394 4341 ιιιιιιι
418 4289 501 4342 etlam
522 4291 608 4352 erant,
629 4287 790 4350 modestius,
808 4291 839 4338 ut
861 4289 915 4340 sibl
935 4287 977 4341 vl·
1028 4289 1072 4341 tlt.
1096 4289 1129 4339 de
1151 4289 1244 4341 Poenit.
1267 4289 1304 4342 Ut
1324 4291 1368 4354 sit,
1389 4305 1405 4340 s
1427 4301 1509 4343 sacco
1534 4292 1563 4342 et
1586 4291 1673 4344 cineri
1698 4292 1833 4346 incubare

161 4364 310 4425 debentur,
336 4360 413 4424 mall,
436 4361 485 4426 qui
507 4358 650 4411 tesserulis
677 4357 844 4422 (cuiusmodi
867 4359 977 4413 traditas
1027 4373 1129 4428 corpas
1156 4360 1286 4414 sordibus
1317 4361 1486 4428 obscurare,
1522 4362 1647 4415 animum
1677 4365 1843 4420 maeroribus

161 4435 272 4486 fuerant
291 4433 411 4498 illisqui
432 4430 516 4482 fldem
539 4430 693 4483 rebellibus
712 4428 910 4496 obligaverant]
931 4433 977 4485 vel
1027 4434 1156 4499 dejicere,
1182 4434 1229 4485 illa
1256 4447 1320 4500 quer
1345 4435 1475 4500 peccavit
1501 4435 1572 4486 tristi
1597 4437 1762 4488 tractatione
1782 4451 1845 4491 rna·

160 4507 250 4571 pretio
266 4504 376 4570 emptis,
390 4507 440 4554 aut
463 4503 499 4554 ab
516 4501 622 4554 indutis
642 4514 789 4569 personam
811 4513 907 4554 eorum
926 4492 1103 4570 so-Dtere,
1132 4509 1267 4559 ceterum
1296 4511 1409 4571 pastum
1442 4510 1471 4558 et
1504 4509 1600 4572 potum
1633 4521 1704 4573 pura
1739 4521 1840 4574 nosse,

161 4577 269 4644 captiae
295 4575 473 4628 securitatem
503 4573 734 4642 paciscebantur;
763 4573 900 4638 jactantes
929 4575 977 4626 ln·
1027 4592 1084 4630 non
1115 4578 1221 4630 ventris
1261 4578 1386 4638 scilicet,
1418 4577 1468 4630 sed
1499 4579 1601 4630 animae
1635 4591 1741 4643 censs,
1779 4581 1844 4646 ple-

162 4651 294 4711 terim,se
308 4649 338 4698 ln
351 4647 407 4698 fide
428 4657 592 4712 permanere
609 4657 663 4696 nec
682 4658 732 4709 per
749 4645 854 4697 nefaria
872 4645 978 4700 loedera
1027 4663 1147 4716 rumque
1177 4661 1243 4702 raro
1271 4661 1369 4716 preces
1392 4649 1506 4716 ieiuniis
1531 4649 1622 4714 alere,
1642 4648 1842 4716 ingemiscere,

162 4723 316 4786 conjuratis
337 4719 530 4780 consensisse;
548 4717 614 4770 licet
629 4717 772 4768 tessemlm
795 4717 824 4768 ld
847 4729 977 4770 assercn-
1026 4723 1183 4788 lacrymari,
1208 4727 1236 4773 et
1258 4721 1367 4788 mugire
1390 4723 1450 4772 dies
1468 4725 1621 4787 noctesque
1639 4723 1673 4772 ad
1692 4721 1844 4778 Dominum

162 4795 214 4856 tis,
239 4795 394 4858 opportuno
427 4789 573 4842 mendacio
599 4802 629 4839 se
658 4789 842 4854 protexissent
869 4804 876 4839 :
902 4790 978 4856 qnod
1027 4795 1128 4854 Deum,
1144 4791 1313 4859 presbyteris
1329 4793 1449 4856 advolvi,
1465 4792 1558 4844 citaris
1571 4793 1623 4845 Det
1644 4793 1844 4860 adgeniculari,

161 4863 277 4932 quidem
291 4862 438 4914 bominum
458 4875 556 4928 genus,
577 4859 736 4912 libellaticis
754 4859 864 4912 vldelnr
879 4874 979 4914 accen·
1027 4865 1158 4918 omnibns
1182 4863 1314 4915 fratribus
1340 4863 1493 4929 legationes
1518 4862 1719 4929 deprecationis
1744 4867 1844 4930 injun-

161 4936 291 4989 sendum.
307 4931 389 4999 Apud
407 4930 554 4998 praesidem
570 4931 662 4998 ipsum
677 4935 763 4982 totam
775 4930 849 4983 banc
863 4944 977 4984 scenam
1027 4949 1100 5004 gere.
1122 4936 1192 4988 Haec
1209 4937 1304 4988 omnia
1325 4935 1538 5001 exomologesis.
1552 4952 1569 4986 r
1589 4935 1664 5002 lfrgo
1680 4939 1704 4988 si
1726 4949 1762 4989 ex
1780 4939 1842 4992 istis

162 5010 229 5062 olim
247 5009 336 5060 luisse
356 5006 526 5073 quandoque
543 5004 719 5068 adornatum,
737 5003 818 5056 docet
839 5017 890 5056 noa
907 5017 981 5070 prte-
1028 5008 1134 5076 eliqnid
1159 5007 1381 5070 desideraretur,
1405 5019 1463 5058 non
1489 5007 1541 5058 erit
1566 5007 1650 5072 plena
1680 5009 1847 5064 satisfactio.¹

162 5079 238 5134 dictu
273 5081 353 5146 epist.
391 5079 426 5130 ad
456 5076 591 5130 Antonias·
626 5077 663 5128 Et
699 5087 794 5128 revera
827 5077 882 5128 ulti
918 5079 978 5140 ipsc
1027 5083 1134 5136 interea
1152 5085 1246 5132 tamen
1265 5092 1323 5131 non
1346 5077 1464 5131 evanida
1482 5080 1589 5144 quasvis
1610 5081 1638 5131 et
1655 5080 1844 5145 perfunctoria

162 5154 285 5215 conscio,
299 5154 346 5203 vix
367 5149 513 5204 commode
528 5149 644 5214 transigi
658 5149 756 5214 potuit.
770 5148 830 5199 Imo
854 5147 977 5212 demum,
1028 5152 1159 5204 delibatio
1188 5151 1290 5202 borum
1324 5163 1441 5216 operum
1474 5149 1612 5214 sufficiet,
1645 5150 1711 5202 alibi
1745 5155 1844 5204 auctor·

161 5237 364 5290 nonnunquam
390 5235 484 5276 coram
509 5222 570 5287 ipso
597 5220 717 5287 praeside
741 5219 910 5271 libellaticos
937 5219 978 5270 dl·
1027 5227 1121 5276 noster
1147 5223 1263 5290 requirit
1290 5221 1391 5287 lonpom
1415 5226 1439 5272 et
1464 5221 1569 5288 pienonr
1591 5223 1787 5288 paenitentiam,
1812 5227 1844 5276 ut

162 5297 241 5350 sertis
271 5293 364 5348 verbis
394 5293 462 5346 llcct
494 5293 639 5358 privatim,
673 5291 815 5344 Christum
857 5295 978 5356 ejurasse
1029 5295 1155 5347 trabatur·
1190 5295 1236 5347 din
1275 5295 1447 5359 poenitentia,
1478 5295 1509 5344 ιιι
1544 5300 1627 5360 opont
1665 5295 1845 5360 poeniuntiorn

162 5371 271 5422 constat
292 5381 326 5418 ex
349 5367 427 5432 epist.
447 5365 489 5427 oo,
507 5365 543 5416 od
563 5365 635 5416 Para.
650 5375 728 5415 num.
742 5363 783 5426 68,
798 5361 847 5414 ubi
866 5361 977 5414 Martia-
1029 5367 1097 5432 lapsi
1114 5367 1189 5432 justo
1214 5371 1335 5432 ternpore,
1357 5369 1460 5416 utnon
1481 5367 1543 5416 onte
1569 5365 1715 5431 legitimans
1737 5373 1761 5420 et
1783 5368 1843 5435 pie·

162 5441 237 5492 liset
255 5439 390 5490 Basilides
410 5437 543 5490 dicuntur
557 5453 572 5484 ιι
593 5435 697 5487 libellis
719 5434 882 5486 idololatriae
905 5445 979 5485 conr·
1028 5451 1091 5489 nune
1119 5443 1220 5504 ternpus
1241 5435 1436 5500 mldfootionls,
1459 5449 1514 5500 pec
1537 5438 1737 5498 madernas,
1760 5442 1844 5505 eique

162 5511 317 5576 maculati,
343 5515 371 5563 et
401 5509 587 5562 nefandorum
616 5507 770 5560 facinorum
808 5505 979 5557 conscientia
1029 5511 1144 5574 opponit
1170 5509 1281 5560 veniam
1307 5507 1388 5559 oudo
1415 5513 1530 5573 ternpore
1554 5509 1664 5562 factam.
1695 5509 1844 5574 Quodnam

161 5584 296 5648 vincti»
322 5586 351 5634 et
373 5583 487 5643 iterum,
507 5599 522 5628 ι
547 5577 669 5631 nefando
694 5577 858 5630 idololatria
884 5575 978 5629 libello
1028 5595 1095 5633 nero
1128 5579 1262 5645 temporis
1293 5581 1414 5645 spatium
1443 5592 1494 5646 pro
1525 5585 1634 5634 maturo
1664 5581 1704 5633 et'
1720 5581 1844 5645 legitimo

163 5649 354 5708 conamina.
374 5672 389 5703 s
406 5653 486 5706 Unde
507 5652 589 5706 etiam
607 5651 636 5702 in
650 5665 666 5697 ι
685 5648 805 5714 publicis
826 5650 896 5702 actis
911 5661 979 5701 con·
1029 5652 1125 5706 baberi
1149 5651 1256 5712 dabam,
1282 5664 1339 5704 non
1365 5651 1437 5704 adeo
1465 5653 1494 5704 ln
1520 5657 1651 5718 promptu
1679 5653 1763 5704 tuerit
1790 5655 1846 5702 sta·

161 5727 312 5792 tlnabalur,
328 5725 480 5782 ldarttalem
500 5725 685 5777 contestatum
704 5721 800 5785 fuisse,
819 5735 850 5774 se
865 5721 984 5774 olricus·¹
1031 5729 1120 5778 luere.
1138 5723 1213 5778 satis
1229 5726 1347 5787 eonem,
1370 5722 1455 5789 paulo
1473 5727 1547 5789 ante,
1563 5727 1590 5776 et
1609 5727 1672 5788 poet
1691 5721 1845 5778 mnemon

162 5811 275 5892 perans
293 5799 468 5866 idololatria,
493 5803 522 5854 et
543 5795 696 5865 Christum,
717 5797 771 5848 etc.
792 5793 978 5852 »umanum
1030 5797 1196 5863 Nicaeum,
1228 5797 1257 5848 el
1280 5794 1462 5864 halcyontnm
1489 5793 1664 5851 ῦοιιιιιιιιιιιι
1690 5791 1844 5864 wara,
