3978 6204
60 273 95 328 lii
581 267 679 324 tinnit
701 267 744 322 DE
765 267 933 324 ibotiiiitiit
961 267 1132 324 inutilia.
1646 272 1697 328 bat

59 399 116 451 rinos
131 393 286 464 religionem
307 391 406 459 tenuit,
428 397 457 447 et
476 391 646 464 subjugum
667 391 772 448 missus
793 397 836 446 est
847 397 953 480 Asuui
977 391 1110 448 insinceri
1136 392 1192 464 (44)
1214 393 1243 447 at
1264 393 1329 464 vagi
1343 393 1410 464 (444),
1430 393 1490 467 qui,
1516 401 1703 481 posteaquam

58 497 75 546 44
91 491 161 543 rictus
175 488 208 524 ²⁸⁸
225 489 286 558 (41).
308 487 397 541 Pullos
418 485 517 540 edaces
537 486 590 558 (ia)
611 485 711 540 Paulus
725 485 834 552 habuit,
886 485 1006 540 terrenis
1030 484 1104 540 vitiis
1127 486 1254 542 immersi
1278 491 1361 554 sunt,
1385 495 1412 547 et
1435 507 1450 543 a
1475 489 1571 560 vigore
1597 491 1703 546 coelesti

57 582 143 654 etapud
155 583 261 640 Cannas
280 585 375 634 tamen
394 583 546 634 caesusest.
572 578 670 654 573
692 581 723 635 C.
744 581 836 636 Caesar
885 581 1001 633 terreno
1028 579 1160 650 contagio
1185 586 1376 648 recesserunt,
1402 599 1459 636 non
1484 582 1616 638 desinunt
1642 601 1704 656 per-

57 695 79 732 ue
91 683 144 730 ante
156 675 285 730 brumam
303 674 330 729 in
343 674 468 730 Africam
486 673 601 745 nauigia
619 673 644 708 ¹⁹
660 673 834 730 transmitte·
886 671 938 728 diti
949 673 973 706 ³⁰
982 657 1102 744 perdere
1112 678 1138 728 et
1147 673 1294 744 depravati
1307 689 1435 730 errorem
1449 676 1594 746 pravitatis
1607 678 1701 732 iniun-

57 769 258 840 rrtnuguriiset
277 767 409 839 auspiciis
432 767 636 834 renitentibus,
661 767 781 840 sprevit,
802 784 835 824 eo
885 765 962 822 dere.
990 767 1045 820 lios
1070 769 1100 820 et
1126 770 1217 838 poetae
1245 766 1392 822 dumanas
1419 771 1540 838 norunt;
1573 773 1702 826 Socrates

56 863 136 920 bailius
148 866 174 918 41
187 863 327 934 navigavit
339 865 369 918 et
380 861 455 918 vicit.
885 860 986 916 instrui
997 877 1026 914 se
1038 865 1067 916 et
1077 861 1140 932 regi
1153 860 1188 916 sd
1204 860 1354 916 arbitrium
1370 860 1508 916 demonis
1522 864 1703 934 praedicabat,

11 1005 12 1038 ζ
79 960 112 1010 t'l.
135 958 234 1012 tiorum
261 959 354 1012 autem
378 955 511 1011 omnium
539 956 610 1011 ratio
631 961 674 1012 est
699 956 747 1012 illa
772 972 836 1028 qum
885 959 914 1010 et
930 955 1023 1026 magis
1038 953 1105 1009 inde
1126 959 1168 1008 est
1186 953 1221 1010 ad
1242 954 1399 1026 perniciosa
1416 956 1459 1010 441
1482 956 1589 1012 ludicra
1605 962 1703 1030 poten-

11 1047 12 1114 ἶ
55 1050 261 1122 lallitetdecipit,
279 1054 307 1106 et
326 1050 476 1122 praestigiis
495 1050 663 1106 caecantibus
686 1050 834 1106 veritatem
885 1055 975 1116 tatus;
1008 1064 1131 1120 quorum
1162 1051 1259 1102 tamen
1291 1049 1451 1120 praecipuus
1484 1051 1616 1106 Hostanes
1648 1053 1701 1123 (46)

11 1153 12 1234 L
54 1145 143 1200 44411444
164 1151 190 1200 et
211 1144 358 1200 credulum
377 1146 431 1218 (43)
453 1145 553 1218 vulgus
576 1145 694 1200 inducit.
715 1144 835 1216 Spiritus
886 1141 1149 1216 574eti0rmarn
1165 1141 1223 1196 veri
1236 1141 1284 1196 liei
1296 1142 1351 1214 (41)
1368 1149 1453 1216 negat
1466 1143 1588 1216 conspici
1605 1161 1698 1216 posse,

705 1253 809 1318 Varia*¹
837 1254 1004 1318 lectiones.

11 1417 12 1422 ,
74 1365 136 1416 Ι4141
148 1366 235 1416 rictus
250 1365 386 1415 transtulit
398 1363 462 1414 edit.
477 1365 592 1428 44414444,
607 1366 694 1414 omisit
706 1363 794 1414 4144444.
828 1363 951 1414 ⁸⁹Nauis
970 1361 1043 1412 Cori.
1078 1359 1328 1412 ³⁰Perdltiuhesta
1345 1363 1451 1412 Gronau.

711 1473 885 1538 Veriorum
914 1477 1010 1536 notae.

11 1635 12 1652 ,
75 1585 113 1641 itti
139 1583 281 1634 1444444444.
312 1582 413 1633 Addidi
440 1583 515 1634 istud
541 1597 576 1634 ex
607 1583 677 1634 libro
703 1583 835 1634 Fuxensl.
886 1583 1055 1644 Lactantius,
1081 1583 1129 1634 lib.
1158 1597 1183 1644 u,
1212 1597 1271 1647 cap.
1301 1584 1328 1634 lt
1358 1597 1364 1630 :
1389 1583 1538 1650 aspiritus
1562 1593 1702 1643 contami-

10 1699 11 1714 ,
55 1655 176 1706 Audaciam
201 1657 281 1706 istam
301 1655 370 1705 mihi
399 1655 629 1715 44441144441444,
655 1655 727 1720 opud
752 1671 836 1720 quem
886 1657 941 1704 nati
965 1667 997 1705 ac
1020 1655 1117 1719 perditi
1147 1667 1318 1719 peromnem
1340 1659 1618 1722 torramvagantur.»
1644 1663 1701 1714 Bi·

10 1731 11 1774 1
54 1729 197 1790 itategitur:
220 1743 235 1774 4
259 1727 405 1778 Mancinus
428 1727 589 1790 religionem
611 1728 709 1786 tenuit,
736 1732 763 1778 et
783 1727 836 1778 suh
887 1739 948 1777 cuz.

10 1791 12 1860 ᾖ
53 1801 136 1862 signum
153 1799 305 1848 missusest
325 1797 577 1850 etdeditus.›>Pro
594 1813 627 1848 eo
650 1799 725 1863 quod
746 1795 874 1865 itinn-B
917 1799 966 1860 (4.4)
991 1799 1067 1862 Vnpi.
1091 1795 1318 1856 Commodianus,
1346 1797 1472 1848 instruct.
1501 1813 1530 1850 iv
1556 1815 1562 1848 r
1589 1805 1701 1856 (4114414

10 1891 11 1914 i
53 1869 160 1918 tiusdixit
184 1869 296 1930 deditus,
316 1871 386 1921 liber
410 1869 650 1920 Furensishahet
669 1870 835 1920 victualia·
887 1871 969 1919 modo
990 1870 1053 1934 vagi
1080 1871 1243 1918 subvertunt
1266 1881 1382 1931 corpora
1410 1871 1632 1938 mattenhem,
1657 1877 1702 1926 ln-

54 1953 96 1990 444.
885 1945 983 1991 struct.
999 1941 1050 1990 hl:
1073 1939 1246 1990 «Daemones
1268 1939 1296 1988 ln
1313 1939 1417 1989 mundo
1439 1941 1532 2004 vagi.»
1550 1943 1591 1994 144
1613 1947 1640 1996 444
1655 1961 1702 1997 re-

73 2013 111 2070 (14)
127 2010 211 2062 Pullos
229 2011 332 2061 edures.
356 2012 418 2062 Duo
439 2011 502 2062 libri
522 2015 630 2061 veteres
651 2009 755 2061 hahent
780 2009 836 2060 rut·
887 2013 937 2060 tari
961 2011 1058 2061 codice
1074 2011 1163 2060 saneti
1185 2009 1287 2061 Albini.
1307 2010 1358 2060 Pro
1379 2025 1435 2074 quo
1457 2011 1593 2076 Rigaltius
1611 2019 1702 2079 posuit

54 2089 109 2132 44444.
123 2081 172 2132 Sed
189 2082 317 2133 44144444
341 2096 397 2132 non
418 2083 550 2134 convenit
572 2095 638 2132 eum
657 2082 779 2132 historia.
797 2082 835 2132 Ea
885 2083 989 2144 capaci.
1005 2081 1178 2142 Prudentius,
1190 2082 1218 2130 in
1234 2081 1364 2130 Carmine
1376 2081 1410 2132 de
1423 2087 1520 2132 sancto
1537 2085 1700 2139 Vincentio:

53 2152 170 2204 admodum
185 2153 285 2205 festiva
303 2157 353 2204 est.
369 2153 499 2204 Reiorum
523 2156 616 2204 autem
632 2153 707 2204 441444
729 2167 762 2203 ex
781 2153 836 2202 Va·
886 2171 899 2196 «
916 2152 1028 2202 Adsunt
1040 2157 1067 2202 et
1082 2151 1139 2202 illio
1153 2152 1265 2216 spiritus
1278 2152 1349 2216 rugi,
1367 2153 1542 2216 impotentes,
1558 2157 1669 2210 sordidi.
1687 2176 1702 2208 s

53 2224 100 2274 14414
122 2223 243 2286 llaximo,
272 2223 321 2274 lih.
345 2237 363 2284 i,
390 2226 478 2288 capt
494 2239 530 2273 :e
548 2225 576 2273 P.
599 2223 735 2275 Claudius
762 2223 836 2274 hello
885 2224 990 2274 Baton.

54 2295 131 2346 lunico
156 2297 252 2360 primo,
281 2309 345 2347 cum
372 2296 499 2359 prrelium
526 2295 625 2346 navale
662 2297 836 2346 committere
917 2297 966 2358 (46)
984 2296 1120 2344 Hostanes.
1149 2293 1264 2344 Veteres
1291 2292 1427 2346 editiones
1459 2300 1486 2346 et
1523 2309 1619 2350 omncs
1647 2301 1704 2352 iera

54 2366 120 2425 441144,
139 2367 352 2431 auspiciumque
374 2379 451 2418 mors
480 2367 617 2429 majorum
642 2367 783 2430 petiisset,
810 2368 837 2414 at
886 2365 948 2415 libri
986 2369 1092 2416 veteres
1118 2363 1223 2414 habant
1256 2363 1397 2414 8444444444.
1441 2366 1580 2418 Manutius
1610 2374 1704 2434 posuit

9 2491 10 2498 χ
53 2435 223 2496 pullariusuon
248 2436 325 2486 exire
351 2449 435 2487 cavea
458 2436 550 2501 pullos
572 2437 735 2496 nuntiasset,
754 2435 836 2498 abjici
887 2441 1003 2491 0444444,
1038 2435 1177 2486 Pamelius
1213 2435 1347 2484 1444444444.
1373 2436 1409 2486 At
1434 2449 1487 2498 ego
1512 2439 1622 2492 0444444
1644 2444 1701 2493 vidi

9 2507 10 2568 j
53 2519 85 2552 444
109 2508 131 2556 44
153 2521 225 2557 mare
243 2509 330 2571 iussit
355 2507 634 2570 dicenstouiaesse
658 2507 768 2566 nolunt,
797 2507 836 2556 hi·
885 2508 1018 2570 scriptum
1044 2507 1071 2556 in
1091 2505 1179 2555 trihus
1200 2507 1322 2570 antiquis
1342 2505 1496 2568 codicibus,
1526 2511 1649 2564 4444444444
1673 2517 1701 2564 44

9 2585 10 2598 ³
53 2575 129 2626 bant»
149 2577 299 2628 Suetonius
319 2580 347 2628 in
370 2577 481 2628 Tiberio
497 2593 536 2626 :u
561 2575 695 2628 Claudius
719 2576 837 2626 Pulcher
886 2580 1049 2630 Turonensi.
1068 2579 1098 2628 ln
1120 2592 1175 2627 uuo
1194 2589 1256 2626 meo
1276 2579 1360 2626 veteri
1381 2579 1517 2642 scriptum
1540 2584 1701 2644 primosus·

54 2649 105 2710 apud
121 2649 237 2700 Siciliam
255 2663 313 2700 nan
338 2649 516 2713 pascentibus
535 2648 562 2698 in
586 2648 758 2712 auspicando
776 2649 836 2712 pul·
887 2656 926 2700 444
938 2652 1057 2710 Ostanes,
1078 2648 1128 2699 sed
1151 2653 1245 2712 postea
1263 2649 1304 2697 sic
1328 2650 1506 2701 emendatum
1524 2657 1565 2702 est
1579 2656 1702 2720 antiqui-

53 2718 81 2776 ts,
102 2733 129 2768 ac
152 2734 198 2783 per
222 2723 416 2783 contemptum
438 2720 579 2784 religionis
604 2719 672 2768 mari
701 2719 837 2769 demersis
887 2728 931 2772 tas
945 2727 975 2772 ut
997 2721 1189 2771 ostenderetur
1211 2719 1388 2770 scribendum
1409 2735 1470 2771 essa
1487 2723 1616 2776 Santones.
1640 2725 1702 2789 Quo

54 2795 73 2837 ut
93 2789 336 2856 biberentquando
354 2803 416 2841 esse
438 2791 552 2850 nollent,
579 2790 707 2854 praelium
737 2791 836 2840 navale
886 2791 968 2841 modo
989 2793 1124 2854 scriptum
1151 2795 1192 2841 est
1215 2789 1297 2840 etiam
1324 2793 1351 2840 in
1382 2791 1649 2856 Gratianopotitana
1669 2798 1700 2847 ln

53 2861 104 2921 iniit3
126 2867 332 2928 superatusque,
357 2875 423 2912 cum
448 2861 609 2912 dictatorem
637 2861 729 2911 dicere
752 2873 770 2910 4·
788 2875 837 2912 se·
886 2863 1012 2926 Apolopiu
1032 2862 1142 2925 Apuleii
1168 2865 1281 2912 vocatur
1301 2861 1446 2912 llostnnes.
1466 2862 1538 2914 Citat
1564 2865 1639 2917 laune
1663 2868 1702 2917 le

53 2937 99 2980 natu
120 2933 267 2994 juberetur,
297 2934 404 2983 ilicium
427 2933 559 2982 viatorem
591 2945 674 2981 suum
704 2931 789 2981 dedit.
822 2951 835 2978 4
886 2947 949 2984 eura
974 2939 1087 2983 sanctus
1107 2935 1291 2996 Augustinus,
1307 2933 1355 2982 lib.
1376 2946 1416 2994 vr,
1440 2935 1476 2982 114
1496 2935 1621 2998 baptism.
1643 2951 1701 2986 can-

54 3001 164 3068 iiincjact
190 3005 267 3056 Pauli
289 3005 363 3068 apud
385 3003 548 3066 Martialem,
573 3003 621 3052 lib.
649 3015 668 3064 r,
693 3003 776 3067 epigr.
795 3001 834 3052 49.
886 3012 926 3053 tra
954 3006 1116 3064 0444444444,
1148 3018 1208 3068 cap.
1233 3007 1273 3054 44.
1304 3004 1374 3054 Vide
1409 3004 1570 3066 Seldenurn,
1599 3007 1644 3058 lib.
1672 3023 1701 3072 v,

53 3073 149 3126 Similem
174 3078 260 3128 ferme
286 3076 428 3126 historiam
451 3075 485 3125 414
503 3075 532 3124 C.
557 3074 695 3124 Flaminio
720 3074 836 3124 consule
886 3088 946 3138 cap.
975 3077 1013 3134 ll,
1043 3077 1078 3125 414
1101 3075 1166 3124 iure
1189 3075 1313 3124 4444444444
1334 3081 1356 3124 44
1380 3076 1509 3125 Gentium.
1539 3078 1645 3130 Banna.
1670 3107 1701 3118 -

54 3145 222 3198 narratCicero
246 3149 277 3198 in
302 3147 373 3196 libro
396 3147 485 3210 primo
507 3145 539 3194 dc
562 3146 742 3194 Divinatione.
767 3145 955 3232 HaecCPliu.
968 3145 1016 3195 lib.
1033 3158 1107 3204 xxx,
1123 3159 1182 3209 cap.
1202 3147 1212 3195 l
1230 3161 1236 3194 4
1254 3165 1267 3190 «
1280 3147 1389 3195 Primus
1411 3151 1499 3196 exstat
1522 3153 1562 3198 tut
1587 3151 1701 3213 quidem

53 3223 98 3266 44444
113 3219 260 3278 ejusverba
283 3235 318 3267 :u
343 3217 418 3268 idem
438 3230 502 3268 eum
529 3216 650 3280 tripudio
672 3217 836 3278 auspicare—
887 3217 1008 3276 invenio)
1027 3221 1228 3266 commentatus
1247 3216 1281 3266 de
1306 3229 1338 3266 en
1363 3217 1488 3278 Ostanes,
1512 3219 1631 3272 Xerxem
1655 3235 1702 3272 44-

53 3291 90 3343 iii,
107 3289 232 3350 pullarius
262 3289 335 3340 diem
359 3289 446 3352 praelii
469 3287 659 3338 committendi
684 3287 834 3338 differebat.
886 3301 947 3351 gem
969 3287 1124 3346 Persarum,
1146 3286 1319 3350 bello‚quod
1336 3288 1359 3336 is
1381 3289 1408 3336 in
1438 3287 1573 3339 Graeciam
1599 3292 1701 3354 intulit,

53 3355 102 3407 1444
116 3359 260 3412 Pleminius
276 3373 310 3411 ex
332 3373 364 3410 eo
386 3359 525 3423 quaesivit,
548 3359 571 3409 si
596 3371 630 3408 ne
654 3363 747 3422 postea
776 3359 836 3422 qui·
886 3359 1049 3418 comitatus;
1075 3371 1109 3408 ac
1129 3359 1205 3408 velut
1224 3359 1330 3408 semina
1349 3359 1415 3408 artis
1442 3361 1607 3422 portentosae
1624 3377 1700 3427 spar-

52 3427 95 3477 deu
117 3433 177 3494 pulli
203 3435 398 3496 pascerentur,
419 3429 487 3493 quid
510 3429 670 3480 laciendum
701 3434 835 3490 censeret,
886 3429 930 3492 sit,
947 3429 1037 3482 obiter
1057 3431 1170 3486 iniecto,
1191 3442 1369 3492 quacumque
1393 3437 1607 3494 commeaverat,
1621 3447 1701 3483 muri·

53 3511 97 3549 4444
123 3505 164 3552 4114
197 3503 400 3568 quiescendum
441 3501 639 3564 respondisset,
672 3501 834 3562 Flaminius,
886 3501 928 3550 do.
946 3501 999 3551 ilic
1024 3503 1142 3550 maxima
1166 3499 1282 3550 Ostanes
1307 3500 1342 3550 ad
1367 3500 1480 3560 rabiem,
1505 3515 1560 3552 non
1587 3503 1701 3555 aridita-

53 3573 154 3632 preelara
178 3589 242 3627 rere
267 3575 402 3638 suspicio,
428 3575 451 3622 si
467 3574 655 3624 esurientibus
682 3573 765 3636 pullis
793 3587 836 3624 res
887 3575 941 3622 tem
957 3571 1175 3622 modoeciantim
1200 3571 1449 3634 emathaeorum
1475 3573 1671 3640 populosegit.
1687 3596 1700 3623 a

53 3645 92 3700 4444
112 3649 211 3708 poterit,
240 3647 345 3696 saturis
372 3645 441 3695 nihil
467 3649 584 3708 geretur.
616 3645 713 3707 itaque
757 3645 835 3708 sigua
886 3641 1004 3694 litetur.

54 3717 143 3765 44444114
158 3723 183 3767 44
197 3717 322 3780 sesequi
337 3716 427 3779 jussit.
442 3715 505 3778 Quo
528 3721 651 3778 tempore
671 3727 734 3764 cum
754 3715 836 3779 signi·
917 3714 966 3774 (47)
1002 3713 1124 3762 Formam
1154 3711 1211 3762 ceri
1232 3710 1285 3760 4144.
1309 3711 1424 3770 Plinius,
1446 3713 1494 3764 lib.
1520 3727 1548 3776 11,
1572 3729 1633 3780 cap.
1656 3719 1697 3768 7:

54 3781 80 3830 ta
95 3786 161 3846 primi
187 3789 288 3840 hastati
314 3789 423 3851 signum
443 3801 499 3836 non
517 3791 610 3849 posset
628 3799 740 3837 movere
763 3786 834 3844 loco,
886 3801 899 3826 «
917 3783 1044 3847 Effigiem
1069 3783 1118 3834 Dei
1147 3783 1319 3847 farinamque
1347 3783 1460 3834 credere
1497 3785 1696 3839 imbecillitatis

53 3859 250 3924 necquidquam
279 3859 433 3922 proliceret,
453 3859 546 3920 plures
568 3869 632 3907 eum
660 3857 835 3920 accederent,
885 3853 1015 3904 humanm
1042 3867 1110 3904 reor.
1136 3873 1149 3900 »
1177 3854 1311 3916 Apuleius
1342 3853 1371 3902 ln
1397 3853 1526 3919 Apolopln
1554 3871 1597 3906 :a
1622 3859 1709 3911 Deus·

54 3921 177 3980 Flaminius
203 3931 363 3980 renuntiata
386 3941 437 3978 suo
463 3941 539 3978 more
568 3929 698 3991 neglexit.
741 3927 836 3991 ltaque
885 3929 982 3989 paucis
1005 3925 1169 3984 cogitabilis,
1187 3927 1292 3976 nemini
1311 3925 1467 3976 effabilis.»
1492 3928 1602 3980 Attalus
1624 3945 1701 3981 mar-

54 3996 119 4046 trihus
144 3999 213 4050 liaris
233 4001 367 4051 concisus
387 3999 536 4054 exereitus,
561 4003 644 4062 etqua
669 3999 728 4062 ipse
752 4000 835 4050 iuter·
885 4001 928 4059 tyr
941 3997 1013 4060 apud
1029 3997 1169 4055 liuiluum,
1187 3995 1234 4046 lib.
1250 4009 1278 4056 v,
1297 4010 1357 4060 cap.
1376 3997 1400 4056 3,
1418 3998 1603 4062 interrogatus
1624 4003 1700 4065 quod

53 4065 118 4118 iectus
127 4075 171 4121 est.
185 4091 198 4118 4
211 4073 284 4122 Vide
300 4071 441 4120 Valerium
457 4070 619 4130 blaximum,
642 4068 690 4118 lib.
704 4083 722 4130 1,
735 4080 795 4132 cap.
810 4071 833 4120 tl.
885 4079 987 4116 nomen
999 4067 1115 4117 haberet
1133 4067 1209 4117 Deus
1235 4067 1376 4130 respondit
1389 4082 1395 4114 :
1409 4083 1423 4116 4
1439 4067 1492 4130 041
1516 4070 1609 4132 plures
1633 4078 1702 4122 sunt

54 4133 136 4190 leonem
150 4142 432 4205 cavaaeetpullorum
453 4153 487 4191 ex
510 4141 631 4204 antiquis
646 4142 835 4190 monumentis
885 4138 1044 4188 nominibus
1058 4137 1261 4188 discernuntur.
1287 4137 1341 4200 Qui
1364 4151 1438 4188 unrrs
1459 4143 1573 4190 estnon
1593 4141 1698 4204 indiget

53 4209 361 4276 arctissimarum,
382 4226 443 4276 cap.
467 4211 504 4274 40,
523 4212 717 4275 Antiquitatum
740 4213 834 4262 ilame-
884 4210 1005 4259 nomine.
1024 4228 1037 4255 4
1060 4209 1163 4258 Marius
1179 4209 1339 4259 Victorinus
1365 4209 1443 4262 initio
1474 4209 1535 4261 libri
1561 4211 1598 4262 da·
1617 4213 1699 4262 Gene-

53 4289 132 4332 saram,
147 4287 246 4336 ΒΜ,
884 4280 988 4330 ratione
1007 4280 1100 4330 4144444
1120 4294 1128 4330 :
1151 4298 1165 4324 «
1190 4280 1231 4330 De
1249 4281 1308 4330 Dan
1331 4280 1425 4332 dicere
1451 4295 1534 4345 supra
1558 4281 1700 4336 hominem

74 4351 110 4413 (iij
132 4355 278 4408 Credulum.
321 4357 358 4406 lta
389 4355 570 4406 scribendum
598 4367 658 4404 esse
687 4354 835 4404 arbitratus
885 4349 1002 4402 audacia
1029 4357 1079 4401 est.
1111 4369 1124 4398 4
1151 4351 1257 4412 Cicero,
1282 4351 1328 4402 lib.
1359 4365 1366 4401 r
1393 4353 1551 4403 4444144444
1577 4355 1701 4420 Deorum,

53 4429 171 4488 44[444444
194 4431 232 4478 444
256 4429 392 4490 seriptum
415 4427 556 4476 44444444
582 4425 670 4474 trihus
690 4424 835 4476 codicibus
885 4422 923 4470 uit
942 4423 1064 4485 speciem
1090 4422 1141 4472 Dei
1169 4423 1288 4485 perspici
1314 4423 1489 4484 cogitatione,
1519 4437 1573 4474 nou
1606 4437 1700 4476 sensu.

53 4493 104 4541 etin
116 4498 226 4549 editione
239 4513 304 4564 quae
324 4499 425 4548 dicitur
439 4495 533 4546 Grovii
556 4509 605 4560 pro
623 4509 655 4546 eo
678 4496 752 4560 quod
775 4497 833 4546 edi·
844 4523 873 4594 D
885 4492 1039 4554 Lucretius,
1056 4493 1104 4544 lib.
1119 4507 1127 4543 1
1144 4495 1260 4544 :«1)eus
1274 4495 1359 4543 animi
1380 4495 1425 4544 rix
1449 4501 1541 4546 inante
1554 4496 1671 4546 ridetur.
1686 4516 1700 4544 4

53 4561 119 4614 tiones
137 4575 161 4617 et
183 4570 295 4634 quidem
320 4569 382 4618 libri
414 4571 520 4618 veteres
547 4566 652 4618 hahent
681 4567 832 4630 prodigum·
886 4563 1053 4626 Lactantius,
1070 4566 1097 4614 in
1115 4565 1185 4614 libro
1201 4566 1232 4612 de
1258 4566 1304 4614 ira
1331 4565 1384 4626 Dei,
1410 4579 1469 4630 cap.
1497 4567 1522 4615 ll
1554 4579 1559 4613 :
1588 4568 1700 4630 «Apud

53 4631 190 4688 4444414144
210 4641 293 4691 lectio
314 4639 375 4689 libri
393 4640 572 4699 Turonensis,
595 4651 658 4701 quas
678 4637 834 4688 1441444444-
885 4636 1100 4700 Xenophontem
1124 4635 1252 4686 Socrates
1276 4636 1421 4698 disputans
1448 4637 1486 4686 ait
1508 4638 1623 4686 sormam
1648 4638 1699 4688 Dei

52 4702 120 4766 deum,
145 4710 259 4761 ostendit
283 4711 364 4760 istam
390 4723 452 4759 esso
474 4722 575 4760 reram.
605 4709 834 4771 Vulgatissimum
884 4721 939 4756 riou
958 4705 1700 4771 44441444444444441.»Α44444444,141).44484444444

53 4781 82 4822 est
105 4780 209 4831 inueniri
232 4783 391 4845 frequenter
412 4781 439 4830 iu
464 4779 605 4831 veteribus
631 4779 708 4829 libris
734 4793 826 4829 manu*
884 4779 968 4828 vultis
994 4780 1088 4829 audire
1112 4779 1287 4838 seutentiam,
1311 4781 1357 4826 aut
1379 4777 1485 4828 nnllam
1516 4778 1602 4828 habet
1624 4781 1700 4830 Deus

53 4847 136 4909 scriptia
157 4853 293 4904 crudelem
314 4865 363 4915 pro
383 4850 497 4902 credulo
520 4855 548 4900 et
573 4862 588 4898 e
608 4863 751 4908 converso,
773 4864 834 4902 cru·
883 4849 1010 4910 44444444,
1025 4850 1105 4898 autsi
1124 4849 1287 4898 informatus
1301 4853 1343 4898 est
1356 4848 1457 4912 aliqua,
1469 4861 1503 4898 ex
1516 4862 1571 4912 qua
1586 4851 1622 4899 sit
1638 4863 1703 4914 pro-

53 4913 164 4972 delitatem
183 4927 262 4973 etiam
286 4937 335 4986 pro
361 4921 528 4972 credulitate
555 4926 583 4971 et
607 4935 622 4971 e
645 4935 787 4982 converso,
804 4925 834 4971 ut
884 4921 956 4971 secta
968 4922 1117 4971 nescimus.
1134 4921 1186 4969 Dio
1206 4918 1329 4978 Cassius,
1355 4919 1402 4968 lib.
1426 4932 1543 4976 xxxvii,
1562 4933 1647 4982 agens
1664 4921 1699 4972 de

54 4993 124 5038 nonni
140 4993 200 5054 jam.
230 5007 291 5058 pag.
318 4995 373 5044 483.
401 4991 470 5042 Vide
493 4997 558 5042 tam.
578 4993 602 5041 11
620 4991 831 5054 Capiiutarium,
882 4991 1166 5042 Deodudoeorurnait
1183 4989 1443 5040 illosDeunrsuum
1462 4989 1632 5042 ineffabilem
1657 4992 1700 5040 in-

54 5063 212 5118 444-4111414
234 5063 405 5124 Corheiensi,
427 5062 535 5114 44444444
557 5069 579 5112 et
601 5062 740 5124 crudelem,
757 5064 832 5128 quod
883 5063 1077 5126 visibilemque
1090 5063 1274 5113 existimasse.
1289 5061 1438 5112 Cassianus
1450 5061 1549 5112 Callet.
1559 5075 1588 5122 v,
1600 5065 1699 5128 capi,

54 5129 332 5199 iiutatonepravatum
348 5140 439 5185 estex
461 5133 553 5198 aliqua
576 5139 667 5186 vetare
687 5137 832 5197 scriptura,
881 5133 1010 5197 disputat
1037 5133 1169 5182 adversos
1191 5145 1287 5182 eorum
1308 5132 1513 5196 simplicitatem
1530 5133 1577 5196 qui
1593 5135 1701 5184 incom-

54 5211 99 5258 iiie
116 5203 235 5258 habuisse
259 5207 368 5257 ridetur
390 5205 534 5256 credulum.
553 5206 624 5256 illud
646 5220 721 5268 vero,
744 5207 832 5270 prodi·
883 5203 1098 5268 prehensibilem
1122 5204 1178 5253 ucri
1204 5204 1327 5252 numinis
1353 5205 1528 5266 majestatem
1567 5203 1620 5254 sub
1648 5206 1700 5254 cir-

55 5281 106 5329 4444,
116 5275 180 5326 unde
192 5279 337 5342 irrepserit,
357 5291 413 5328 non
434 5276 523 5327 habeo
539 5276 649 5328 dicere:
673 5279 727 5328 nisi
742 5278 832 5341 scrip·
883 5276 1098 5338 cumscriptione
1122 5275 1241 5338 alicujus
1264 5275 1404 5324 aestimant
1423 5273 1602 5324 adorandam.
1628 5275 1699 5326 Vide

56 5344 98 5390 turn
118 5347 174 5396 olim
209 5350 294 5400 luisse
321 5347 450 5412 perditum
464 5361 474 5410 ,·
495 5348 585 5413 deque
623 5347 670 5397 illo
701 5347 832 5410 perditum
883 5345 1013 5398 eumdem
1027 5345 1177 5396 lih.v11rde
1195 5345 1294 5394 Habitu
1310 5345 1509 5406 Nanneiorum,
1525 5358 1586 5410 cap.
1599 5348 1622 5396 t.
1638 5345 1700 5397 Sul·

55 5409 181 5468 4444444414
203 5419 335 5484 imperitis
353 5420 544 5482 4444144444.44
561 5419 663 5470 deinde
681 5419 831 5482 prcdtpam.
883 5417 967 5480 pitius
981 5415 1108 5474 Severus,
1130 5415 1178 5464 tib.
1198 5427 1216 5464 u
1243 5416 1332 5464 Sacra
1351 5415 1486 5464 Historiis:
1499 5435 1513 5462 4
1526 5414 1699 5478 Responsum

56 5477 131 5536 Perdita
164 5489 286 5542 homines
321 5491 453 5542 dicuntur
488 5490 617 5542 scelerati
658 5503 692 5541 ac
723 5489 831 5540 4444444.
883 5491 924 5538 est
951 5488 1068 5537 lormam
1098 5487 1149 5536 Dai
1175 5485 1337 5536 mortalibus
1373 5487 1463 5536 oculis
1490 5487 1608 5550 perspici
1642 5501 1698 5536 non

57 5549 148 5608 literar.
883 5571 971 5622 posse.
1000 5573 1014 5605 »
1040 5557 1123 5621 Apud
1153 5557 1321 5616 iuvencum,
1346 5557 1393 5608 lib.
1419 5570 1437 5608 11
1471 5559 1536 5608 11444.
1562 5557 1698 5621 danapri,

79 5627 117 5686 ‘iii
135 5632 237 5694 Spiritus
257 5634 389 5686 insinceri.
408 5633 499 5698 Supra
521 5635 548 5684 in
570 5634 692 5698 Epistola
718 5632 754 5684 ad
781 5635 832 5683 Do·
883 5629 1012 5682 Christus
1025 5629 1140 5692 loquens
1152 5627 1185 5678 de
1197 5634 1273 5692 petra
1290 5631 1346 5678 ait:

57 5701 125 5747 artam
153 5717 160 5750 :
185 5705 342 5756 «immundi
370 5711 399 5756 et
434 5706 542 5758 erratici
577 5705 704 5769 spiritus.
726 5723 740 5750 »
782 5705 832 5755 ldi-
914 5701 996 5766 liujus
1008 5702 1077 5750 eninr
1095 5715 1185 5750 444444
1201 5713 1341 5763 numqaum
1360 5700 1584 5764 rrarnprehendere
1598 5699 1698 5761 quistis,

58 5769 175 5820 tritium«
197 5775 312 5840 Spiritus
339 5781 406 5828 sunt
433 5777 573 5837 insinceri,
591 5778 662 5840 vagi,
689 5791 704 5826 a
727 5775 832 5826 cmlcsti
914 5775 965 5824 Noc
983 5774 1098 5836 spiraciam
1113 5774 1246 5837 proprium
1263 5773 1392 5823 coacessit
1405 5774 1487 5822 visere
1502 5771 1588 5822 vobis.
1779 5831 1780 5838 ἵ
1863 5831 1866 5840 Ι
1900 5791 1925 5826 ,-

59 5835 130 5901 rigam
142 5845 247 5900 terrama
262 5848 371 5902 tabibus
393 5853 421 5902 et
433 5847 630 5916 cupiditatibus
650 5847 833 5916 degravati.»
883 5845 1002 5900 Rufinus
1016 5845 1064 5899 tib.
1092 5855 1111 5898 u
1131 5843 1351 5922 apologiarum:
1373 5843 1461 5900 «Neo
1481 5843 1566 5910 euim,
1586 5844 1617 5896 ut
1634 5840 1698 5911 qui·
1782 5837 1784 5842 ’
1815 5841 1944 5918 MNT,
