4012 6192
99 261 142 322 iii
679 261 781 346 Libuit
799 261 844 323 liii
865 261 978 324 baana
996 263 1169 324 biiii‘iiiili.
1714 259 1766 324 821

98 387 155 440 nota
176 397 283 456 proque
313 381 450 456 ingenita
477 381 612 440 claritatis
634 382 795 458 insignibus
819 405 899 461 expe·
909 387 1094 472 Aepostoius
1109 383 1274 442 exclamarit
1293 389 1321 440 st
1338 383 1411 441 dixit
1420 383 1444 421 ³⁹
1462 401 1468 442 :
1485 383 1554 442 iiiiii
1571 398 1660 441 arcere
1674 382 1764 445 Ciris·

98 477 183 547 tenda,
200 480 296 536 tamen
311 479 375 550 plus
389 477 498 536 addidit
511 479 666 536 necessitas
682 481 818 553 temporis
832 483 902 540 desi·
951 485 994 537 tus
1009 485 1087 536 estet
1101 479 1285 534 morilucrum
1300 477 1441 552 (Philipp,
1457 496 1477 550 1,
1491 477 1548 549 11).

98 572 900 648 doriovoluutatis³¹.Eteuimestinmuneribusmagnisii,
984 574 1038 632 liV.
1063 572 1264 642 Quamobrem,
1285 572 1442 629 charissimi
1460 574 1571 641 iratres,
1591 571 1646 627 ilde
1666 572 1761 642 firma,

97 667 117 722 si
136 682 167 722 eo
190 672 320 740 tempore
344 666 407 738 quis
431 671 586 722 coronetur
605 683 662 739 quo
686 674 848 725 coronatum
871 685 901 725 se
950 666 1099 724 devotione
1111 665 1235 734 robusta,
1249 668 1347 720 contra
1360 665 1484 720 mines*⁰
1497 665 1593 721 saeculi
1606 669 1713 722 atroces
1732 671 1762 722 et

11 781 12 784 ¹
97 763 181 833 putat,
201 761 225 814 si
246 761 321 817 iortc
341 761 490 816 moriatur.
513 760 613 832 Igitur,
636 777 700 816 cum
722 762 757 818 sit
778 762 900 821 sublime
950 781 1067 836 asperos
1082 763 1297 835 insequentium
1317 761 1448 818 irevuitus
1464 763 1579 818 adversa
1593 763 1697 819 virtute
1716 779 1763 819 ra·

98 854 292 927 excelsumque
313 854 496 926 martyrium,
512 871 588 910 nunc
610 855 701 926 magis
720 857 775 928 (li)
792 862 834 912 est
852 873 902 912 ne·
950 857 1109 914 sistendum
1125 861 1235 912 estnec
1252 855 1420 924 timendum,
1435 871 1556 927 quorum
1574 871 1638 926 spes
1655 857 1766 912 esterni-

97 948 244 1005 cessarium
267 949 380 1022 quando
403 949 528 1006 mundus
549 949 610 1022 ipss
632 949 816 1020 subvertitur,
838 967 901 1023 par·
952 951 1016 1008 tatis
1034 955 1063 1006 et
1077 950 1133 1007 vita
1148 950 1270 1008 ccelesiis
1287 956 1338 1018 est,
1353 963 1531 1022 quorumque
1546 947 1631 1004 ardor
1643 949 1673 1004 in
1687 949 1764 1022 cupi·

95 1042 194 1114 ilmque
207 1042 276 1098 orbe
290 1058 424 1098 concusso
438 1046 541 1099 natura
555 1043 689 1099 deficiens
703 1043 797 1100 ultimi
811 1045 900 1102 exitus
950 1045 1045 1102 dinem
1067 1044 1137 1100 lucis
1157 1043 1331 1112 accenditur,
1353 1045 1383 1098 et
1400 1043 1475 1096 salus
1493 1040 1528 1096 de
1550 1041 1690 1113 promisse
1710 1041 1763 1097 im-

95 1140 235 1191 momenta
250 1138 380 1192 testatur.
396 1137 469 1192 Nam
481 1140 509 1192 et
521 1153 587 1192 cum
601 1135 670 1193 coelo
682 1137 776 1192 imber
787 1137 900 1194 incum-
949 1138 1126 1194 mortalitate
1141 1137 1263 1194 laetatur.
1280 1139 1336 1192 iioc
1354 1152 1419 1192 vero
1433 1133 1508 1207 quod
1526 1134 1635 1190 catenis
1652 1137 1762 1191 arctan-

94 1227 139 1298 bit,
152 1229 277 1300 pluviam
291 1229 400 1286 tristem
413 1246 464 1288 ner
472 1229 624 1303 pretendit
635 1231 669 1298 ³³,
680 1235 708 1286 et
720 1230 828 1303 quoties
839 1235 900 1288 atre
949 1231 1025 1288 tibus
1039 1247 1144 1288 manns
1155 1231 1260 1288 stricta
1275 1233 1304 1286 et
1316 1230 1479 1286 circumacti
1494 1245 1595 1302 graves
1608 1228 1764 1286 cervicibus

96 1325 243 1394 tempestas
251 1324 381 1380 horrenti
393 1324 524 1380 imminet
533 1324 646 1397 pelago,
656 1324 792 1396 perinler
801 1328 900 1396 aperta
950 1341 1040 1381 uerus
1052 1324 1144 1381 solido
1158 1324 1323 1396 deprimunt
1337 1322 1471 1395 pondere,
1487 1323 1532 1379 vel
1548 1322 1625 1395 qnod
1640 1323 1763 1396 equulco

95 1417 209 1488 nubium
228 1422 313 1475 nocte
331 1417 543 1474 coruscantium
565 1416 684 1473 iulmine
707 1417 897 1486 relucescunt3
949 1434 1050 1490 corpus
1065 1423 1214 1474 extensum
1233 1417 1368 1474 cadentes
1385 1416 1488 1472 stridet
1500 1417 1536 1473 ad
1555 1415 1688 1486 laminas,
1704 1433 1761 1472 non

96 1511 138 1566 sed
148 1514 250 1566 etcum
264 1527 342 1566 mare
353 1510 466 1584 magnis
475 1509 607 1566 ssuctibus
620 1510 749 1578 coicitur,
762 1510 899 1582 paulatim
950 1511 1099 1584 expetendi
1117 1510 1266 1583 sanguinis
1283 1510 1330 1566 sed
1345 1509 1510 1566 tentationis
1524 1513 1567 1564 est
1579 1525 1674 1565 causa.
1690 1510 1763 1568 Nam

95 1605 161 1660 unda
180 1621 211 1660 se
230 1603 315 1672 tollit,
330 1602 523 1676 paulatimque
541 1621 638 1677 aequor
654 1603 782 1672 albescit,
807 1603 899 1661 donec
950 1608 979 1662 et
986 1605 1077 1678 ipsam
1087 1603 1216 1676 martyrii
1228 1603 1431 1676 dignitatcmt¹
1446 1603 1689 1675 quemadmodum
1699 1617 1764 1675 poe·

91 1714 181 1754 cernas
196 1697 236 1754 ita
248 1697 434 1771 postmodum
447 1713 530 1754 ruere
543 1703 574 1764 qt
587 1697 617 1753 in
631 1697 688 1752 illis
699 1697 722 1733 ³⁴
734 1696 838 1770 quibus
852 1715 895 1754 re·
950 1715 1044 1755 semus
1057 1714 1222 1772 agnoscere,
1237 1697 1291 1753 nisi
1306 1697 1387 1754 illam
1402 1698 1490 1752 etiam
1504 1713 1568 1752 cum
1582 1696 1688 1752 damno
1703 1711 1762 1752 cor-

92 1791 213 1847 tunditur
231 1791 306 1848 saxis
324 1807 455 1865 spumam
475 1790 558 1848 altius
573 1791 664 1864 J'aciat
679 1807 768 1864 quam
787 1763 1024 1864 undamssporis
1036 1791 1126 1848 nostri
1141 1807 1314 1864 cogeremur
1326 1789 1445 1864 optaret
1458 1789 1537 1847 Sensi
1554 1789 1762 1862 equidem,nec

92 1885 224 1941 tumidum
249 1886 369 1958 pelagus
390 1884 553 1960 exspuebat.
574 1885 657 1958 Legis
677 1885 816 1959 scriptum
837 1901 897 1944 esse
945 1901 993 1942 me
1007 1885 1198 1955 ventasiallil,
1212 1885 1401 1941 cumsavaet¹
1415 1883 1645 1940 incumbentium
1658 1899 1762 1940 menas

91 1995 169 2050 usquc
190 1980 379 2052 quadrantem
390 1980 414 2014 ³⁵
424 1994 477 2035 nos
496 1979 631 2035 mhmum
651 1978 782 2036 reddare.
806 1979 862 2037 Sed
871 1981 895 2017 ⁸⁶
947 1980 1080 2036 membra
1105 1978 1284 2048 divellerent,
1305 1981 1440 2052 artusque
1460 1977 1580 2034 laniatos
1598 1981 1691 2034 tortor
1712 1993 1763 2034 sce-

90 2072 148 2128 soiis
168 2073 231 2128 hac
252 2089 316 2146 pars
336 2076 378 2128 est
396 2071 492 2130 ablate
511 2071 697 2146 martyribus.
713 2072 827 2130 Etenim
847 2073 897 2146 qui
945 2073 1024 2131 vieus
1037 2078 1177 2143 exararet,
1187 2088 1241 2130 uec
1254 2074 1351 2130 tamen
1361 2072 1501 2142 vinceret,
1515 2069 1762 2128 circumstantium

88 2167 177 2222 salutis
189 2172 304 2224 aeternae
317 2165 519 2239 cupiditatibus
532 2166 597 2224 ireti
611 2167 676 2223 rite
689 2167 809 2239 hujusce
823 2167 895 2224 desi·
944 2167 1039 2224 verbis
1049 2167 1073 2204 ⁸⁸
1083 2167 1232 2240 :liagnum
1245 2165 1321 2222 istud
1333 2165 1524 2238 est,proiecto
1533 2164 1628 2221 nescio
1640 2163 1761 2237 quonia,

89 2259 156 2316 deria
174 2261 313 2330 vicerunt,
337 2261 389 2318 hos
410 2265 539 2332 expertes
561 2259 665 2317 doloris
687 2261 813 2318 universi
840 2262 892 2317 llo·
945 2277 1002 2316 non
1016 2259 1161 2318 doloribus
1173 2259 1277 2332 subigi,
1292 2275 1350 2317 non
1365 2259 1457 2332 poenis
1470 2258 1760 2333 angentibusiraugi.

89 2353 151 2408 nini
165 2359 307 2426 precepta
323 2354 374 2426 (25)
388 2353 561 2411 iecerunt³⁷.
576 2354 667 2426 igitur
678 2354 745 2411 hinc
758 2355 894 2429 primum,
944 2354 1000 2412 Sed
1015 2358 1098 2411 amnt
1109 2354 1174 2411 aliea
1188 2353 1345 2410 dicentium
1357 2369 1437 2410 voces
1449 2369 1455 2410 :
1465 2354 1500 2409 iit
1511 2357 1580 2424 puto
1593 2352 1699 2410 liberos
1711 2353 1762 2410 he·

88 2445 236 2502 charissimi
250 2447 363 2516 iratres,
378 2447 541 2520 poterimus
552 2463 696 2519 exponere
707 2447 775 2526 (25⁸)
789 2450 895 2521 quantu
944 2447 1010 2518 bet;
1024 2463 1091 2504 narn
1104 2451 1146 2504 cst
1159 2447 1201 2504 ilii
1215 2446 1291 2503 socia
1307 2447 1338 2503 in
1352 2445 1504 2520 penatibus
1517 2445 1574 2520 (27)
1589 2446 1695 2520 conjux
1709 2463 1716 2503 ε
1732 2449 1762 2502 et

88 2540 210 2610 martyrii
221 2539 309 2596 virtus
319 2539 409 2612 possit
420 2540 551 2612 implere.
945 2543 1043 2598 tamen
1065 2557 1118 2598 nce
1133 2541 1246 2598 vinculo
1269 2541 1424 2613 pignorum
1445 2539 1529 2608 cedit,
1552 2555 1605 2596 uec
1623 2539 1761 2614 obsequio

118 2634 179 2688 ilii.
198 2637 300 2706 itque,
317 2636 350 2689 ut
367 2638 511 2690 transeam
532 2640 645 2704 canem,
663 2635 832 2692 meminisse
847 2634 894 2692 de·
943 2633 1058 2708 pietatis
1076 2634 1244 2690 abductare
1262 2634 1409 2706 proposito
1427 2649 1478 2689 suo
1496 2631 1601 2688 deficit.
1615 2633 1762 2689 Noscends

87 2724 178 2782 bemru
191 2730 300 2799 quanta
311 2726 348 2783 sit
360 2727 450 2799 gioria
466 2727 501 2783 ad
517 2728 660 2784 Christum
675 2728 892 2785 immaculatum
943 2745 989 2786 res
1008 2732 1051 2786 cst
1067 2733 1097 2785 et
1115 2729 1205 2786 virtus
1222 2728 1337 2801 penitus
1355 2727 1508 2784 scrutanda
1526 2726 1688 2783 visceribus.
1704 2727 1761 2782 Nec

88 2821 184 2889 venire,
203 2824 368 2876 consortem
386 2820 525 2893 passionis
539 2821 682 2890 exsistere,
698 2828 893 2894 perpetuaque
944 2824 1024 2880 enim
1045 2823 1115 2878 levis
1136 2827 1179 2878 est
1198 2823 1251 2878 ista
1271 2836 1450 2896 quaecunque
1475 2819 1619 2876 couiessio
1642 2822 1762 2893 propter

88 2929 145 2968 cum
158 2914 280 2970 Domino
295 2913 452 2970 aeternitate
465 2931 596 2986 regnare,
611 2931 709 2970 carere
725 2915 819 2971 exitiis
834 2915 891 2971 im·
943 2933 1028 2990 quam
1046 2917 1133 2972 homo
1150 2916 1268 2988 patitur,
1282 2921 1311 2972 et
1325 2915 1400 2971 mori
1412 2931 1508 2986 posse.

88 3005 254 3062 minantibus
272 3006 377 3078 soeculi,
392 3024 444 3064 nec
464 3008 541 3064 inter
554 3011 701 3065 cruentam
724 3009 892 3066 morborum
977 3011 1045 3068 xvi.
1064 3010 1187 3081 Etenim,
1207 3009 1366 3065 charissimi
1380 3009 1492 3080 iratres,
1516 3009 1605 3065 virtus
1624 3011 1667 3064 est
1682 3011 1760 3064 tanta

89 3101 275 3171 populantium
299 3101 353 3172 (26)
375 3105 499 3173 stragem
520 3102 667 3158 communi
689 3119 755 3159 eum
782 3103 892 3162 ueteris
902 3129 930 3205 C
943 3103 1082 3176 martyrii,
1100 3108 1129 3158 ut
1148 3119 1199 3175 per
1212 3103 1322 3158 illam⁴³
1338 3103 1454 3158 credere
1470 3103 1558 3158 ctiam
1578 3102 1625 3158 ille
1640 3105 1758 3174 cogatur

88 3199 154 3250 sorte
170 3195 293 3251 misceri.
316 3198 417 3267 itque,
440 3201 471 3251 ut
492 3195 590 3252 sileam
611 3196 648 3252 da
666 3213 781 3268 corona,
795 3199 819 3254 si
839 3197 891 3255 tibi
943 3197 992 3270 qui
1011 3204 1037 3252 te
1052 3196 1140 3253 voluit
1154 3196 1291 3252 occidere.
1306 3195 1451 3269 Scriptum
1465 3201 1509 3252 est
1522 3201 1551 3252 et
1565 3197 1689 3269 legimus
1703 3211 1711 3252 ι
1726 3199 1757 3252 in

87 3286 165 3342 iubis
180 3293 289 3344 naturae
307 3287 422 3344 lubricis
442 3288 523 3343 maiis
541 3289 634 3360 posito
653 3289 719 3345 vita
741 3292 891 3362 promitte·
942 3293 1034 3348 dolore
1052 3293 1163 3356 sustine,
1183 3297 1209 3346 et
1222 3292 1252 3346 in
1270 3291 1426 3346 bumilitate
1438 3295 1488 3346 tao
1502 3291 1569 3346 lube
1585 3292 1758 3362 potientium,

87 3385 157 3436 retur
174 3397 314 3450 excessus,
337 3397 432 3436 nonne
452 3381 530 3437 omni
552 3387 647 3438 mente
671 3383 833 3456 gauderes?
852 3385 890 3455 Si,
942 3387 1071 3457 quoniam
1091 3400 1142 3456 per
1156 3388 1257 3455 ‘iguem
1283 3385 1418 3456 probatur
1441 3399 1539 3440 aarum
1565 3389 1589 3440 ct
1616 3388 1760 3453 arpentum

87 3471 197 3545 inquiam
208 3476 242 3544 ³⁸,
265 3479 292 3530 te
310 3474 340 3529 in
359 3473 558 3545 hujusmundi
577 3475 736 3532 turbinibus
752 3477 891 3535 fluctuan·
943 3479 1048 3551 (mera,
1066 3494 1095 3546 rr,
1110 3477 1150 3549 t).
1169 3477 1310 3542 Quoniam
1330 3493 1400 3550 ergo
1416 3493 1468 3532 nos
1483 3477 1605 3533 terrenis
1625 3475 1759 3533 tentatio-

86 3571 137 3622 tsm
158 3569 250 3625 vicina
267 3572 421 3625 arcesseret
441 3568 564 3641 requies,
581 3586 677 3626 nonna
697 3575 818 3628 mortem
838 3588 891 3644 pro
941 3571 1025 3627 nibus
1037 3571 1141 3644 probat
1153 3570 1298 3639 Dominus,
1313 3574 1342 3626 et
1355 3570 1399 3626 his
1411 3571 1506 3626 saecuii
1526 3570 1610 3628 malis
1622 3575 1760 3626 sumtator

85 3661 204 3718 remedio
214 3663 531 3734 computarctPosiius
544 3663 619 3720 inter
633 3681 715 3720 arma
724 3665 891 3722 carnificum
941 3666 1068 3722 Christus
1092 3663 1239 3738 expendit,
1262 3664 1464 3736 gratulandum
1492 3664 1574 3720 nobis
1606 3670 1649 3720 est
1675 3668 1761 3736 atque

85 3769 112 3808 ac
133 3756 187 3810 teis
212 3755 395 3828 probantium
419 3757 620 3830 questionum,
643 3761 685 3814 sta
709 3759 836 3816 sublimis
859 3775 891 3815 ac
940 3759 1097 3816 latendum
1119 3759 1196 3832 quod
1217 3773 1276 3814 non
1299 3757 1353 3812 iliis
1374 3773 1424 3814 nos
1445 3757 1619 3830 perennibus
1633 3761 1761 3814 reservet

84 3845 167 3919 iuriis,
181 3849 366 3906 considerans
378 3855 484 3922 quanta
498 3849 534 3906 sit
546 3867 631 3924 poena
647 3868 756 3925 negare
771 3869 804 3910 eo
822 3854 891 3909 tern-
941 3853 1048 3923 exitiis,
1068 3852 1118 3909 sad
1136 3851 1260 3924 gaudeat
1276 3849 1312 3906 ab
1332 3851 1410 3906 omni
1425 3850 1595 3922 contagione
1610 3855 1757 3922 purgatos.

84 3957 143 4012 pore
156 3959 212 4015 quo
225 3943 284 3998 irui
298 3945 401 4000 sacam
413 3960 549 4016 nequeas,
561 3945 641 4016 cujus
653 3961 736 4002 causa
748 3962 868 4018 negares
882 3963 888 4003 :
941 3947 1085 4004 Ceterum
1108 3945 1144 4000 ab
1163 3943 1208 3999 his
1230 3959 1301 4016 quos
1318 3942 1496 4000 hereditatis
1516 3941 1669 4014 participes
1688 3943 1759 3999 asci-

84 4037 337 4108 quoniamquidem
346 4036 548 4111 gravia795
558 4041 741 4095 tormentaac
751 4040 889 4111 puniendi
941 4040 1025 4096 scitii
1043 4041 1072 4095 at
1088 4039 1119 4094 in
1136 4053 1226 4109 regna
1245 4036 1381 4094 coeiorum
1400 4035 1524 4092 libenter
1541 4035 1672 4104 assumit,
1687 4036 1758 4109 quid

83 4129 172 4186 nerias
183 4135 260 4186 artes
274 4130 306 4184 in
321 4130 479 4202 perniciem
494 4134 622 4188 nostram
632 4133 770 4189 Dominus
783 4133 890 4190 sciebat
940 4134 1039 4206 utique
1049 4131 1126 4188 eliud
1137 4147 1223 4202 quam
1233 4130 1408 4202 integritatis
1417 4129 1556 4186 ambitum
1567 4128 1691 4201 quaerit?
1700 4130 1757 4186 Sua

83 4224 261 4296 armarique
279 4224 372 4280 iortes
389 4223 423 4279 ad
438 4239 555 4280 omnam
575 4225 757 4282 tolerantiam
771 4227 888 4284 iaceret.
939 4227 1000 4298 ipse
1018 4225 1088 4282 dixit
1107 4225 1247 4296 universa,
1265 4229 1293 4280 et
1308 4240 1373 4296 qua
1385 4224 1547 4296 jacentibus
1562 4239 1590 4279 se
1611 4222 1756 4295 explicant

83 4316 138 4380 iili,
155 4317 262 4390 inquit,
275 4317 404 4374 accedeus
418 4317 456 4373 od
471 4321 625 4374 seruitutem
638 4321 698 4384 ilci,
713 4324 756 4376 sto
768 4321 889 4389 iniusti·
940 4319 1058 4392 campis,
1072 4323 1100 4376 et
1114 4335 1179 4390 qua
1191 4318 1221 4374 in
1235 4317 1366 4390 obliquos
1380 4334 1410 4374 sa
1424 4317 1538 4390 erigunt
1552 4317 1647 4387 colles,
1663 4317 1712 4374 sed
1726 4320 1756 4372 et

85 4409 119 4462 tio
139 4416 164 4465 et
184 4413 289 4475 timae,
311 4415 338 4468 et
354 4423 485 4482 praeporo
506 4415 627 4468 calmum
648 4418 724 4469 tuam
744 4413 783 4469 od
803 4417 890 4470 tento·
939 4413 1017 4485 quod
1039 4413 1100 4470 coeli
1119 4411 1287 4484 magnitudo
1308 4410 1404 4485 796
1425 4411 1621 4482 circumvenit,
1639 4415 1667 4468 et
1680 4410 1759 4484 qnod

85 4503 173 4560 thaan
198 4505 306 4577 (icch,
330 4520 364 4573 rr,
387 4504 426 4576 1).
447 4504 504 4562 Sed
528 4509 556 4562 et
580 4504 759 4564 beatissimus
786 4493 1040 4580 Paulustclago
1050 4505 1265 4563 circumfluente
1274 4505 1417 4562 lubricum
1428 4520 1526 4578 aequor
1535 4503 1665 4560 includit.
1677 4503 1758 4568 Quod

779 4681 884 4747 Variae
904 4682 1073 4747 lectiones.

112 4813 284 4866 ”Desiderio
301 4813 451 4865 voluntatis
463 4816 533 4866 iem.
550 4813 626 4866 litor.
640 4816 694 4870 NG.
710 4817 732 4867 1.
749 4815 907 4882 Voluptatis
923 4818 1002 4868 oron.
1067 4818 1087 4849 ³¹
1104 4817 1153 4868 list
1164 4815 1288 4866 muneris
1298 4815 1391 4880 magni
1405 4815 1474 4864 ium.
1486 4812 1562 4865 litor.
1574 4817 1629 4868 iic.
1644 4817 1667 4865 i.
1740 4817 1759 4850 ⁴³

85 4882 190 4936 Pierias
204 4899 253 4938 aer
264 4885 350 4936 tristis
364 4887 485 4938 ostendit
498 4888 575 4936 Osee.
590 4886 740 4939 praetendit
755 4889 827 4938 tom.
842 4887 1047 4942 sacraturo.
1064 4889 1087 4938 1.
1125 4889 1145 4921 ³⁴
1158 4887 1241 4937 illisis
1255 4887 1333 4936 Onon.
1349 4901 1381 4936 aa
1392 4885 1465 4937 codd.
1484 4887 1553 4936 iem.
1570 4884 1648 4935 dher.
1661 4888 1717 4940 Nc.
1732 4889 1754 4936 l.

85 4955 142 5018 imp.
167 4958 199 5006 in
217 4957 281 5006 iliis.
333 4957 352 4990 '⁵
372 4957 466 5021 Usque
491 4956 526 5008 ud
539 4958 721 5009 novissimum
736 4959 917 5024 quadrantem
941 4958 1013 5008 iem.
1025 4957 1102 5008 libor.
1116 4959 1170 5012 NG.
1188 4959 1210 5007 i.
1261 4953 1715 5010 ³⁸Sedestsolisiom.iibor.ii0.
1735 4959 1758 5008 i.

86 5025 102 5060 ³²
117 5028 254 5078 Promissa
267 5029 476 5078 lacerantium.
492 5026 635 5082 litor-NG.
651 5029 675 5078 i.
690 5029 803 5080 Domini
814 5029 973 5094 propitiatio
990 5033 1105 5080 coronat
1121 5030 1198 5079 Onon.
1248 5025 1269 5061 ¹⁸
1292 5026 1322 5078 Si
1342 5041 1396 5092 que
1410 5027 1480 5076 iam.
1497 5025 1574 5076 itur.
1590 5025 1645 5076 iia.
1661 5027 1717 5079 iic.
1736 5027 1759 5077 i.

86 5094 259 5151 ”Exclamat
275 5098 463 5150 atdicitiom.
496 5096 1092 5152 weontraomnesarmamentaque.
1135 5097 1366 5160 ⁴¹Dignetionem
1380 5098 1439 5149 iis.
1471 5095 1758 5160 “Sepeaemaren

85 5169 134 5218 iiii.
178 5171 199 5204 ⁴¹
217 5169 319 5221 Verbis
333 5168 388 5220 dici
401 5173 472 5221 iam.
484 5168 559 5219 iiior.
575 5171 628 5224 NG.
645 5171 667 5220 1.
715 5168 933 5237 “Nescioquid
946 5173 1019 5222 ium.
1039 5169 1114 5221 litor.
1127 5169 1184 5220 iia.
1195 5170 1249 5223 NG.
1267 5170 1289 5220 i.
1303 5167 1365 5220 Dici
1386 5168 1522 5234 proiecto,
1543 5179 1600 5218 non
1617 5167 1760 5219 doloribus

86 5237 157 5288 ocor.
191 5237 299 5290 “iliud
316 5237 552 5293 remaneret.
570 5241 594 5290 1.
626 5238 648 5273 ⁴⁶
665 5238 1057 5292 maritimarumque.

742 5402 855 5486 Steph.
871 5403 995 5468 Beiuzii
1009 5406 1109 5468 notae.

111 5545 158 5610 (til
172 5549 249 5599 Nurac
257 5549 352 5612 magis.
362 5547 482 5601 Codices
494 5550 581 5601 sancti
595 5548 734 5614 arnulphi
753 5551 779 5600 et
793 5548 892 5601 'ibus-
941 5550 1012 5600 dere.
1340 5591 1346 5600 .

86 5629 144 5678 nus,
159 5620 345 5684 raounemogis.
974 5622 1021 5683 (26)
1054 5618 1249 5684 populantium.
1280 5617 1350 5670 liele
1381 5618 1569 5683 copulantium
1601 5619 1631 5669 in
1658 5613 1755 5668 codice

113 5688 158 5751 (23)
194 5689 300 5740 Domini
327 5695 465 5756 precepto.
499 5691 567 5744 'ires
591 5690 654 5743 iibri
681 5695 798 5754 veteres,
823 5704 891 5756 pro-
942 5690 1188 5758 sanctiarnulpbi.

86 5759 170 5808 mitra-
974 5763 1021 5827 isi)
1040 5761 1118 5814 Sosio
1136 5762 1166 5812 ie
1184 5759 1332 5826 partetibus.
1353 5759 1446 5812 Editio
1469 5758 1578 5813 iirasmi
1593 5759 1620 5810 et
1640 5753 1755 5821 quidam

116 5827 171 5897 (ἰδ’)
197 5831 345 5900 inponere.
379 5832 475 5888 Codex
502 5834 592 5888 macti
619 5835 768 5903 arnulphi,
796 5847 892 5902 smen-
941 5833 1005 5887 iibri
1018 5836 1127 5888 veteres
1141 5831 1423 5901 prerarunrreriarae.
