3986 6208
69 247 110 302 aa
523 221 526 232 '
614 238 716 298 arana
736 239 779 296 aa
799 237 889 296 nono
906 239 1107 297 rnvrnurva.
1684 247 1735 304 ees

68 368 170 426 credens
183 369 212 424 et
224 365 348 422 radicem
368 381 400 420 ac
423 363 643 420 tundamentum
664 363 731 422 lldei
754 363 863 438 primm
875 365 944 454 Aia
956 365 1053 420 sudore
1064 364 1154 418 uultus
1169 365 1210 420 tui
1221 364 1282 422 edes
1291 379 1390 436 panem
1403 371 1481 423 taam
1491 367 1575 425 donec
1587 373 1734 426 revertaris

65 461 221 528 instituens,
246 465 368 518 tentatus
391 458 421 516 in
448 458 527 528 lilio,
556 473 614 514 non
640 457 749 516 dubitat
772 475 865 530 nequa
917 460 1067 514 interram
1090 457 1124 514 da
1143 473 1198 528 aaa
1216 465 1340 530 sumptas
1360 475 1407 516 cs:
1423 464 1490 532 qnia
1509 467 1581 518 tarro
1603 479 1640 532 es,
1661 469 1687 520 et
1705 467 1735 520 in

66 558 208 624 cunctatur,
222 555 272 610 sed
295 553 445 626 praeceptis
465 552 515 608 Ilei
534 555 597 608 tote
622 552 760 625 patientia
781 553 867 610 deuo·
919 557 1020 608 terram
1040 552 1092 606 ibis
1112 550 1200 624 (Gen,
1223 569 1264 620 ιιι,
1289 556 1320 608 17
1343 555 1447 627 seqq.).
1472 555 1559 628 llujus
1583 559 1733 614 sententian

66 648 139 706 honis
156 648 333 722 obsequitur.
360 650 394 706 Et
413 648 499 714 Isaac,
529 647 565 702 ad
587 646 688 702 hestiae
715 647 869 702 [lominica
918 645 1031 702 vincula
1049 645 1175 716 colligati
1192 661 1294 702 omnes
1310 651 1339 702 et
1351 649 1494 704 constricti
1508 665 1618 720 sumus,
1631 653 1733 723 donec,

69 741 273 798 similitudinem
288 742 498 815 praefiguratus,
514 741 751 812 quandoepatre
765 740 868 825 immo·
919 743 1059 812 expuncta
1081 737 1103 772 '⁸
1124 742 1227 808 morte,
1250 739 1286 794 de
1304 739 1358 796 isto
1380 742 1483 796 seculo
1506 744 1681 802 recedamus.
1702 749 1734 802 ln

65 836 154 894 landus
168 835 297 906 otiamur,
309 835 423 908 patiens
435 835 590 892 invenitur.
600 836 634 892 Et
643 835 738 904 Jacob,
753 834 870 906 togatus
918 833 1034 890 tristitia
1045 837 1073 889 et
1086 833 1195 905 gemitu
1206 833 1295 890 simus
1305 849 1420 890 necesse
1435 837 1477 890 est
1489 838 1622 894 omnibus
1634 839 1735 896 diebus

63 931 171 986 alralre
189 930 227 986 de
245 935 320 986 terra
339 946 391 986 sua
407 930 549 1002 patienter
565 928 688 998 excedit,
713 934 742 986 et
764 929 871 1001 majore
919 927 984 984 vitea
1010 925 1108 1000 630
1134 930 1249 996 nostrae,
1274 927 1393 984 edemus
1417 945 1524 1000 panem
1552 947 1666 990 necesse
1693 942 1736 992 est

62 1024 187 1097 patientia
200 1024 382 1096 postmodum
397 1023 516 1096 supplex
528 1024 622 1080 adhuc
640 1023 732 1095 magis
747 1022 870 1096 impium
919 1037 986 1078 cum
1000 1022 1104 1078 sudore
1118 1026 1148 1078 et
1159 1021 1269 1078 labore.

62 1123 85 1175 vt
104 1122 315 1190 persecutorem
341 1118 507 1174 muneribus
536 1116 662 1189 pacificis
688 1116 726 1173 ad
750 1133 870 1174 concor·
954 1114 1106 1172 lllLUnde
1126 1116 1322 1188 unusquisque
1340 1121 1469 1173 nostrum
1489 1133 1553 1174 eam
1572 1121 1736 1178 nascitur*l

63 1211 128 1268 diam
154 1211 272 1284 redigit.
295 1211 419 1283 loseph,
443 1212 622 1268 venundatus
643 1227 660 1268 a
685 1211 820 1268 iratribus
841 1217 870 1270 et
920 1212 950 1264 at
962 1209 1084 1281 hospitio
1103 1209 1204 1266 mundi
1222 1209 1308 1282 hujus
1322 1210 1473 1282 excipitur,
1489 1211 1603 1269 initium
1619 1215 1737 1273 sumita

63 1307 189 1378 relegatus
212 1306 249 1374 ⁸⁸,
273 1321 333 1362 non
354 1307 465 1362 tantum
492 1306 636 1378 patienter
659 1305 795 1377 ignoscit,
820 1305 869 1361 sed
919 1302 1070 1376 lacrymis,
1093 1309 1123 1360 at
1147 1302 1274 1375 quamvis
1298 1303 1392 1360 adhuc
1416 1305 1547 1362 omnium
1573 1308 1685 1365 nescius
1709 1316 1738 1366 et

64 1405 87 1456 et
103 1399 220 1472 gratuite
247 1399 392 1456 tramenta
414 1400 438 1436 ⁸⁹
458 1399 640 1456 venientibus
660 1398 780 1471 largiter
797 1399 821 1434 ⁵⁰
843 1401 871 1456 et
920 1396 1050 1468 ignauus,
1067 1397 1140 1452 nihil
1153 1397 1230 1452 aliud
1246 1397 1324 1453 novit
1336 1398 1366 1454 in
1381 1399 1431 1454 illa
1449 1400 1512 1472 ipsa
1528 1400 1622 1473 prima
1640 1403 1738 1460 nativi·

64 1495 209 1550 clementer
231 1493 371 1566 impertit.
396 1495 504 1567 lloyses
525 1494 560 1550 ab
581 1492 741 1566 ingratast
762 1492 870 1566 perfido
920 1493 978 1548 tate
1002 1507 1090 1563 ιιιιιιιιι
1113 1491 1192 1548 llere.
1210 1492 1393 1548 Providentia
1413 1495 1535 1549 naturali
1554 1495 1735 1568 lamentatur,

65 1589 156 1660 popula
176 1589 376 1646 contemuitur
393 1589 559 1661 frequenter
579 1594 608 1644 et
628 1604 703 1661 pane
715 1587 869 1660 lapidatur,
920 1586 986 1641 vitae
1009 1586 1138 1642 mortalis
1156 1586 1179 1620 ⁵⁷
1199 1586 1357 1641 anxietates
1378 1592 1406 1642 et
1425 1587 1537 1644 labores
1553 1595 1581 1646 ct
1600 1590 1738 1662 procellas

66 1686 185 1738 ettamen
201 1683 275 1738 lenis
289 1688 318 1738 et
331 1683 444 1754 patiens
461 1699 515 1755 pro
532 1683 639 1740 eisdem
654 1683 810 1738 Dominum
824 1684 872 1738 de·
922 1679 1023 1736 murrdi
1039 1695 1109 1751 quas
1131 1680 1300 1751 ingreditur,
1314 1681 1343 1735 in
1357 1682 1472 1736 exordio
1488 1683 1584 1738 statim
1607 1701 1658 1742 suo
1678 1686 1736 1757 plo·

65 1781 193 1847 precatur.
214 1778 246 1832 lu
272 1777 361 1834 David
374 1793 450 1844 vero,
464 1794 497 1832 ex
509 1793 567 1849 quo
581 1777 740 1834 secundum
754 1793 870 1832 carnem
882 1756 909 1830 Β
921 1777 984 1830 ratu
999 1779 1028 1828 et
1043 1773 1153 1844 gemitu
1165 1773 1244 1828 rudis
1259 1773 1355 1829 anima
1368 1779 1499 1830 testatur.
1516 1776 1642 1832 sudatur
1660 1780 1736 1835 enim

66 1871 154 1926 Christi
177 1871 313 1926 nativitas
336 1872 436 1938 oritur,
463 1887 549 1943 qnam
574 1877 728 1943 magnast
751 1871 823 1926 mira
845 1876 872 1926 et
924 1866 1064 1938 qunamdiu
1083 1867 1147 1922 istic
1160 1866 1264 1922 vivitur
1276 1870 1305 1922 et
1320 1867 1479 1924 laboratur.
1500 1870 1556 1924 Nec
1571 1871 1738 1928 sudantibus

67 1959 210 2016 Christiana
225 1959 377 2033 patientia,
398 1959 530 2016 habuisse
544 1961 567 1994 ⁶¹
582 1958 613 2014 in
636 1975 724 2016 manu
746 1975 822 2031 saepe
843 1963 874 2014 ut
923 1959 1158 2016 allaborantibus
1173 1965 1291 2031 possunt
1307 1961 1361 2016 alia
1379 1963 1472 2034 magis
1492 1979 1576 2034 quam
1592 1965 1738 2037 patientie

66 2053 118 2108 Saul
132 2071 230 2126 regem
253 2059 473 2127 persequentem
489 2070 518 2109 so
538 2059 567 2109 et
584 2053 749 2110 interlicere
769 2069 872 2109 cancu-
923 2054 1070 2110 subvenire
1084 2053 1183 2110 solatia
1197 2071 1203 2110 ι
1219 2071 1283 2126 quaa
1297 2071 1362 2110 cum
1378 2059 1444 2128 opta
1461 2056 1519 2112 sint
1536 2061 1565 2112 et
1584 2059 1739 2116 necessaria

65 2147 205 2217 piscantem
240 2154 337 2219 posset
370 2147 514 2215 occidere,
547 2151 575 2204 et
602 2151 697 2204 amen
729 2147 873 2204 subditum
923 2146 953 2202 in
981 2147 1035 2203 isto
1060 2147 1168 2204 mundo
1191 2147 1342 2217 universis,
1370 2155 1431 2204 tum
1459 2151 1552 2222 magis
1577 2151 1666 2224 nobis,
1690 2154 1740 2225 qni

66 2241 153 2298 sibiet
172 2243 314 2298 traditum
337 2241 468 2297 maluisse
486 2257 611 2308 servare,
633 2257 686 2298 nec
710 2241 873 2312 rependisse
923 2240 1035 2298 diabolo
1057 2242 1246 2314 impugnante
1268 2243 1331 2313 plus
1353 2243 1515 2314 quatimur;
1539 2246 1598 2316 qni,
1628 2245 1658 2300 in
1680 2248 1740 2302 acie

65 2334 166 2390 inimico
194 2335 305 2400 ricem,
335 2335 385 2392 scd
415 2335 541 2392 occisum
574 2333 669 2390 adhuc
700 2334 816 2406 insuper
846 2337 875 2390 et
925 2333 1053 2405 quotidie
1090 2339 1214 2404 stantes,
1242 2335 1390 2391 inveterati
1420 2341 1448 2391 et
1476 2338 1619 2393 exercitati
1650 2339 1741 2395 hostis

66 2429 224 2485 vindicasset
252 2430 305 2486 'lot
328 2429 452 2501 denique
477 2429 624 2502 prophetae
650 2428 804 2491 interiecti,
833 2432 875 2484 tot
924 2427 1170 2484 colluctationibus
1190 2427 1360 2500 fatigamur3
1385 2429 1499 2500 quibus,
1523 2436 1627 2502 prater
1647 2433 1740 2490 sarias

66 2531 190 2594 martyres
215 2523 351 2596 gloriosis
374 2522 513 2578 mortibus
536 2523 678 2589 honorati,
702 2521 751 2594 qui
774 2537 874 2578 omnes
924 2526 954 2578 et
972 2522 1098 2578 assiduas
1112 2521 1303 2578 tentationum
1324 2539 1446 2594 pugnas,
1462 2524 1491 2579 in
1511 2527 1740 2596 persecutionum

68 2616 95 2671 ad
108 2619 230 2674 coelestes
244 2633 370 2674 coronas
386 2617 533 2689 patientie
552 2616 634 2672 laude
648 2619 798 2673 venerunt.
818 2617 873 2671 Ne·
924 2628 1039 2685 quoque
1066 2613 1222 2669 certamine
1246 2613 1419 2685 patrimonia
1442 2613 1629 2687 relinquenda
1657 2623 1738 2690 sunt,

68 2725 111 2780 que
139 2713 213 2766 enirn
247 2716 344 2784 potest
374 2711 466 2782 accipi
497 2711 628 2766 dolorum
653 2713 683 2766 et
707 2710 872 2782 passionum
925 2706 1089 2764 subeundus
1107 2722 1201 2762 carcer
1220 2707 1255 2774 ⁵⁸,
1274 2706 1424 2778 portanda
1437 2713 1555 2777 misnae,
1571 2710 1740 2766 animaeim-

69 2819 173 2872 arona,
201 2806 260 2862 nai
286 2807 430 2877 praecedat
448 2805 479 2861 in
504 2804 602 2862 dolore
625 2807 654 2860 et
675 2805 804 2876 passione
827 2820 876 2876 pa·
924 2799 1096 2874 pendendae,
1120 2799 1243 2872 gladius,
1268 2800 1377 2869 bestia,
1401 2800 1494 2872 ignes,
1515 2817 1620 2871 cruces,
1646 2805 1742 2860 omnia

68 2897 162 2954 tientin.
925 2893 1048 2966 denique
1064 2896 1273 2951 tormentorum
1294 2911 1327 2950 ac
1346 2909 1495 2966 paenarum
1516 2911 1622 2967 genera
1641 2897 1698 2954 ilde
1713 2904 1742 2956 et

96 2991 875 3065 ll.Quamsitautempatientientilisatnecesseris,
925 2988 1029 3044 virtute
1058 2987 1204 3059 patientiae
1237 2987 1428 3060 perferenda,
1455 2989 1576 3046 [lomina
1607 2991 1669 3063 ipso
1695 2991 1739 3047 in·

69 3084 154 3144 iratres
166 3087 357 3155 dilectissimi,
376 3091 406 3142 nt
424 3087 601 3142 manifestius
615 3088 705 3160 possit
717 3090 746 3144 et
763 3087 875 3159 plenius
886 3125 913 3202 C
926 3087 1054 3138 struente
1069 3087 1097 3137 et
1108 3081 1219 3136 dicente
1236 3097 1243 3136 :
1258 3083 1438 3138 Haeclocutus
1449 3099 1507 3151 sam
1521 3083 1595 3140 vobis
1606 3089 1637 3140 at
1656 3087 1687 3141 in
1700 3102 1742 3143 nte

71 3181 143 3249 nosci,
159 3182 210 3237 llei
224 3183 370 3237 sententia
387 3181 529 3252 cogitetur
546 3183 599 3252 (ta)
614 3197 698 3252 quarn
714 3181 743 3236 in
765 3180 875 3252 origine
921 3193 1017 3246 pacem
1032 3176 1153 3230 herbeatr's
1172 3193 1180 3229 c
1195 3177 1225 3230 in
1238 3175 1342 3230 mando
1355 3175 1408 3246 117)
1423 3181 1512 3232 autem
1523 3193 1679 3250 menarum
1691 3179 1741 3235 tta·

71 3275 151 3329 statim
172 3274 274 3332 mundi
295 3279 324 3329 et
345 3273 459 3345 generis
478 3274 599 3330 humani
620 3274 720 3342 Adam,
739 3273 875 3345 praecepti
926 3271 1029 3333 debitis,
1040 3270 1088 3324 sect
1098 3270 1174 3338 fidite
1189 3269 1213 3304 ⁵⁹
1227 3271 1356 3339 quonium
1371 3284 1418 3340 aaa
1431 3273 1485 3326 vici
1493 3271 1625 3327 mundum
1639 3273 1740 3346 (toan,

70 3365 206 3426 immemor
230 3373 262 3426 et
285 3367 361 3422 datae
388 3367 458 3438 legis
483 3371 685 3440 transgressor,
710 3367 818 3439 accepit
839 3368 872 3422 ⁵².
923 3381 979 3432 xvv,
995 3364 1050 3434 33).
1066 3363 1093 3419 st
1109 3366 1207 3418 antem
1222 3362 1272 3434 qni
1288 3362 1402 3420 diabolo
1416 3367 1445 3420 et
1464 3366 1572 3421 mundo
1591 3367 1739 3424 renuntia-

71 3459 132 3516 lunc
148 3463 269 3518 sciemus
287 3479 374 3534 quarn
397 3461 538 3533 patientes
555 3477 617 3517 esso
640 3462 667 3516 in
694 3462 747 3518 isto
771 3460 874 3516 saecvvlo
923 3458 1026 3525 vimus,
1043 3473 1187 3529 pressuras
1208 3462 1236 3511 et
1257 3457 1452 3512 infestationes
1474 3457 1580 3516 diaboli
1596 3463 1626 3515 et
1642 3463 1741 3518 mnndi

71 3553 220 3621 debeamus,
244 3557 296 3630 qni
317 3555 356 3612 sic
381 3556 525 3611 nascimur
547 3559 579 3610 ut
600 3554 740 3627 pressuris
762 3555 823 3610 istic
845 3559 875 3609 et
923 3551 1051 3608 crebrius
1067 3568 1098 3606 nc
1119 3550 1271 3606 violentius
1291 3551 1429 3623 patimur,
1451 3555 1557 3624 quanto
1580 3555 1672 3626 magis
1692 3571 1742 3628 pa·

71 3651 314 3707 conflictationibus
327 3650 493 3706 laboremus
516 3666 522 3704 :
543 3651 614 3717 Quia
632 3651 747 3711 nudati,
769 3648 873 3720 inquit,
922 3646 1052 3702 tientiam
1068 3652 1165 3700 tenere
1187 3643 1332 3714 debemus,
1350 3661 1406 3716 qua
1424 3645 1564 3717 adjutrice
1584 3653 1614 3704 et
1633 3648 1739 3706 comite

69 3755 142 3798 caan
161 3747 286 3800 mutiens
307 3749 369 3806 toea,
384 3749 409 3800 et
430 3744 603 3800 manducasti
618 3758 652 3798 ea
668 3744 718 3798 illa
734 3743 874 3798 arboreae
922 3740 1020 3796 omnia
1030 3739 1133 3794 intesta
1149 3738 1322 3794 toleremus?

69 3850 113 3903 auu
129 3839 184 3893 sota
204 3853 389 3910 praeceperam
411 3839 464 3892 tibi
483 3853 516 3892 aa
534 3837 712 3892 manducares
730 3836 764 3898 ⁶³,
787 3836 871 3890 male·
958 3834 1025 3889 xttt.
1050 3832 1161 3888 Domini
1178 3837 1207 3886 et
1222 3830 1350 3902 magistri
1369 3833 1457 3888 nostri
1478 3833 1503 3870 ⁶⁰
1520 3835 1644 3891 salutare
1664 3853 1738 3909 pree-

69 3927 129 3984 dc'cto
147 3937 218 3988 terro
238 3935 292 3988 erit
314 3935 345 3986 ia
360 3931 484 3987 omnibns
506 3931 629 4001 oporibus
649 3933 703 3986 tais
719 3947 725 3985 :
742 3933 772 3985 ia
789 3931 872 3985 tristi·
921 3931 1036 4000 ceptum
1062 3931 1104 3981 est
1131 3941 1138 3981 ι
1162 3926 1213 3992 Oai
1240 3925 1396 3982 toleraverit
1410 3927 1445 3989 ⁶¹,
1471 3925 1573 3998 inquit,
1596 3943 1680 4000 usqae
1703 3931 1741 3986 od

69 4025 99 4076 tia
113 4031 135 4078 et
151 4028 253 4094 gemitu
282 4025 344 4081 edes
365 4041 399 4080 ec
420 4041 451 4080 cn
474 4025 597 4080 omnibns
613 4025 705 4080 debris
727 4027 789 4080 uita
808 4029 870 4088 tna,
920 4025 1008 4092 finan,
1031 4021 1074 4074 hic
1097 4020 1191 4074 calvus
1212 4021 1264 4074 erit
1287 4019 1406 4090 letatii..
1431 4036 1457 4090 x,
1480 4020 1536 4091 2²l·
1558 4022 1593 4078 lit
1613 4021 1739 4082 iterum:

66 4121 143 4187 spica
155 4125 180 4176 et
195 4121 311 4176 tributos
325 4120 411 4188 ejiciet
426 4120 477 4176 tibi
487 4120 522 4183 ⁵⁸,
539 4126 565 4176 et
579 4119 641 4174 edes
653 4119 785 4189 pabutum
798 4121 872 4188 esan,-
919 4118 950 4174 Si
961 4115 1175 4186 permanseritis,
1193 4112 1297 4184 inquit,
1314 4115 1343 4169 in
1355 4115 1435 4170 uerbo
1453 4129 1521 4180 ovea,
1536 4129 1596 4172 aare
1609 4117 1739 4190 discipali

748 4239 853 4306 Variae
878 4239 1047 4304 lectiones.

99 4375 505 4444 *11ῑῑςιι1ιιειιιιιιΡειιιγιιιιΙ
529 4378 553 4428 t.
586 4377 712 4428 ⁴''Gratis
736 4379 804 4428 Pam.
831 4379 897 4428 Voss.
919 4379 942 4424 l.
959 4375 1051 4426 Graan
1070 4375 1097 4424 et
1124 4371 1262 4422 frumenta
1282 4370 1344 4422 lind.
1368 4373 1391 4420 l.
1425 4373 1446 4406 ⁵·
1470 4372 1596 4439 Largitur
1619 4377 1683 4428 noa.
1713 4381 1738 4432 3.

69 4444 223 4500 ”Habuisse
237 4447 412 4513 dignoscitur
424 4449 486 4498 lind.
501 4452 524 4498 e.
543 4448 564 4482 ⁹
575 4450 696 4513 Accepta
715 4449 802 4514 gratia
815 4461 870 4498 non
886 4449 984 4502 tenuit.
1000 4443 1048 4494 sod
1064 4444 1157 4494 amisit
1176 4445 1241 4494 Voss.
1258 4443 1281 4492 1.
1315 4445 1335 4476 ⁵³
1350 4443 1532 4496 Manducares
1544 4459 1578 4496 ex
1593 4461 1625 4498 aa
1637 4451 1700 4501 aad,
1715 4456 1740 4504 ι,

69 4513 441 4640 instanteset
457 4513 1249 4642 ..tinisarennt.t·.t.slsln⁰s⁰tan
1264 4511 1658 4638 eltnensis
1672 4523 1738 4640 rs·

70 4621 210 4723 'l’li’agi'stri
231 4627 321 4712 nostri
333 4661 404 4710 Mm.
420 4659 496 4711 libor.
508 4605 562 4711 ilia
577 4607 736 4714 Sarisetiad.
755 4665 776 4726 l,
789 4663 814 4726 2,
829 4661 854 4725 3,
867 4663 888 4712 1.
905 4659 1029 4726 Magistri
1042 4623 1164 4710 salutare
1179 4657 1260 4706 Oeen.
1294 4656 1316 4688 ⁶¹
1333 4654 1389 4718 Qui
1403 4621 1622 4720 perseveraverit
1635 4627 1698 4712 dias
1715 4625 1738 4642 ..

700 4791 813 4874 Stepb.
836 4789 961 4856 Balunii
982 4793 1078 4854 notas.

72 4912 125 4964 nus,
136 4905 282 4972 epiecopus
302 4907 474 4970 parisiensis,
492 4909 520 4960 in
535 4909 649 4974 epistola
664 4911 700 4960 ad
723 4909 874 4962 Bracaechit-
885 4923 914 4995 D
925 4905 1071 4972 apostatico
1095 4903 1130 4954 ad
1151 4913 1244 4964 regem
1257 4901 1415 4983 'ilungarlae
1439 4901 1581 4956 Matthlam
1605 4919 1738 4973 generum

73 4972 120 5022 dan
136 4978 253 5040 reginam
277 4994 286 5027 :
311 4997 326 5024 a
352 4978 430 5030 Unus
454 4994 488 5032 ex
505 4981 573 5044 ipsis
598 4979 666 5032 Cain
692 4981 874 5032 fratricidium
925 4979 1047 5030 suumin
1067 4981 1141 5026 tomo
1160 4972 1195 5024 lV
1215 4973 1352 5038 Spscvteaii
1371 4973 1547 5038 bucheriani,
1568 4991 1594 5042 p.
1617 4980 1673 5042 tit,
1688 4997 1740 5030 vo-

73 5049 235 5109 lttpstrarit.
258 5067 272 5094 a
297 5049 448 5114 Gregorius
476 5051 656 5109 Turonensis,
686 5050 733 5101 lib.
760 5063 768 5101 1
799 5051 874 5112 ilisa,
925 5050 1052 5101 catCain
1071 5044 1248 5111 fratricidam.
1274 5045 1442 5096 parricidam
1465 5052 1556 5098 temen
1579 5061 1661 5113 posse
1684 5053 1739 5104 diei

73 5124 123 5177 cap.
140 5116 179 5167 t:
209 5135 223 5164 s
251 5119 281 5168 lu
304 5120 415 5172 tratrem
441 5123 585 5186 sanguinis
611 5121 748 5174 effusione
785 5135 875 5174 novus
924 5117 1186 5172 matrisantlratris
1204 5115 1407 5169 snartectorem
1431 5118 1515 5169 tradit
1538 5119 1739 5190 Quintilianus,

75 5183 198 5240 tratrlcida
228 5203 409 5258 consurgens.
434 5213 448 5240 s
475 5193 632 5246 Concilium
656 5195 873 5256 wormaciense,
924 5192 971 5243 lib.
985 5205 1045 5255 narr,
1060 5203 1119 5253 cap.
1137 5189 1161 5240 d.

75 5261 215 5320 capsam
238 5261 390 5314 Statuimne
416 5269 447 5314 nt
467 5265 613 5328 parricidae
639 5270 667 5315 et
691 5266 874 5317 tratricides.»
953 5262 1002 5326 (ld)
1029 5262 1077 5311 Dei
1098 5259 1227 5310 sententia
1256 5259 1389 5323 capiatur.
1424 5259 1496 5312 Citat
1537 5261 1614 5314 bunc
1646 5265 1737 5319 locun

76 5323 217 5384 Concdiam
233 5333 435 5398 Trosleianum,
450 5349 510 5400 cap.
524 5337 563 5391 13.
578 5337 697 5401 loquens
709 5337 745 5388 de
758 5338 874 5388 crimine
923 5337 1037 5385 sanctus
1048 5331 1222 5395 augustinus
1236 5329 1284 5382 lib.
1296 5343 1325 5383 vv
1334 5335 1420 5382 contro
1432 5333 1501 5385 daos
1518 5335 1650 5399 Epistulas
1664 5341 1740 5391 t’rta-

77 5393 134 5450 Caiu
149 5417 154 5450 :
167 5421 180 5448 v
197 5403 233 5454 Et
251 5404 310 5470 ipse
326 5419 416 5470 usqne
442 5407 476 5457 ad
501 5408 646 5472 septimam
665 5408 872 5471 generatlonem
921 5405 1074 5470 alanorum,
1091 5415 1151 5466 cap.
1164 5403 1187 5451 8.

76 5465 205 5524 lmtncidii
222 5481 250 5524 et
266 5475 379 5528 invidiae
396 5491 455 5530 suae
469 5492 560 5544 vagus
573 5480 763 5544 profugusque
776 5489 873 5542 poenas
955 5477 1003 5536 (lt)
1014 5478 1045 5526 ta
1061 5475 1168 5525 rrvundo.
1182 5475 1244 5525 Duo
1256 5473 1319 5526 librl
1331 5479 1438 5527 veteres
1455 5476 1560 5528 babent
1582 5479 1612 5528 ia
1631 5482 1739 5540 marceto,

77 5535 160 5618 lueret.
176 5547 339 5598 »Alcuinua
365 5549 425 5600 slve
447 5550 604 5613 quisalius
626 5549 874 5600 inlibrocleetiui-
923 5553 1048 5613 etsupra
1074 5547 1176 5598 lineam
1202 5545 1359 5598 vetracuto.
1387 5549 1460 5599 Hinc
1484 5550 1589 5601 tactum
1611 5557 1652 5616 ut,
1674 5567 1739 5603 cnm

77 5621 111 5689 titt
124 5614 221 5676 otialis,
238 5631 296 5682 cap.
319 5619 347 5670 13
373 5635 379 5668 :
400 5635 414 5668 u
439 5619 591 5691 Fratripida
615 5621 663 5686 qui
692 5621 803 5671 tratrem
827 5633 875 5670 oc·
924 5619 1052 5672 nonnulli
1067 5619 1183 5669 mallent
1196 5619 1303 5680 mande,
1320 5619 1367 5668 alii
1379 5619 1484 5682 vacato,
1500 5621 1631 5673 alterutra
1643 5636 1739 5673 earnm

78 5679 319 5740 cudit.»lionorius
340 5705 410 5755 papa
435 5692 472 5742 lll
488 5690 562 5756 apud
584 5691 733 5744 Odorionm
754 5687 875 5754 Rayual-
925 5691 1078 5742 lectionum
1102 5689 1192 5754 posita
1218 5689 1301 5740 sitin
1325 5689 1531 5755 exemplaribus
1552 5693 1676 5758 antiquis
1693 5707 1742 5760 pro

79 5748 144 5817 dnm,
155 5769 197 5808 aa.
217 5759 286 5824 lias,
304 5761 319 5825 §
336 5762 389 5814 ia:
410 5780 425 5810 a
443 5761 590 5816 Crudelior
609 5761 679 5814 Cain
703 5759 877 5813 fratricida.»
926 5761 1040 5815 arbitrio
1052 5759 1237 5812 librariorum.

80 5820 202 5898 &uretur
224 5831 423 5889 Pudiebradins
449 5849 499 5890 rex
531 5835 674 5889 Bahanmoe
702 5837 728 5888 in
756 5833 878 5902 Epicteto
