4076 6190
133 249 168 302 ss
727 217 731 222 ’
892 212 1074 303 uaesano.
1788 257 1821 310 ιι,

126 389 142 425 ι
157 370 336 442 martyribus
350 371 539 442 accepissent;
551 371 580 426 3ι
594 385 630 424 an
640 385 698 424 nou
713 371 817 426 saltem
831 371 997 442 poenitentia
1015 371 1060 428 his
1078 372 1127 444 qui
1148 373 1378 432 sacrificaverant
1392 378 1530 450 usquead
1549 381 1673 434 mortem
1688 379 1820 452 imposita

125 461 224 528 fuerit,
241 476 295 515 nec
308 460 475 515 communio
491 459 546 514 nisi
561 459 591 514 iu
607 460 706 514 mortis
719 460 838 516 articulo
855 476 995 518 concessa.

163 586 251 651 Quod
270 589 380 658 spectat
395 585 433 639 ad
447 583 604 654 disciplinae
622 583 865 652 immutationem,
884 585 1024 642 existimat
1038 587 1241 658 albaspinaeus,
1260 589 1309 644 lib.
1329 605 1347 643 ιι
1369 589 1519 654 Obseroot„
1534 592 1699 648 idololatria
1712 599 1741 650 et
1756 596 1820 652 aliis

125 674 309 748 gravissimis
324 673 491 730 criminibus
506 688 603 744 pacem
618 671 669 726 sub
682 672 825 744 cypriano
838 674 955 730 concedi
968 676 1095 746 coepisse,
1110 678 1150 732 ita
1165 681 1261 732 tamen
1281 683 1312 733 ut
1324 679 1458 736 adversus
1471 685 1612 751 apostatas
1622 688 1652 738 et
1660 683 1819 742 desertores

123 765 250 836 antiqua
266 764 401 819 severitas
420 761 541 833 vigeret.
559 762 621 816 Nou
644 761 734 816 solum
756 761 922 818 Tertulliani
942 765 1114 820 testimoniis
1132 766 1232 822 nititur
1252 767 1429 823 doctissimus
1443 769 1600 841 episcopus,
1615 787 1715 828 serum
1733 775 1817 831 etiam

123 853 295 924 argumenti
310 853 372 908 loco
388 851 475 906 sumit
490 849 568 921 quod
582 866 634 904 nec
646 849 805 922 cyprianus
816 866 868 905 nec
881 851 980 908 clerus
997 853 1141 910 Romanus
1154 855 1191 910 de
1202 855 1287 928 lapsis
1300 856 1455 928 quidquem
1470 861 1596 915 statuere
1615 861 1677 916 ausi
1689 861 1754 932 sint,
1767 865 1817 920 sed

125 942 244 996 concilii
265 939 461 996 auctoritatem
478 939 706 1010 exspectaverint
712 955 721 1006 ;
742 943 803 994 tum
818 939 904 996 etiam
924 941 999 1012 quod
1018 942 1176 1013 Cyprianus
1189 943 1268 1000 dicat
1287 961 1316 1000 se
1332 965 1346 994 ιι
1362 946 1525 1002 necessitati
1540 951 1703 1020 temporum
1717 967 1815 1008 succu-

125 1033 234 1102 buisse,
251 1053 266 1081 ιι
280 1037 309 1086 ιι
322 1029 420 1084 nimias
438 1028 613 1084 remissionis
634 1027 823 1098 suspicionem
842 1028 1019 1096 reformidet,
1038 1031 1104 1102 quia
1118 1051 1132 1078 «
1144 1031 1189 1088 his
1208 1032 1258 1102 qui
1276 1033 1379 1088 libellis
1398 1035 1601 1094 conscientiam
1620 1053 1703 1094 suam
1725 1055 1819 1096 macu-

124 1119 261 1186 laverint,
278 1117 321 1174 sel
341 1117 462 1172 nefanda
485 1115 623 1172 sacrificia
645 1115 850 1184 commiserint,
872 1117 1023 1172 laxandam
1049 1135 1149 1189 pacem
1171 1125 1318 1190 putaverat
1339 1122 1436 1193 (Epist.
1461 1140 1505 1191 tu,
1528 1141 1593 1196 pag.
1616 1126 1672 1197 67).
1698 1145 1712 1180 ιι
1737 1127 1817 1186 Unde

126 1208 280 1284 contendit
302 1205 496 1278 albaspinaeus
520 1221 579 1260 uon
600 1209 657 1260 tam
679 1204 792 1260 anxiam
815 1204 901 1276 huJ'm
920 1205 961 1261 rei
981 1206 1216 1264 deliberationem
1234 1208 1360 1266 futuram
1378 1211 1475 1280 fuisse,
1489 1212 1512 1266 si
1527 1229 1665 1270 concessae
1688 1215 1765 1286 pacis
1786 1216 1816 1272 in

126 1295 328 1370 superioribus
348 1294 599 1368 persecutionibus
618 1294 749 1366 exempla
764 1293 989 1365 praecessissent3
1004 1311 1056 1350 noc
1073 1296 1292 1352 commissurum
1308 1298 1393 1354 fuisse
1413 1301 1599 1374 cyprianum,
1614 1307 1646 1358 ut
1657 1305 1736 1376 quod
1753 1321 1814 1362 ma·

123 1389 226 1458 jomm
239 1384 405 1440 auctoritate
417 1383 588 1454 firmaretur,
601 1383 631 1438 id
649 1399 705 1438 aee
718 1383 847 1439 laxatum
865 1382 983 1438 diceret.
1004 1384 1065 1438 Non
1086 1385 1223 1440 absimilis
1246 1386 1352 1442 Patavii
1370 1389 1525 1458 sententia,
1538 1395 1570 1446 ut
1584 1407 1670 1463 supra
1684 1393 1816 1450 vidimus.

128 1476 188 1534 Sed
202 1475 351 1532 eruditum
366 1473 533 1546 scriptorem
547 1471 734 1546 praejudicata
752 1489 785 1529 er
800 1473 962 1530 Tertulliani
975 1472 1146 1529 testimoniis
1158 1473 1255 1545 opinio
1273 1475 1302 1530 in
1320 1491 1446 1532 errorem
1460 1477 1572 1534 induxit
1587 1496 1593 1536 ι
1608 1481 1719 1538 nullum
1737 1483 1815 1538 enim

130 1567 186 1621 hac
199 1565 230 1620 in
250 1581 281 1620 re
302 1562 453 1634 vestigium
471 1563 601 1618 novitatis
619 1561 695 1634 apud
711 1561 897 1634 cyprianum,
917 1577 973 1634 quo
993 1577 1079 1618 nemo
1102 1561 1205 1616 veteris
1226 1561 1382 1635 disciplima
1402 1565 1698 1626 exstititrelinentior.
1715 1571 1817 1628 Obser-

130 1659 177 1710 ιιι
191 1656 300 1725 llartyr
322 1653 351 1708 in
369 1652 583 1724 Encolpos)
602 1651 740 1724 quosdam
758 1667 793 1708 ex
806 1651 864 1708 ιιιιι
884 1650 1107 1708 antecessoribus
1125 1666 1226 1722 pacem
1247 1651 1383 1708 adulteris
1408 1653 1574 1726 denegasse,
1599 1661 1629 1712 et
1649 1677 1663 1707 ιι
1681 1659 1711 1714 jn
1725 1663 1817 1716 totum

128 1743 313 1816 paenitentia
329 1744 423 1798 locum
439 1741 599 1798 »clausisse
615 1758 622 1796 :
638 1742 689 1797 sed
703 1741 769 1796 satis
782 1740 892 1796 indicat
910 1741 984 1795 hano
1003 1739 1100 1810 legem
1114 1743 1143 1794 et
1155 1755 1172 1792 a
1185 1739 1281 1810 paucis
1299 1741 1439 1814 episcopis
1451 1742 1538 1798 liram
1553 1743 1647 1814 fuisse,
1666 1749 1732 1802 ente
1746 1763 1819 1819 quos

128 1835 212 1890 nulla
229 1833 392 1902 exstiteram
409 1834 439 1886 et
458 1847 510 1886 sua
528 1836 611 1887 aetate
623 1831 685 1902 jam
703 1829 819 1884 retlram
836 1832 865 1884 et
877 1828 1044 1900 abrogatam
1059 1843 1130 1884 esse.
1146 1829 1201 1884 Nec
1213 1829 1274 1900 ipsa
1289 1846 1342 1886 neo
1355 1830 1508 1903 quisquam
1522 1833 1595 1889 alius
1605 1835 1637 1890 in
1648 1835 1742 1892 Africa
1755 1853 1818 1894 mc·

129 1923 260 1978 minerat
273 1938 353 1994 spem
371 1919 451 1992 pacis
470 1919 516 1974 his
538 1917 585 1992 qui
606 1919 635 1974 in
651 1919 840 1992 superioribus
862 1917 1108 1989 persecutionibus
1127 1917 1297 1986 ceciderant,
1313 1920 1480 1992 praeclusam
1500 1921 1617 1978 omnino
1633 1923 1729 1980 fuisse.
1746 1926 1819 1982 cum

130 2012 253 2082 quidam
268 2009 427 2082 presbyteri
441 2008 529 2080 lapsis
550 2009 783 2064 communionem
804 2011 975 2062 anteactam
996 2006 1192 2076 poenitentiam
1207 2005 1363 2078 dedissent,
1378 2025 1479 2066 eorum
1495 2011 1604 2068 facinus
1620 2017 1763 2070 aversatus
1777 2019 1821 2072 ost

129 2101 306 2173 Cyprianus,
323 2114 433 2170 eosque
449 2101 547 2154 contra
560 2096 746 2168 Evangelium
759 2096 869 2152 senisse
884 2094 1057 2150 declararit:
1073 2095 1122 2150 sed
1136 2094 1164 2150 in
1178 2096 1233 2150 hoc
1247 2099 1358 2154 tantum
1372 2114 1421 2154 eos
1435 2099 1578 2171 vituperat
1589 2103 1668 2173 quod
1681 2103 1710 2160 id
1725 2125 1740 2156 ιι
1754 2107 1820 2160 ante

131 2197 229 2244 actam
256 2187 456 2260 poenitentiam
471 2208 485 2236 ιι
501 2185 715 2254 concessissent,
733 2207 747 2236 ιι
768 2183 884 2257 quando
906 2188 1035 2255 oporteat
1048 2185 1084 2239 ad
1104 2184 1167 2240 haro
1186 2200 1239 2255 per
1259 2185 1388 2242 ordinem
1412 2188 1571 2258 pervenire.
1593 2210 1607 2240 ι
1631 2193 1663 2248 ln
1687 2192 1821 2248 omnihus

129 2277 264 2350 epistolis
278 2292 350 2348 quas
364 2275 476 2348 scripsit
491 2275 519 2330 in
534 2291 618 2330 causa
633 2275 777 2348 lapsorum
793 2277 823 2329 et
841 2273 870 2328 in
886 2271 959 2328 libro
975 2273 1007 2328 de
1026 2273 1110 2343 lapsis
1127 2272 1198 2326 nibil
1213 2289 1329 2344 pmrsus
1342 2274 1468 2346 reperias
1480 2292 1536 2348 quo
1557 2278 1627 2350 lapsi
1646 2279 1682 2336 de
1703 2297 1773 2352 pace
1789 2281 1819 2336 ιιι

130 2367 255 2423 dubium
274 2369 425 2436 vocentur,
450 2365 534 2422 modo
554 2380 654 2436 parem
674 2365 795 2436 peccatis
819 2361 1016 2435 poeniteutiam
1039 2366 1140 2433 agant3
1161 2361 1210 2418 sed
1232 2363 1387 2435 cyprianus
1408 2363 1497 2420 instar
1517 2366 1651 2439 principii
1671 2370 1820 2426 certissimi

131 2456 228 2528 ponit,
248 2457 337 2510 Deum
354 2477 367 2505 a
383 2454 545 2526 poenitenti,
562 2453 704 2524 operanti,
719 2453 832 2524 roganti
848 2466 929 2522 posse
945 2450 1099 2506 clementer·
1120 2450 1277 2522 ignoscere,
1297 2452 1423 2524 possein
1438 2459 1586 2526 acceptum
1607 2457 1717 2514 referre
1735 2459 1818 2530 quid·

131 2544 204 2615 qnid
225 2560 278 2614 pro
299 2541 403 2598 talibus
418 2549 447 2598 et
459 2541 594 2614 petierint
613 2545 756 2614 martyres
771 2547 799 2598 et
812 2539 934 2596 feceriut
951 2538 1110 2596 sacerdotes
1129 2539 1169 2612 lp.
1187 2541 1259 2612 193).
1274 2563 1287 2591 ιι
1306 2543 1441 2598 llortatur
1458 2542 1487 2598 in
1503 2545 1602 2602 eodem
1615 2546 1689 2602 libro
1702 2549 1740 2619 (p.
1759 2547 1819 2620 190)

133 2655 146 2682 ι
166 2639 198 2688 ut
212 2631 412 2688 confiteantur
427 2631 532 2702 singuli
548 2629 682 2686 delictum
702 2646 783 2686 suum
802 2629 870 2686 dum
885 2627 1038 2684 satisfactio
1054 2631 1083 2682 et
1102 2630 1230 2684 remissio
1249 2631 1323 2686 facta
1340 2647 1391 2702 per
1409 2631 1569 2690 sacerdotes
1585 2641 1666 2706 grata
1679 2639 1732 2692 est.
1749 2657 1764 2686 ιι
1776 2637 1821 2693 Sic

131 2725 222 2777 etiam
239 2721 339 2778 clerus
354 2721 502 2776 Romanos
522 2719 562 2790 (iu
586 2719 674 2792 Epist.
696 2718 773 2774 inter
793 2717 974 2790 cyprianicas
992 2721 1064 2786 ιιιι)
1086 2723 1117 2774 ιιι
1133 2719 1236 2775 ιιιιιιιι
1252 2720 1371 2791 castigat
1384 2741 1398 2772 ιι
1415 2727 1568 2793 properata
1588 2724 1673 2780 nimis
1692 2726 1821 2784 remedia

131 2812 374 2867 communionum
395 2809 494 2880 utique
510 2823 568 2863 uon
587 2807 745 2879 profutura,
758 2829 772 2858 ιι
788 2808 827 2863 ιιι
842 2807 872 2862 in
891 2806 978 2878 lapsis
995 2806 1167 2864 desiderium
1187 2808 1264 2880 pacis
1278 2825 1337 2865 non
1352 2809 1507 2883 improbat,
1520 2813 1609 2870 modo
1625 2815 1738 2884 pulsent
1751 2831 1821 2873 saue

129 2901 218 2968 fores,
233 2901 283 2956 sed
300 2916 357 2954 uon
372 2898 472 2970 utique
486 2896 682 2968 confringant,
695 2900 724 2952 et
735 2896 838 2954 adeant
851 2897 887 2952 ad
900 2895 991 2952 limen
1006 2896 1147 2966 Ecclesia,
1160 2897 1209 2952 sed
1223 2911 1282 2952 nou
1296 2897 1397 2969 utique
1412 2899 1577 2956 transiliant.
1593 2902 1721 2958 Notanda
1735 2903 1821 2960 etiam

130 2991 193 3046 hacc
209 2989 298 3044 rerba
312 3005 319 3042 :
335 3007 349 3038 ιι
364 2986 484 3043 Eultum
499 2985 555 3040 illis
570 2984 701 3056 proficiet
713 2984 814 3055 petitio
829 2985 968 3052 modesta,
984 2983 1142 3056 postulatio
1156 2985 1326 3056 verecunda,
1343 2986 1489 3044 humilitas
1502 2990 1668 3059 necessaria,
1684 2991 1821 3064 patientia

131 3096 190 3134 non
205 3078 306 3134 otiosa.
322 3097 336 3127 ιι
352 3077 410 3132 llos
423 3079 483 3130 erat
497 3074 527 3128 in
543 3073 664 3130 Ecclesia
684 3073 883 3145 perantiquus,
900 3076 931 3128 ut
943 3079 1100 3146 martyrum
1121 3073 1335 3131 commendatio
1350 3075 1386 3130 ad
1401 3077 1626 3134 contrahendum
1645 3080 1821 3152 poenilantiae

130 3166 220 3236 lapsis
236 3163 377 3234 impositae
389 3166 504 3231 tempus
517 3161 620 3216 valeret
636 3182 641 3214 :
657 3163 758 3216 testem
771 3160 856 3232 htp'us
872 3160 913 3216 rei
926 3160 1065 3216 habemus
1078 3162 1282 3217 Tertullianum
1297 3161 1327 3216 in
1340 3161 1414 3218 libro
1432 3165 1470 3220 od
1491 3167 1626 3234 Martyres
1644 3169 1673 3222 et
1694 3166 1723 3222 in
1743 3167 1818 3224 libro

131 3256 164 3308 dc
182 3251 334 3308 Pudicitia.
357 3251 424 3306 iiiuc
441 3249 528 3304 etiam
545 3249 726 3320 cyprianus:
744 3269 758 3298 ι(
776 3250 806 3304 ln
826 3249 1005 3321 praeteritum
1021 3265 1144 3322 semper,
1161 3251 1255 3322 inquit
1273 3253 1325 3324 Ep.
1345 3268 1382 3320 xi,
1399 3253 1451 3310 suh
1471 3256 1697 3310 antecessoribus
1716 3256 1820 3312 nostris

130 3346 241 3398 factum
265 3346 317 3410 est,
343 3347 374 3396 ut
395 3339 504 3395 diaconi
527 3338 563 3393 ad
589 3353 732 3393 carcerem
757 3339 951 3393 commeantes
975 3343 1135 3410 martyrum
1160 3338 1302 3396 desideria
1323 3340 1449 3397 consiliis
1474 3342 1533 3398 suis
1558 3348 1586 3398 el
1608 3344 1819 3415 scripturarum

131 3431 287 3505 preceptis
309 3429 510 3500 gubernarent.
534 3447 548 3476 ιι
571 3427 620 3482 llis
641 3426 707 3482 addi
729 3429 821 3498 potest
844 3431 1021 3484 memoratus
1040 3443 1057 3480 a
1079 3426 1220 3502 cypriano
1246 3428 1275 3484 in
1298 3431 1368 3501 Epp.
1394 3445 1440 3500 ιιι,
1465 3447 1546 3502 crau,
1570 3447 1662 3502 ιιιιιι,
1688 3433 1818 3489 omnium

131 3521 323 3577 Ecclesiamm
339 3534 492 3574 consensus
505 3517 534 3572 in
544 3515 701 3572 refellendo
716 3515 882 3584 Noratiano,
898 3531 985 3587 quem
999 3531 1094 3587 pravae
1107 3516 1238 3572 novitatis
1252 3515 1368 3588 propria
1382 3534 1484 3574 manus
1496 3519 1637 3591 arguebat
1649 3537 1656 3576 ι
1668 3521 1819 3592 scripserat

130 3612 221 3678 enim,
240 3613 272 3664 ut
284 3611 404 3664 testatur
415 3607 571 3679 cyprianus
586 3607 673 3677 Epist.
693 3621 739 3673 ιιι,
758 3608 785 3660 ιι
805 3621 870 3660 voce
890 3621 941 3660 sua
960 3604 1129 3660 recitaverat
1144 3605 1252 3660 litteras
1271 3605 1344 3662 clari
1365 3607 1495 3674 Romani,
1516 3607 1546 3662 in
1560 3608 1663 3680 quibus
1675 3612 1738 3665 erat
1757 3629 1771 3664 ι
1788 3615 1819 3666 ut

128 3701 216 3772 lapsis
239 3697 359 3754 infirmis
379 3701 408 3752 et
429 3695 458 3752 in
479 3695 556 3750 exitu
579 3693 739 3750 constitutis
759 3709 813 3766 pax
835 3691 974 3748 daretur:
991 3713 1006 3744 ιι
1021 3693 1211 3750 Ecclesiarum
1232 3707 1387 3750 cousensus
1409 3695 1439 3750 in
1460 3695 1621 3766 rejiciendis
1639 3695 1817 3754 Montanistis

130 3789 242 3860 pariter
253 3786 405 3842 enituerat.

166 3910 253 3977 Quod
265 3901 336 3982 erg'o
349 3909 524 3982 cyprianum
537 3913 565 3966 et
578 3909 691 3966 clerum
710 3909 871 3964 Romanum
890 3905 1009 3964 adduxit
1022 3909 1056 3962 ut
1074 3922 1135 3962 rem
1149 3907 1183 3962 ad
1204 3906 1358 3964 concilium
1380 3907 1525 3982 integram
1542 3915 1695 3979 servarent,
1709 3927 1767 3967 uon
1785 3927 1819 3968 ea

130 4008 187 4062 fuit
200 4003 301 4076 opinio
314 4018 379 4074 quae
392 3999 447 4056 illis
460 3997 634 4066 attribuitur,
649 3995 698 4052 sod
713 3995 789 4068 quod
805 3993 912 4050 viribus
925 3995 982 4050 ιιιιι
997 3993 1161 4052 diffiderent
1173 3994 1202 4050 in
1215 3996 1355 4068 ejusmodi
1370 4013 1461 4067 causa,
1476 4014 1549 4070 quae,
1564 4004 1596 4056 ut
1608 3999 1649 4054 ait
1661 3999 1818 4072 cyprianus

131 4097 181 4168 Ep.
198 4109 257 4160 xrs,
273 4113 286 4140 ιι
301 4107 357 4146 non
372 4103 538 4161 paucorum,
555 4102 606 4142 nec
619 4085 749 4141 Ecclesiae
766 4083 850 4140 unios
865 4090 914 4140 aut
935 4084 1018 4140 ιιιιιιιι
1041 4085 1204 4156 provinciae,
1220 4084 1269 4140 sed
1284 4085 1369 4142 totius
1385 4086 1462 4142 orbis
1477 4103 1562 4142 causa
1575 4093 1646 4143 erat.
1668 4111 1682 4139 ιι
1707 4090 1818 4146 Exami-

130 4185 236 4242 nandra
256 4187 338 4238 erant
350 4195 441 4236 causae
457 4183 486 4234 et
497 4178 658 4232 voluntates
680 4176 868 4248 singulorum,
890 4179 918 4232 et
939 4177 1011 4231 sarii
1030 4178 1209 4247 peccatorum
1230 4176 1333 4246 gradus
1354 4175 1411 4230 suis
1429 4176 1535 4248 quique
1553 4175 1677 4232 modulis
1699 4177 1809 4248 ponde-

130 4273 230 4342 randi3
255 4271 331 4344 quod
352 4283 471 4325 examen
494 4283 609 4339 prorsus
630 4265 729 4322 inutile
745 4265 854 4335 fuisset,
870 4266 893 4320 si
906 4267 1046 4338 quotquot
1069 4263 1303 4328 sacrificaverant,
1326 4265 1405 4319 nullo
1428 4263 1594 4321 discrimine
1617 4265 1721 4321 exclusi
1735 4281 1751 4320 a
1765 4281 1814 4338 spe

129 4363 222 4418 reniae
237 4361 365 4417 fuissent.
379 4357 483 4413 Deinde
497 4371 564 4410 vero
580 4355 609 4409 iu
625 4355 821 4428 persecutione
840 4353 915 4410 Decii
931 4355 1027 4408 tantus
1044 4353 1153 4409 exstitit
1169 4355 1317 4425 lapsorum
1336 4369 1485 4423 ursmarus,
1502 4371 1533 4410 ac
1556 4359 1666 4411 tautum
1687 4354 1813 4411 dedecus

129 4449 244 4508 nomini
263 4447 423 4505 Christiano
445 4445 583 4510 inuasere,
605 4443 665 4516 qui,
686 4449 718 4499 ut
739 4443 779 4498 ait
793 4442 949 4515 Cyprianus
971 4443 1000 4498 in
1019 4441 1091 4497 libro
1112 4442 1144 4498 de
1168 4443 1262 4514 capsis
1284 4443 1322 4514 (p.
1349 4445 1410 4514 les)
1435 4443 1471 4499 ad
1494 4443 1586 4516 prima
1607 4443 1703 4500 statim
1729 4443 1815 4500 rerba

129 4540 268 4596 minantis
288 4536 399 4592 inimici
419 4535 504 4590 fidem
525 4549 605 4588 ιιιιιιι
625 4531 826 4606 prodiderunt,
845 4549 879 4588 ac
899 4532 971 4587 ultro
994 4531 1145 4587 adfurum
1165 4545 1328 4598 cucurrere,
1347 4545 1434 4604 seque
1454 4531 1643 4587 hortamentis
1663 4533 1770 4588 mutuis
1784 4533 1814 4588 iu

131 4631 254 4686 exitium
287 4627 474 4698 impnlemnt,
496 4629 526 4680 ut
547 4639 603 4678 non
624 4621 769 4677 immerito
793 4619 946 4676 deliberari
965 4620 1091 4692 potuerit
1109 4636 1146 4675 an
1163 4636 1222 4675 non
1241 4619 1366 4676 severius
1388 4619 1494 4694 aliquid
1516 4637 1602 4692 quam
1624 4621 1653 4676 in
1676 4620 1817 4692 prioribus

129 4715 386 4792 persecutionibus,
402 4713 431 4768 in
445 4711 586 4784 ejusmodi
606 4710 738 4766 homines
752 4712 935 4764 statueretur.
950 4707 1005 4764 Sed
1020 4715 1114 4764 tamen
1130 4709 1263 4764 ridentur
1276 4708 1304 4763 ιιι
1320 4709 1441 4764 concillo
1455 4709 1672 4782 carthaginensi
1690 4709 1814 4763 leuitatis

130 4809 332 4880 potiusquam
353 4803 512 4859 severitatis
526 4801 658 4872 exempla
673 4799 835 4855 constituta.
856 4799 938 4866 Nam,
954 4804 987 4854 ut
1001 4797 1086 4852 modo
1102 4797 1269 4865 videbimus,
1289 4797 1441 4852 libellatici
1464 4797 1514 4869 qui
1531 4798 1593 4870 jam
1617 4795 1815 4869 poenitentiam

130 4897 265 4968 egerant,
288 4891 318 4948 in
340 4893 402 4964 ipso
424 4889 540 4948 concilio
565 4888 682 4944 admissi
706 4893 772 4942 sunt
787 4903 794 4942 ι
809 4885 969 4942 sacrificatis
983 4889 1078 4940 autem
1105 4887 1188 4958 plena
1212 4884 1412 4956 penitentiam
1437 4885 1581 4958 imposita,
1597 4885 1636 4940 sic
1660 4890 1758 4941 tamon
1784 4889 1816 4941 ut

130 5001 200 5057 pace
215 4997 276 5038 non
290 4979 528 5036 defraudarentur
541 4978 566 5033 si
579 4983 645 5033 ante
659 4979 793 5032 exactum
814 4973 990 5046 poenitentia
1009 4980 1122 5045 tempus
1144 4975 1173 5029 in
1195 4973 1387 5045 periculosum
1402 4973 1535 5030 morbum
1554 4973 1724 5030 inciderent.
1741 4973 1816 5030 Nihil

129 5076 246 5146 poterat
259 5071 351 5128 lenius
364 5069 408 5126 his
422 5067 601 5140 temporibus
622 5065 763 5121 constitui.
786 5067 885 5136 ltaque
905 5063 966 5120 flori
979 5063 1072 5135 potnit
1090 5066 1123 5118 ut
1141 5062 1252 5117 concilii
1273 5063 1424 5118 lenitatem
1443 5064 1649 5135 reprehensam
1672 5065 1707 5119 ab
1728 5067 1816 5119 lluto-

132 5163 221 5216 niano
241 5157 409 5215 defenderet
430 5155 596 5227 cyprianus,
616 5153 743 5227 quamvis
764 5168 837 5208 nova
857 5155 888 5208 in
911 5152 964 5207 hoc
987 5151 1108 5208 concilio
1131 5149 1281 5221 disciplina
1305 5151 1420 5208 inducta
1443 5169 1501 5209 uon
1522 5153 1630 5210 fuisset.
1655 5154 1816 5225 Utrumque

131 5253 230 5304 autem
244 5264 262 5302 a
276 5261 306 5301 aa
321 5243 478 5317 cyprianus
492 5260 551 5299 non
564 5243 625 5298 siue
635 5241 736 5298 librata
747 5241 796 5297 diu
809 5247 837 5296 et
851 5240 1010 5311 ponderata
1022 5241 1129 5296 ratione
1143 5239 1250 5293 factum
1264 5239 1391 5296 declarat
1405 5247 1436 5296 ut
1448 5245 1477 5297 et
1490 5241 1604 5314 vigente
1618 5241 1816 5313 persecutione

131 5335 321 5401 macritatem,
335 5335 364 5388 et
377 5347 447 5404 pace
460 5330 572 5387 reddita
585 5329 795 5400 indulgentiam
809 5329 968 5385 adhiberet.
983 5329 1019 5382 ιιι
1028 5329 1207 5385 severitatem
1220 5327 1251 5382 in
1266 5343 1299 5383 eo
1315 5329 1450 5385 enituisse
1467 5346 1526 5385 non
1535 5329 1614 5397 dicit,
1628 5329 1705 5401 quod
1715 5345 1815 5401 pacem

131 5425 250 5480 omnino
262 5421 349 5492 lapsis
371 5419 536 5490 negandam
551 5417 731 5486 decrevisset,
746 5416 797 5474 sed
811 5414 888 5488 quod
904 5431 967 5471 eam
987 5433 1040 5487 per
1058 5416 1100 5471 fas
1119 5419 1147 5470 et
1168 5417 1243 5472 nefas
1256 5418 1418 5488 petentibus
1431 5419 1588 5490 restitisset,
1604 5423 1689 5492 alque
1705 5436 1817 5478 excom·

132 5511 360 5568 manicationem
375 5509 553 5574 inuenissent,
568 5505 668 5578 siquis
683 5521 747 5560 cum
763 5505 816 5560 illis
829 5505 939 5576 injussu
954 5521 1005 5560 suo
1025 5504 1251 5560 communicaret
1265 5522 1271 5560 :
1287 5506 1326 5561 sic
1345 5506 1433 5563 etiam
1452 5509 1483 5563 in
1501 5507 1618 5564 lenitate
1637 5524 1700 5580 quaa
1717 5511 1816 5566 subse·

133 5603 199 5655 cata
210 5601 265 5664 est,
279 5599 365 5668 negat
377 5593 577 5651 ecclesiasticas
589 5593 667 5665 leges
680 5593 768 5648 fuisse
783 5593 911 5661 violatas,
927 5592 974 5648 sed
987 5593 1133 5665 provisum
1153 5591 1240 5650 fuisse
1253 5594 1400 5650 contendit
1420 5599 1452 5650 ut
1465 5611 1518 5652 nec
1532 5595 1604 5668 lapsi
1618 5594 1817 5668 desperatione

134 5687 302 5758 deficerent,
318 5704 332 5736 ιι
347 5699 399 5740 nec
419 5699 516 5738 rursus
538 5697 658 5738 censura
678 5681 844 5755 evangelica
866 5682 1030 5752 solveretur,
1056 5682 1144 5738 ulad
1168 5683 1459 5740 communicationem
1481 5690 1592 5740 temere
1615 5685 1785 5758 prosilirent.
1803 5707 1817 5736 ιι

137 5777 198 5833 Uno
220 5773 306 5831 serbo
329 5775 489 5846 negatase
508 5771 730 5828 autaCornelio
752 5770 910 5845 quidquam
932 5770 1041 5828 factum
1063 5788 1123 5830 esse
1146 5777 1251 5845 praeter
1272 5771 1402 5844 exempla
1424 5771 1568 5845 majorum
1590 5789 1597 5829 ι
1619 5774 1723 5831 altam
1747 5775 1820 5832 sicut
