4076 6190
186 251 217 310 ts
835 253 867 308 u.
889 251 1073 310 anunente
1091 255 1220 312 uanam
1820 259 1854 316 dl

170 374 328 432 recessisse.
356 373 387 431 Si
407 373 514 430 creditu
538 379 605 430 tunc
627 389 686 431 non
709 373 809 430 luisset
832 374 956 432 mutatio
984 376 1043 432 vini
1067 376 1097 432 in
1120 379 1291 452 sanguinem
1324 377 1447 448 Christi,
1472 397 1561 450 num,
1588 395 1704 453 quaeso,
1732 384 1797 452 post
1824 397 1859 436 ea

168 485 267 540 preces
310 467 413 541 quibus
445 469 519 524 Deus
549 472 667 541 rogatur
699 475 730 526 ut
762 468 860 524 viuum
894 469 981 524 iaciat
1010 468 1180 542 sanguinem
1210 469 1330 537 Christi,
1359 467 1430 525 nihil
1460 469 1537 525 aliud
1561 469 1623 541 jam
1653 469 1707 524 nisi
1738 469 1856 541 sanguis

169 558 273 616 Christi
287 558 316 612 ιιι
336 557 422 613 calice
442 559 669 629 agnosceretur?
689 557 764 614 Nihil
779 558 857 614 alind
876 557 1001 629 profecto
1017 559 1145 629 agnoscit
1157 558 1316 631 Cyprianus
1335 557 1474 614 sexcentis
1493 557 1571 613 locis.
1593 558 1696 614 Statuit
1717 558 1859 613 adversus

168 665 217 705 eos
232 648 281 721 qui
295 664 399 720 aquam
412 651 527 705 tautum
542 649 572 704 in
586 649 732 706 matutinis
744 649 887 706 sacrificiis
900 649 1076 720 offerebant,
1090 648 1244 722 indiguum
1265 663 1325 704 esse
1340 646 1501 703 Christiano
1514 648 1607 703 vereri
1622 667 1636 697 ιι
1652 663 1689 702 ne
1704 662 1756 718 per
1771 664 1857 719 sapo-

168 753 231 792 rem
246 736 304 792 rini
323 737 448 794 redoleat
469 739 642 810 sauguinem
664 740 778 796 Christi.
796 739 842 795 Sic
864 754 944 809 ergo,
968 738 1070 810 inquit,
1087 738 1187 811 incipit
1205 743 1266 794 cta
1287 737 1416 809 passione
1437 736 1541 792 Christi
1560 737 1590 792 in
1609 736 1855 810 persecutionibus

105 841 110 846 ·
169 825 334 882 fraternitas
347 826 497 897 retardari,
514 827 580 883 dom
595 828 625 884 iu
641 829 831 884 oblationibus
840 827 920 884 discit
931 827 967 882 de
981 828 1121 900 sanguine
1135 829 1196 900 ejus
1211 834 1236 883 et
1254 843 1354 882 cruore
1359 867 1412 884 .....
1425 827 1577 892 Quomodo
1592 827 1688 882 autem
1702 841 1857 899 possumus

170 920 289 986 propter
304 914 449 971 Christum
465 917 636 988 sauguinem
651 918 781 988 fundere,
797 918 846 990 qui
860 917 1031 990 sauguinem
1046 917 1153 973 Christi
1169 917 1366 972 erubescimus
1380 917 1478 972 bibere
1490 916 1498 981 ι
1503 932 1532 987 p.
1550 917 1611 986 lue)
1628 916 1642 971 ‘l
1657 937 1672 968 ιι
1689 917 1749 972 Νοιι
1764 917 1855 971 solum

169 1005 343 1075 sanguinem
356 1008 445 1074 vocat,
460 1005 609 1062 sedetiam
622 1022 763 1075 cruorem,
779 1009 808 1062 et
822 1022 888 1061 cum
898 1021 932 1062 eo
942 1007 1081 1079 sanguiue
1093 1022 1260 1080 comparare
1272 1023 1329 1060 non
1344 1005 1455 1061 dubitat
1466 1006 1515 1077 qui
1529 1006 1559 1059 in
1574 1006 1654 1060 venis
1668 1004 1771 1060 nostris
1781 1004 1856 1060 uuit.

170 1092 219 1146 ait
234 1093 332 1162 etiam,
353 1109 420 1166 pag.
439 1096 510 1150 ¹06:
534 1115 548 1144 ιι
570 1095 720 1160 Quomodo
741 1096 778 1151 ad
798 1097 954 1168 potandum
974 1095 1074 1150 riuum
1095 1095 1185 1150 veniri
1208 1111 1266 1150 non
1287 1097 1379 1166 potest
1394 1093 1448 1148 nisi
1469 1093 1571 1150 botrus
1592 1095 1716 1149 calcetur
1739 1097 1805 1148 ante
1827 1097 1857 1148 et

170 1186 330 1255 prematur,
341 1182 380 1239 sic
393 1200 444 1239 nos
457 1201 511 1240 nec
531 1185 702 1258 sauguinem
715 1186 818 1242 Christi
834 1201 981 1259 possemus
996 1184 1102 1252 bibere,
1118 1184 1172 1241 nisi
1187 1184 1314 1242 Christus
1326 1184 1451 1239 calcatus
1466 1183 1544 1255 prius
1565 1183 1667 1239 luisset
1682 1185 1712 1238 et
1725 1199 1854 1255 pressus,

171 1274 200 1326 et
214 1272 330 1328 calicem
348 1272 429 1343 prior
442 1271 565 1341 biberet,
580 1273 612 1329 in
627 1289 682 1347 quo
698 1273 881 1331 credentibus
893 1275 1084 1347 propinaret?
1097 1295 1111 1324 »

207 1387 457 1452 Quemadmodum
471 1389 852 1463 Cyprianuscommuuiones
867 1392 1000 1464 indiguas
1013 1391 1181 1462 detestetur,
1198 1393 1265 1465 quia
1280 1411 1294 1445 ιι
1310 1395 1440 1448 sanctum
1455 1391 1566 1448 Domini
1580 1407 1685 1464 corpus
1698 1414 1712 1443 ιι
1727 1391 1858 1465 profana-

170 1481 217 1532 tur
233 1478 271 1550 (p.
285 1478 339 1550 20),
353 1479 420 1550 quie
434 1500 448 1530 ιι
464 1480 505 1535 vis
522 1481 647 1536 infertur
658 1482 771 1552 corpori
786 1485 814 1537 et
832 1481 966 1554 sanguini
982 1482 1107 1549 Domini,
1128 1483 1157 1537 et
1170 1480 1200 1537 in
1217 1481 1366 1537 [lominum
1386 1480 1518 1535 manibus
1531 1484 1560 1536 et
1573 1497 1622 1536 ore
1648 1501 1662 1534 ιι
1681 1480 1858 1552 delinquitur

170 1564 209 1636 (p.
228 1567 298 1636 l86i,
310 1567 557 1638 quemadmodum
568 1569 748 1628 Firmilianus
760 1570 850 1625 instar
862 1570 964 1642 piaculi
978 1569 1101 1626 ducebat
1111 1569 1186 1640 quod
1199 1569 1340 1638 homines,
1356 1576 1387 1624 ιιι
1399 1570 1452 1642 ipsi
1467 1569 1626 1636 videbatur,
1643 1585 1700 1624 non
1718 1567 1854 1641 baptizati

171 1675 185 1704 ιι
205 1661 339 1728 usurpata
357 1662 463 1714 temere
477 1659 736 1714 communicatione
756 1659 921 1732 contingant
936 1677 1041 1733 corpus
1055 1665 1084 1715 et
1101 1659 1272 1731 sanguinem
1291 1660 1407 1716 bomini
1427 1662 1466 1732 (p.
1490 1661 1561 1732 149),
1579 1681 1592 1710 ιι
1609 1661 1649 1715 sic
1665 1660 1764 1730 gratia
1778 1659 1857 1714 dona

168 1759 231 1814 quse
240 1760 275 1798 ex
286 1745 464 1802 Eucharistia
479 1748 585 1819 percipi
593 1747 696 1814 solent,
710 1764 745 1802 ex
758 1764 876 1821 corpore
891 1756 919 1804 et
932 1750 1073 1822 sauguine
1084 1748 1186 1804 Christi
1200 1749 1387 1819 punientibus
1400 1753 1580 1820 repetuntur.
1593 1749 1681 1804 [locet
1693 1748 1856 1820 Cyprianus

169 1831 274 1887 milites
290 1833 392 1890 Christi
415 1836 592 1892 considerare
608 1836 713 1892 debere
731 1857 746 1886 ιι
762 1837 865 1892 idcirco
885 1854 914 1893 se
933 1837 1063 1910 quotidie
1078 1837 1197 1892 calicem
1213 1838 1362 1908 sanguinis
1383 1838 1487 1893 Christi
1503 1837 1611 1906 bibere,
1636 1843 1667 1892 ut
1691 1837 1803 1908 possint
1828 1839 1858 1891 et

169 1919 224 1991 ipsi
244 1925 362 1992 propter
383 1922 526 1980 Christum
549 1925 723 1996 sanguinem
746 1925 878 1981 fundere.
902 1946 916 1976 ιι
943 1926 1029 1992 llinc,
1053 1941 1137 1993 cum,
1159 1925 1285 1981 instante
1313 1926 1384 1981 Galli
1408 1933 1437 1982 et
1465 1925 1608 1982 Volusiani
1636 1926 1857 1998 persecutione,

170 2009 404 2066 communionem
417 2011 451 2066 iis
466 2013 515 2085 qui
534 2015 587 2069 sub
602 2015 683 2070 Decio
698 2015 769 2088 lapsi
785 2015 909 2084 tuerent,
924 2015 1080 2070 concedere
1095 2013 1277 2082 decrevisset,
1300 2015 1487 2088 indulgentias
1506 2017 1580 2072 hanc
1596 2015 1738 2072 rationem
1764 2015 1861 2070 reddit

170 2096 200 2150 in
224 2099 274 2169 Ep.
299 2115 352 2167 ιιι,
375 2117 404 2174 p.
424 2103 457 2156 78
477 2118 483 2156 :
507 2123 520 2152 ιι
545 2103 615 2158 Nam
637 2103 798 2176 quomodo,
822 2103 933 2175 inquit,
954 2103 1089 2158 docemus
1112 2108 1162 2158 aut
1186 2119 1373 2173 provocamus
1400 2113 1446 2160 eos
1469 2105 1499 2159 in
1525 2105 1704 2160 consessione
1729 2105 1858 2160 nominis

169 2188 337 2256 sauguinem
355 2207 439 2244 surim
452 2191 584 2261 fundere,
600 2192 624 2247 si
642 2191 682 2247 eis
705 2191 866 2248 militaturis
882 2193 985 2247 Christi
1007 2192 1179 2262 sauguinem
1200 2192 1401 2264 denegamus?
1425 2195 1482 2250 Αιιι
1497 2193 1643 2266 quomodo
1664 2194 1700 2248 ad
1727 2194 1859 2264 martyrii

168 2275 302 2344 poculum
320 2277 438 2335 idoneos
457 2280 587 2350 lecimus,
608 2281 632 2336 si
646 2298 702 2336 nou
722 2297 771 2335 eos
785 2273 863 2352 prius
882 2281 916 2334 ad
936 2280 1094 2335 bibendum
1109 2282 1138 2334 in
1152 2281 1273 2336 Ecclesia
1288 2284 1419 2353 poculum
1441 2283 1552 2340 Domini
1566 2285 1632 2354 jure
1658 2283 1855 2340 communica·

171 2363 258 2419 tionis
275 2366 472 2424 admittimus?
490 2392 503 2420 ιι
526 2371 560 2426 Ει
573 2371 604 2425 ιιι
621 2373 670 2442 Ep.
690 2385 754 2426 urin
776 2369 815 2441 (p.
839 2373 897 2436 loll
915 2389 929 2419 ιι
952 2368 1029 2424 Calix
1047 2369 1210 2424 bominicus
1228 2370 1266 2425 sic
1284 2370 1416 2426 bibentes
1435 2371 1559 2428 inebriat
1582 2374 1613 2426 ut
1633 2371 1742 2428 sobrios
1761 2371 1857 2437 iaciat,

173 2457 204 2506 ut
219 2460 327 2512 mentes
342 2457 378 2512 ad
405 2457 561 2530 spiritalem
581 2459 753 2530 sapientiam
775 2458 898 2530 dirigat,
914 2463 944 2512 ut
961 2474 978 2512 a
997 2473 1098 2530 sapore
1119 2456 1172 2513 isto
1186 2458 1313 2513 seculari
1334 2458 1378 2514 ad.
1392 2460 1566 2514 intellectum
1584 2461 1632 2516 Dei
1654 2460 1855 2532 unusquisque

170 2541 336 2614 resipiscat:
358 2551 387 2601 et
405 2547 650 2618 quemadmodum
671 2549 736 2603 sino
753 2548 807 2603 isto
827 2547 973 2603 communi
994 2563 1074 2602 mens
1096 2547 1213 2602 solvitur
1234 2551 1263 2601 et
1276 2547 1372 2602 anima
1395 2549 1551 2616 relaxatur,
1572 2555 1601 2605 et
1629 2548 1745 2604 tristitia
1761 2548 1857 2604 omnis

172 2632 341 2704 exponitur,
364 2634 403 2692 ita
419 2640 532 2708 epotato
549 2637 688 2708 sanguine
706 2636 818 2691 Domini
833 2653 848 2692 e
863 2635 966 2708 poculo
990 2635 1124 2702 salutari,
1145 2642 1303 2707 exponatur
1322 2637 1460 2691 memoria
1479 2637 1581 2692 veteris
1603 2637 1738 2705 hominis,
1762 2643 1791 2693 et
1810 2637 1859 2691 liat

172 2718 274 2776 oblivio
295 2724 516 2780 conversationis
535 2725 661 2796 pristinae
686 2725 844 2792 saecularis,
869 2728 899 2780 et
919 2730 1052 2780 moestum
1075 2731 1173 2796 pectus
1191 2741 1223 2780 ac
1236 2727 1326 2794 triste,
1348 2727 1425 2797 quod
1450 2728 1527 2798 prius
1544 2727 1667 2799 peccatis
1686 2727 1859 2799 augentibus

170 2811 363 2881 premebatur,
378 2813 676 2886 disioaeindulgeutiae
689 2814 787 2870 laetitia
801 2815 967 2869 resolvatur.
984 2837 997 2864 ιι
1013 2815 1156 2886 Quidquid
1171 2831 1241 2886 ergo
1255 2814 1337 2870 docet
1350 2816 1473 2872 Ecclesia
1488 2818 1629 2874 catholice
1642 2819 1677 2874 de
1692 2817 1855 2873 mutatione

170 2899 252 2972 panis
267 2907 296 2956 et
309 2901 365 2956 vini
375 2903 405 2956 in
418 2919 519 2973 corpus
532 2910 561 2958 et
571 2903 743 2975 sanguinem
755 2903 869 2971 Christi,
882 2903 1022 2976 quidquid
1036 2903 1134 2958 animo
1148 2904 1200 2959 hac
1214 2903 1270 2959 lide
1282 2903 1392 2961 imbuto
1409 2906 1552 2962 observari
1568 2910 1669 2978 potest,
1683 2907 1712 2961 id
1721 2905 1859 2980 Cypriani

173 2987 266 3044 menti
280 2988 454 3062 impressum
468 2999 496 3048 et
509 2992 684 3063 insculptum
698 2991 785 3046 luisse
804 2992 1007 3064 perspicimus.

207 3106 311 3178 Objicit
324 3109 407 3164 nobis
420 3111 513 3167 editor
524 3111 691 3168 Oxoniensis
704 3111 781 3166 bunc
791 3110 885 3165 locum
899 3125 932 3164 ex
947 3108 1036 3182 Epist.
1048 3125 1115 3164 uxrn
1130 3129 1135 3164 :
1153 3129 1167 3162 ιι
1181 3109 1225 3166 Sic
1235 3115 1331 3166 antem
1344 3110 1372 3165 in
1388 3109 1592 3166 sanctificando
1604 3111 1689 3168 calice
1703 3111 1831 3180 Domini,
1843 3133 1856 3162 ιι

172 3195 265 3268 inquit
285 3199 324 3269 (p.
347 3198 407 3270 loa)
423 3199 596 3270 Cyprianus,
618 3219 632 3250 ιι
653 3199 751 3255 offerri
769 3214 844 3270 aqua
863 3197 925 3253 sola
938 3214 998 3253 uon
1017 3201 1121 3270 potest,
1144 3200 1288 3270 quomodo
1305 3216 1358 3255 uec
1381 3201 1480 3256 riuum
1495 3201 1589 3257 solum
1609 3203 1727 3272 potest?
1742 3203 1813 3256 Nam
1835 3203 1859 3256 si

171 3285 271 3340 viuum
301 3291 412 3342 tantum
437 3288 500 3359 quis
527 3288 646 3355 ollerat,
675 3289 791 3358 sanguis
810 3287 914 3343 Christi
941 3286 1041 3358 incipit
1066 3303 1125 3342 esse
1152 3287 1213 3343 sine
1241 3287 1333 3344 nobis.
1362 3289 1390 3346 Si
1415 3305 1483 3345 vero
1510 3305 1583 3362 aqua
1609 3290 1646 3344 sit
1671 3290 1750 3358 sola,
1777 3288 1857 3362 plebs

171 3373 273 3445 incipit
294 3391 354 3431 esse
380 3376 440 3432 sine
464 3377 585 3434 Christo.
611 3377 691 3442 Quod
720 3382 820 3432 autem
846 3382 1002 3447 utrumque
1030 3377 1178 3445 miscetur,
1201 3383 1269 3433 tunc
1298 3381 1509 3435 sacramentum
1534 3378 1662 3450 spiritale
1687 3384 1716 3435 et
1744 3381 1856 3434 coeleste

171 3461 327 3534 perficitur.
351 3485 365 3516 ιι
383 3467 422 3521 ιιι
446 3466 490 3520 his
513 3465 621 3538 colligit
635 3466 806 3538 sauguinem
825 3464 927 3524 Christi
948 3481 1009 3520 esse
1031 3466 1060 3520 in
1087 3465 1185 3532 calice,
1209 3466 1454 3538 quemadmodum
1473 3468 1535 3540 ipsa
1550 3468 1631 3540 plebs
1654 3483 1754 3524 eorum
1773 3467 1858 3523 calice

172 3553 311 3610 contineri
324 3553 435 3611 dicitur.
451 3555 507 3612 Sed
521 3555 594 3612 adeo
609 3555 790 3612 manifestum
804 3559 847 3611 est
861 3553 1028 3622 discrimen,
1045 3557 1077 3607 ut
1098 3553 1186 3608 mirer
1200 3553 1349 3610 homiuem
1368 3555 1512 3611 eruditum
1533 3557 1563 3612 ιιι
1577 3556 1621 3612 his
1635 3555 1857 3612 cavillationibus

173 3643 333 3698 immorari.
351 3644 418 3708 Quis
431 3645 510 3700 enim
525 3659 653 3717 unquam
669 3644 740 3700 dixit
755 3645 892 3717 populum
907 3644 1040 3699 recedere
1056 3658 1120 3698 cum
1138 3643 1244 3715 specics
1259 3644 1415 3700 immutata
1430 3648 1508 3712 sunt,
1524 3651 1552 3701 et
1564 3645 1622 3701 alia
1636 3645 1777 3717 ejusmodi
1792 3661 1857 3716 quse

173 3733 209 3788 de
228 3733 331 3790 Christi
352 3733 490 3805 sauguine
511 3732 586 3789 dicta
609 3733 693 3789 modo
708 3733 885 3789 retulimus?
901 3733 1105 3802 Quamobrem,
1126 3750 1192 3789 cum
1214 3734 1319 3789 dicitur
1341 3733 1420 3806 plebs
1443 3751 1503 3790 esse
1527 3736 1556 3790 in
1579 3734 1680 3802 calice,
1707 3735 1857 3790 manifesta

172 3829 215 3882 est
235 3826 327 3898 ligura
343 3843 407 3897 qua
420 3829 567 3884 neminem
583 3829 680 3897 latere,
703 3827 851 3882 neminem
868 3825 897 3880 in
920 3823 1024 3880 erroris
1044 3823 1205 3896 periculum
1226 3824 1365 3896 conjicere
1380 3825 1476 3897 possit.
1496 3827 1530 3882 lt
1545 3828 1609 3896 post
1635 3823 1739 3880 Christi
1758 3825 1855 3888 verba,

172 3917 215 3970 liic
229 3921 269 3971 est
281 3919 403 3986 saneah,
420 3922 486 3984 ete,
502 3915 627 3989 quotidie
644 3916 869 3972 commemorata
882 3916 911 3971 et
925 3915 1074 3982 inculcata,
1097 3917 1160 3984 post
1173 3912 1353 3984 quotidianas
1374 3913 1403 3968 ιιι
1424 3913 1561 3969 sacritlcio
1584 3929 1693 3986 preces,
1708 3918 1739 3969 ut
1757 3913 1854 3968 sinum

172 4003 221 4058 liat
248 4003 363 4076 sanguis
387 4005 501 4074 Christi,
529 4005 593 4078 quis
623 4005 746 4076 liguram
771 4003 907 4075 suspicari
935 4002 1071 4077 potuisset
1097 3999 1169 4056 nihil
1198 4001 1276 4056 eliud
1315 4001 1433 4057 audiens
1461 4003 1517 4058 uisi
1541 4001 1646 4060 Christi
1684 4003 1855 4074 sanguinem

173 4109 233 4149 esse
260 4094 289 4148 in
312 4094 407 4164 calice,
433 4095 529 4152 offerri
550 4095 586 4156 in
607 4095 715 4166 calice,
740 4099 768 4150 et
788 4093 858 4165 bibi,
884 4109 916 4148 ao
941 4093 1054 4148 animas
1077 4091 1190 4146 nostras
1211 4090 1396 4147 corroborare
1418 4093 1450 4146 ut
1473 4092 1646 4164 sanguinem
1668 4107 1720 4164 pro
1745 4092 1855 4149 Christo

173 4183 349 4240 tundamus?

208 4293 264 4349 Sed
276 4292 398 4348 breviter
410 4292 493 4347 nobis
505 4291 730 4348 examinandum
742 4289 812 4364 quid
828 4289 941 4346 intersit
953 4287 1028 4345 iuter
1048 4287 1171 4343 rationes
1194 4287 1297 4359 quibus
1312 4304 1418 4360 aquam
1432 4287 1590 4363 Cyprianus
1604 4287 1684 4364 calici
1697 4289 1853 4345 infunden-

15 4411 32 4428 ν
61 4397 66 4402 ·
173 4384 250 4450 dam,
270 4385 299 4437 et
321 4399 356 4437 ea
372 4382 475 4454 quibus
493 4381 592 4436 vinum
611 4382 729 4437 omnino
745 4377 935 4436 necessarium
957 4393 1019 4433 esse
1042 4377 1203 4449 persuadet.
1220 4376 1265 4433 Sic
1288 4377 1412 4433 enimet
1429 4377 1566 4434 Dominici
1586 4379 1736 4452 sanguinis
1750 4377 1854 4434 veritas

173 4469 290 4544 patebit,
306 4475 335 4526 et
348 4470 438 4527 obiter
451 4472 617 4528 refellentur
628 4472 677 4543 qui
699 4486 805 4543 aquam
817 4485 834 4524 a
846 4465 997 4540 Cypriane,
1012 4471 1043 4521 ut
1053 4466 1118 4537 jure
1138 4465 1244 4536 divino,
1265 4484 1323 4522 uon
1339 4467 1431 4522 solum
1444 4466 1642 4536 ecclesiastico,
1657 4467 1854 4540 prescriptam

172 4561 371 4618 commendari
385 4562 493 4618 volunt.
505 4563 532 4618 S.
553 4563 657 4634 Martyr
671 4565 798 4617 evertere
822 4559 958 4616 statuerat
971 4557 1126 4630 pessimam
1147 4554 1390 4624 cousuetudinem,
1406 4571 1471 4628 quse
1495 4555 1570 4628 apud
1586 4556 1740 4612 nonnullos
1754 4555 1854 4628 obrep

173 4654 257 4718 serat,
273 4657 392 4724 utaque
406 4651 465 4708 sola
482 4652 512 4708 iu
532 4652 672 4708 matutino
686 4649 823 4707 sacrificio
838 4647 997 4704 offerretur.
1017 4647 1210 4712 Quamobrem
1225 4647 1402 4702 demonstrat
1421 4662 1526 4718 aquam
1539 4661 1597 4701 nou
1619 4645 1649 4700 in
1664 4644 1854 4709 Eucharistia,

173 4740 221 4796 sed
236 4744 347 4796 tautum
361 4741 392 4795 iu
406 4739 548 4812 Baptisma
560 4741 595 4796 ed
608 4739 756 4812 proprium
771 4737 940 4794 sacramenti
955 4735 1089 4792 ellectum
1106 4735 1286 4790 essentialem
1301 4748 1361 4790 esse
1376 4735 1542 4804 materiam,
1557 4739 1586 4790 et
1600 4755 1614 4784 «
1628 4733 1854 4806 quotiescunque

174 4846 247 4901 aqua
271 4830 330 4886 sola
350 4830 379 4885 iu
403 4829 555 4903 Scripturis
577 4830 754 4898 nominatur,
778 4827 921 4899 Baptisma
944 4825 1104 4896 predicari,
1125 4828 1153 4879 et
1173 4821 1365 4901 appellatione
1387 4838 1470 4894 aqure
1493 4822 1638 4895 baptisma
1660 4821 1853 4894 significatum

173 4931 285 4989 semper
304 4933 384 4986 esse;
408 4939 422 4968 ιι
449 4924 478 4974 at
501 4934 567 4974 vero
588 4919 619 4972 in
645 4915 821 4974 Eucharistia
847 4934 861 4964 ιι
885 4913 1004 4968 calicem
1030 4911 1148 4967 mistum
1171 4911 1364 4983 luissesquem
1392 4911 1529 4967 Dominus
1554 4910 1676 4982 obtulit,
1701 4917 1730 4967 et
1755 4911 1853 4968 riuum

171 5003 257 5060 fuisse
274 5005 352 5076 quod
367 5005 537 5077 sauguinem
553 5021 637 5060 suum
654 5005 733 5073 dixit,
748 5018 874 5075 eumque
891 5002 1021 5058 docuisse
1039 5000 1174 5072 exemplo
1194 4999 1352 5073 magisterii
1370 5000 1415 5056 sui
1433 5001 1552 5056 calicem
1566 4999 1625 5055 sini
1640 5005 1669 5056 et
1685 5016 1770 5072 aqua
1784 5017 1853 5055 cou-

169 5093 318 5167 junctioue
332 5096 455 5152 misceri.
470 5115 485 5147 ιι
500 5097 571 5152 llinc
584 5113 689 5168 aquam
700 5097 735 5153 ad
749 5095 880 5168 mysticas
896 5099 1007 5150 tautum
1021 5091 1243 5166 significationes
1257 5088 1389 5144 adhiberi
1404 5087 1603 5144 demonstret:
1620 5107 1634 5138 ιι
1660 5088 1754 5160 Aquas
1775 5105 1853 5143 nam·

172 5199 228 5255 que
242 5183 370 5254 populos,
387 5183 481 5256 iuquit
494 5184 533 5256 (p.
551 5183 622 5255 108),
637 5185 795 5257 significare
806 5185 835 5240 ιιι
849 5185 1014 5257 Apocalypsi
1025 5182 1170 5255 Scriptura
1182 5179 1276 5236 diviua
1289 5179 1413 5235 declarat
1425 5177 1521 5234 diceus
1537 5193 1543 5232 :
1560 5179 1647 5247 Aqua
1660 5192 1730 5248 quos
1743 5179 1853 5246 uirtuti,

173 5286 254 5341 super
276 5285 344 5341 ques
365 5271 438 5327 sedet
462 5273 592 5328 meretrix
616 5273 686 5335 itta,
709 5273 805 5344 populi
832 5279 858 5329 et
881 5273 969 5328 turbe
993 5276 1019 5328 ct
1047 5275 1138 5341 gentes
1165 5269 1331 5324 ethnicorum
1356 5271 1421 5322 sunt
1449 5271 1476 5322 et
1501 5266 1613 5336 linqua.
1637 5266 1717 5330 Quod
1743 5265 1854 5322 scilicet

172 5357 362 5432 perspicimus
382 5362 410 5415 et
429 5359 459 5414 iu
477 5363 654 5416 sacramento
673 5359 766 5415 calicis
785 5359 936 5417 contineri.
956 5359 1038 5428 Nam,
1058 5358 1125 5431 quia
1138 5372 1190 5412 uos
1212 5372 1314 5412 omues
1324 5353 1459 5427 portabat
1471 5353 1613 5422 Christus,
1629 5353 1679 5426 qni
1695 5355 1723 5409 et
1737 5357 1854 5425 peccata

174 5447 270 5502 nostra
282 5445 420 5518 portabat,
436 5444 565 5503 videmus
576 5445 607 5502 in
626 5463 699 5519 aque
714 5447 852 5522 populum
867 5446 999 5520 intelligi,
1018 5447 1049 5503 in
1065 5445 1130 5501 rino
1146 5461 1212 5501 sero
1232 5442 1345 5500 ostendi
1358 5442 1532 5514 sanguinem
1545 5441 1659 5498 Christi.
1674 5465 1689 5494 ιι
1712 5443 1853 5499 ιιιιιιιιιιι

173 5533 625 5607 Cyprianusuecsssitetemaquae
635 5535 728 5590 elevat
740 5533 932 5608 potiusquam
942 5532 1136 5591 commendat.
1149 5532 1202 5589 Sed
1214 5535 1311 5588 tamen
1323 5535 1425 5603 postea
1438 5530 1478 5586 ait
1491 5545 1595 5602 aquam
1608 5527 1751 5606 65-66
1762 5529 1853 5586 solam

98 5693 104 5700 .
173 5621 269 5679 offerri
281 5637 342 5678 uon
355 5637 435 5695 posse
453 5642 468 5673 ιι
482 5623 627 5695 quomodo
640 5639 692 5679 nec
706 5622 804 5679 vinnm
819 5623 913 5679 solum
923 5625 1030 5696 potest,
1045 5643 1059 5673 ιι
1077 5624 1107 5677 et
1127 5619 1341 5694 copulationem
1361 5623 1389 5675 et
1401 5617 1632 5691 conjunctionem
1648 5634 1731 5692 aqua
1751 5621 1781 5676 et
1794 5617 1853 5675 riui

173 5709 212 5767 *ic
225 5709 338 5770 misceri
351 5711 381 5768 iu
400 5710 489 5767 calice
511 5710 632 5780 bomini,
648 5733 662 5764 ιι
682 5716 715 5768 ιιι
729 5711 893 5768 commixtio
913 5710 961 5766 illa
978 5726 1038 5766 non
1059 5709 1147 5781 possit
1168 5708 1345 5765 abinvicem
1364 5708 1501 5781 separari.
1523 5727 1537 5762 ιι
1559 5707 1851 5764 Animadvertendum

231 5797 365 5874 Cypriani
377 5799 539 5860 consilium.
553 5799 698 5860 Dissercus
712 5815 779 5860 cum
792 5799 958 5858 homiuibus
973 5811 1078 5874 equum
1092 5799 1180 5856 solam
1195 5795 1406 5869 adhibentibus,
1422 5796 1512 5854 utitur
1523 5794 1664 5871 principio
1680 5795 1756 5869 quod
1769 5795 1850 5854 lactle
