4012 6192
89 244 130 304 ies
588 237 787 302 §Uetulonis
805 233 968 302 oroscati
988 239 1232 306 ARGUMENTUM.
1704 244 1756 308 870

118 376 144 428 tl.
158 375 191 429 st
205 373 288 444 hujus
304 373 382 429 modi
396 371 504 440 titulus,
519 371 640 443 inquies,
655 389 714 428 non
732 373 888 430 admodum
899 373 1042 459 Abimus,
1058 374 1206 446 redarguit
1220 391 1333 448 qnoque
1357 377 1502 444 pacianus,
1519 389 1604 448 quem
1621 377 1755 448 deinceps

87 465 207 538 congruit
223 482 289 520 cum
305 465 448 539 aliquibus
468 465 641 520 testimoniis
657 481 722 538 quoe
742 467 770 520 in
786 466 889 522 eodem
939 467 1093 538 aliquando
1109 468 1269 524 citabimus.

87 561 170 616 libello
184 560 355 632 allegantur,
370 561 399 613 et
412 559 572 631 prasertim
585 575 649 614 cum
666 563 697 616 tt
712 562 741 614 et
755 561 800 614 ta.
813 561 888 624 Qua·
977 561 1043 616 Vlll.
1060 561 1157 631 Neque
1174 577 1240 616 rece
1254 569 1362 617 temere
1376 563 1442 631 dixi,
1457 563 1546 618 nimio
1563 564 1626 636 plus
1640 581 1755 620 severos

86 671 153 720 uam,
178 653 305 720 obsecro,
328 653 438 710 ratione
465 669 567 708 eruere
591 653 698 724 poteris
723 669 730 707 ε
755 675 769 702 «
796 653 887 708 Penni·
940 653 1025 708 iuisse
1048 653 1180 724 Cypriani
1206 661 1288 710 aetate
1315 657 1477 722 nonnullos,
1500 657 1572 712 adeo
1595 658 1700 714 scilicet
1725 663 1756 712 nt

87 748 193 803 entiam
207 746 314 802 dimitti
331 763 410 818 posse
430 753 545 818 peccata
558 747 585 802 ei
604 746 652 818 qui
672 746 709 802 ad
723 747 814 800 boum
829 749 888 802 toto
939 745 1097 802 criminosis
1121 747 1232 803 veniam
1258 765 1374 820 prorsus
1398 749 1588 822 denegarent,
1613 754 1641 807 et
1667 752 1755 809 eccle·

87 841 161 897 corde
183 841 366 912 convertitur,
390 861 404 891 n
428 857 461 896 ex
488 855 521 895 eo
546 840 621 912 quod
645 861 659 888 ιι
684 839 807 895 oblivisci
832 856 888 894 non
917 839 1077 920 'siasticam
1097 842 1328 897 communionem
1345 860 1350 896 :
1367 845 1465 898 contra
1481 843 1661 914 indulgentes
1682 845 1754 900 adea

87 935 163 1007 possit
175 951 277 1006 sponsa
292 935 455 990 ornamenti
473 933 527 1002 sui,
547 949 598 989 nec
615 933 697 1005 virgo
711 933 806 988 tasciae
820 949 886 1004 pcc·
938 933 1018 1000 alios,
1042 937 1074 988 ut
1091 933 1242 990 sceleribus
1262 936 1437 1006 gravissimis
1457 937 1583 1008 pollutos
1603 938 1632 993 in
1656 938 1753 994 Eccle-

86 1029 170 1084 toralis
198 1045 257 1083 saae
284 1046 290 1082 :
317 1029 438 1100 populus
461 1043 527 1083 vero
552 1043 604 1098 per
630 1041 722 1082 annos
750 1027 888 1098 plurimos
938 1026 1010 1080 siam
1027 1027 1123 1082 stadm
1141 1027 1312 1099 reciperent,
1327 1045 1422 1100 neque
1437 1028 1473 1084 ab
1488 1029 1522 1084 iis
1542 1029 1676 1086 salutares
1692 1031 1755 1085 illas

87 1123 177 1178 oblitus
194 1123 233 1177 sit
251 1121 319 1176 liei?
335 1143 350 1172 ιι
368 1123 474 1177 Rursus
489 1137 613 1192 quanam
630 1120 737 1176 ratione
755 1120 886 1177 eamdem
936 1119 1133 1176 afflictationes
1153 1129 1349 1192 exposcerent,
1365 1138 1437 1194 ques
1460 1123 1587 1178 Ecclesia
1608 1127 1754 1179 statuerat.

85 1215 174 1270 thesim
186 1215 317 1270 derivare
336 1215 443 1286 poteris
463 1229 495 1268 ex
509 1230 543 1268 eo
559 1229 616 1284 quo
632 1213 693 1268 brec
708 1212 802 1268 tradat
820 1227 887 1284 apo·
937 1211 1088 1284 Nimirum,
1105 1220 1138 1269 ut
1154 1230 1190 1269 ex
1207 1215 1340 1286 Cypriani
1360 1215 1439 1270 libris
1459 1216 1650 1288 assequimur,
1665 1217 1754 1288 aliqui

85 1308 162 1362 stolas
185 1307 310 1362 Paulas?
334 1327 347 1356 a
360 1306 483 1362 Praedixi
505 1310 534 1361 at
554 1305 689 1378 predico,
707 1312 738 1361 ut
759 1321 886 1378 praesens
936 1305 1013 1378 quod
1029 1306 1090 1376 jam
1112 1307 1181 1376 dixi,
1203 1309 1329 1380 recipere
1349 1309 1485 1364 nolebant
1505 1326 1620 1380 prorsas
1639 1311 1674 1365 ad
1696 1326 1754 1382 pce·

86 1402 169 1467 sedeo,
186 1407 214 1457 et
231 1399 334 1456 absens
352 1417 429 1456 nunc
442 1400 477 1455 iis
495 1399 623 1472 quiante
642 1404 840 1472 peccaverunt,
858 1405 888 1456 et
936 1400 1086 1454 nitentium
1111 1401 1241 1471 gravium
1267 1401 1421 1457 criminum
1445 1419 1509 1458 reos
1535 1405 1581 1474 (2),
1605 1419 1698 1475 neque
1723 1404 1753 1460 in

85 1495 181 1550 ceteris
194 1495 339 1566 omnibus,
354 1494 423 1567 quia
436 1494 460 1548 si
476 1509 581 1550 renero
593 1509 652 1549 non
668 1509 792 1566 parcam.
808 1515 822 1544 ιι
936 1492 1089 1548 Ecclesiam
1108 1493 1268 1562 admittere,
1290 1491 1388 1568 838
1409 1495 1458 1567 qui
1474 1495 1509 1551 ab
1529 1511 1562 1551 ea
1580 1496 1638 1551 sire
1660 1497 1752 1552 scbis·

126 1646 131 1660 ,
309 1644 314 1654 ,
363 1643 368 1652 ,
641 1642 646 1654 ,
936 1587 1099 1654 mate,sive
1120 1587 1448 1658 perlibellos,sivealia
1467 1589 1574 1644 ratione
1593 1589 1751 1662 aliquando

114 1645 152 1699 ll.
168 1643 247 1700 Haud
261 1643 330 1698 lens
345 1642 529 1699 videturesse
548 1643 607 1698 hac
621 1641 782 1712 drillcultas,
797 1659 883 1714 qnam
935 1680 1100 1736 deseoemnt
1121 1681 1170 1753 (3),
1194 1681 1248 1736 App
1262 1686 1358 1736 „onem
1370 1681 1503 1738 facillime
1523 1682 1553 1738 in
1572 1683 1633 1756 ipsa
1656 1699 1753 1756 perse·

84 1743 168 1794 arrian
189 1737 273 1793 facile
292 1736 438 1808 dissolves,
459 1736 483 1792 si
500 1738 631 1792 advertes
651 1753 709 1792 non
731 1736 765 1791 de
786 1738 924 1828 quavisB
936 1773 1058 1828 cunonis
1077 1773 1187 1830 ,mom
1211 1777 1279 1830 aute
1301 1776 1501 1847 mammam
1525 1781 1665 1847 peractam
1689 1779 1751 1832 sino

84 1831 240 1902 penitentia
257 1830 365 1885 locatos
379 1831 465 1886 tuisse
478 1835 587 1886 veteres
601 1832 698 1886 Patres
716 1830 763 1902 qui
778 1830 887 1886 remitti

84 1941 126 1994 par
140 1942 200 1980 eam
218 1941 303 1998 posse
324 1925 480 1980 docuerunt
495 1923 629 1996 quaelibet
644 1923 776 1992 crimina,
790 1923 836 1978 sed
851 1924 886 1978 de

84 2035 110 2072 ea
127 2035 210 2090 qnam
233 2019 365 2090 poscebat
384 2017 516 2086 Ecclesia,
541 2024 648 2074 vetusta
671 2017 830 2090 disciplina,
855 2035 887 2072 ac

84 2113 278 2168 consuetudine
302 2111 418 2182 innixa,
440 2111 478 2166 sic
505 2115 535 2166 ut
562 2116 619 2166 tres
644 2127 753 2166 errores
778 2111 886 2166 eviten-

85 2205 126 2259 dos
146 2209 296 2262 monerent
318 2221 324 2260 :
347 2222 412 2262 eum
433 2221 519 2276 quem
541 2203 765 2259 Novatianorum
785 2203 886 2260 crudo·

84 2300 138 2354 litas
162 2305 190 2354 et
214 2299 374 2372 pervicacia
400 2299 536 2354 adversus
561 2299 690 2354 Ecclesiae
716 2302 887 2369 potestatem

85 2396 215 2448 sinuarat
231 2412 237 2447 :
258 2414 272 2442 a
286 2393 420 2448 Graviora
432 2393 550 2464 peccata
565 2390 671 2446 dimitti
684 2407 766 2464 possa
779 2408 889 2463 negan-

85 2487 146 2540 tium
163 2504 199 2542 :a
222 2486 415 2558 compariter
438 2502 524 2558 quem
546 2485 633 2540 nimia
657 2484 791 2540 severitas
814 2502 887 2540 non-

84 2579 216 2636 nullorum
244 2579 455 2636 Catholicorum
480 2583 604 2634 statuere
628 2577 772 2648 studebat,
801 2580 889 2634 laten

83 2673 145 2728 tium
173 2675 284 2729 scilicet
315 2673 491 2729 remissibilia
529 2689 590 2728 esse
623 2671 740 2744 quidem
769 2672 890 2728 crimine

85 2767 178 2838 quavis
190 2784 196 2822 :
208 2767 378 2839 negantium
390 2773 486 2823 tamen
498 2765 679 2822 tribuendam
689 2766 888 2822 remissionem

84 2861 237 2918 streniam
263 2863 293 2916 in
314 2867 429 2934 peccata
451 2861 583 2932 graviore
606 2860 702 2932 lapsis,
727 2877 831 2932 eosque
854 2861 889 2916 ub

85 2955 195 3010 Ecclesia
211 2959 242 3011 et
255 2972 272 3010 a
285 2973 336 3028 spe
350 2955 440 3010 venia
452 2953 674 3027 repellentiurn;
688 2970 753 3010 eum
765 2955 890 3026 denique

83 3066 158 3120 quem
178 3049 270 3104 nimia
290 3048 470 3120 indulgentia
489 3052 518 3104 et
538 3049 643 3104 lenitas
658 3047 781 3104 eliornm
804 3048 888 3103 indu-

937 1865 1062 1938 episcopi
1086 1883 1226 1922 consensu
1248 1867 1284 1922 ad
1310 1875 1552 1924 sacramentorum
1577 1869 1753 1924 communio·

937 1976 1003 2014 nem
1019 1961 1112 2032 lapsos
1126 1961 1314 2017 admittebant
1327 1961 1376 2033 (1).
1393 1961 1463 2016 ilinc
1481 1963 1623 2030 nonnnlli,
1639 1961 1753 2018 tametsi

938 2054 1018 2108 valde
1038 2054 1170 2125 gravibus
1191 2053 1360 2110 criminibus
1383 2054 1493 2126 polluti,
1516 2055 1586 2110 adeo
1609 2061 1752 2128 prompte,

937 2147 1018 2202 facile
1033 2148 1103 2203 adao
1117 2148 1170 2204 sibi
1183 2147 1328 2220 indulgeri
1344 2148 1485 2216 solebant,
1501 2149 1639 2204 utstatim
1653 2153 1683 2204 et
1694 2150 1755 2206 sine

938 2241 995 2294 ulla
1019 2241 1157 2296 canonice
1181 2241 1346 2312 paenitentia
1369 2241 1466 2314 (longe
1487 2243 1570 2297 aliter
1589 2259 1620 2298 aa
1644 2248 1755 2298 veteres

938 2349 1062 2390 canonas
1088 2340 1117 2390 et
1141 2336 1317 2390 consuetudo
1339 2335 1529 2391 ecclesiastica
1554 2337 1754 2408 preciperent)

939 2427 993 2482 sibi
1014 2427 1120 2483 remitti
1148 2434 1297 2500 poscerent
1320 2443 1501 2500 quascunque
1524 2434 1688 2501 peccassent
1708 2447 1756 2484 un·

939 2527 993 2590 tea,
1008 2537 1044 2575 na
1058 2521 1120 2593 ipso
1136 2521 1252 2592 quidem
1267 2525 1385 2592 excepto
1400 2521 1562 2577 schismatis
1575 2528 1661 2594 atque
1675 2539 1758 2595 apos-

939 2614 1018 2670 tasiae
1030 2613 1158 2670 crimine.
1173 2615 1289 2670 Veniam
1304 2621 1399 2670 autem
1412 2619 1446 2670 ut
1460 2616 1623 2687 promptius
1637 2616 1755 2672 certius-

939 2723 995 2781 qne
1013 2709 1211 2780 impetrarant,
1227 2708 1262 2762 ad
1283 2707 1459 2764 confessores
1478 2725 1512 2765 ac
1531 2712 1672 2781 martyres
1686 2724 1754 2764 con·

939 2801 1099 2872 fugiebant,
1116 2804 1147 2855 ut
1161 2801 1403 2856 commendatitiis
1419 2817 1520 2857 eorum
1538 2801 1650 2872 litteris,
1665 2800 1756 2857 veluti

940 2895 1065 2950 subsidio
1085 2894 1211 2967 quodam
1227 2899 1264 2963 et,
1281 2895 1304 2950 si
1321 2894 1400 2966 loqui
1413 2895 1455 2950 ita
1472 2897 1614 2963 volumus,
1629 2915 1644 2944 a
1662 2896 1757 2968 poeni·

941 2989 1037 3044 tentiae
1051 2987 1085 3043 iis
1099 2988 1205 3044 debitas
1219 2990 1442 3060 supplemento»
1454 2989 1485 3044 in
1499 2988 1628 3044 iidaiium
1640 2995 1756 3060 emtum,

942 3087 1028 3154 etqua
1057 3081 1272 3138 ecclesiasticam
1300 3082 1536 3138 communionem
1568 3082 1755 3139 admitteren-

84 3159 138 3198 cere
151 3142 284 3198 studebat
291 3160 299 3212 ;
315 3142 504 3198 admittebant
518 3143 548 3196 hi
563 3159 666 3214 nempe
682 3143 711 3197 iu
725 3141 928 3219 Ecclesiamc
942 3183 988 3231 ,ur
1010 3179 1055 3247 (5).
1079 3174 1164 3239 Quod
1186 3177 1209 3231 ,i
1232 3175 1358 3248 episcopi
1381 3193 1439 3232 non
1463 3193 1512 3232 0⁰3
1534 3177 1664 3248 protinus
1685 3173 1757 3232 reci,

83 3237 305 3308 recipiebantqua
327 3236 363 3292 ad
386 3235 619 3292 communionem
640 3237 744 3308 lapsos,
770 3237 888 3306 ncillam,

83 3335 124 3384 sat
137 3334 211 3386 certe
230 3329 405 3385 levissimam
420 3329 618 3402 poenitentiam
635 3331 670 3386 ab
683 3331 718 3386 iis
730 3347 887 3404 exposcen-

84 3428 127 3491 tes,
149 3441 200 3480 nec
222 3441 289 3480 eam
309 3439 377 3479 sane
392 3439 477 3495 quam
497 3423 685 3480 ecclesiastiea
701 3426 889 3494 consuetudo,

83 3520 107 3569 et
134 3519 339 3590 sapientiorum
372 3518 661 3590 praestantioremque
692 3519 890 3591 episcoporum

81 3613 231 3668 constantia
247 3612 428 3684 ciiiagitebat.

940 3270 1068 3342 piabant,
1084 3269 1333 3343 exposcebantqoe
1349 3273 1380 3324 ut
1393 3271 1510 3326 vetustis
1524 3269 1699 3342 paenitentia
1714 3269 1756 3326 le·

940 3365 1023 3436 gibus
1044 3379 1074 3419 se
1095 3365 1265 3434 subderent,
1288 3364 1323 3420 ad
1342 3367 1455 3420 tantam
1477 3364 1631 3436 aliquando
1655 3379 1757 3436 parre·

940 3458 1058 3514 aiebant
1066 3458 1257 3531 postulatores
1267 3458 1314 3513 isti
1322 3457 1525 3528 temeritatem,
1539 3463 1569 3512 ut
1579 3458 1759 3514 minarentur

940 3552 1053 3608 easdem
1078 3553 1187 3610 litteras
1209 3554 1245 3608 se‘
1264 3553 1386 3608 lectores
1413 3569 1507 3608 coram
1532 3553 1638 3624 populo
1661 3569 1678 3608 a
1701 3567 1758 3624 quo

940 3663 1002 3702 cam
1018 3646 1252 3702 communionem
1273 3663 1305 3702 ac
1324 3647 1447 3717 reniam,
1466 3662 1539 3718 quas
1558 3649 1659 3718 sponte
1681 3646 1756 3718 epis·

111 3755 163 3810 vn¹
183 3759 221 3811 ,qe
243 3755 414 3812 pomerano,
436 3756 571 3829 quidem,
594 3759 746 3829 postquam
768 3757 890 3814 schisma
940 3740 1003 3812 copi
1018 3741 1170 3812 impartire
1191 3741 1355 3810 noluerant,
1371 3741 1452 3796 iacile
1469 3743 1689 3812 assequerentur
1710 3739 1758 3811 (a).

80 3849 243 3922 conflarant,
259 3855 286 3906 et
305 3855 409 3906 sectam
431 3867 448 3906 a
467 3849 605 3906 catholica
623 3851 824 3908 communione
844 3869 887 3908 se·
941 3835 1027 3906 “⁰1⁰⁸
1052 3835 1095 3891 lei
1123 3835 1195 3890 ³⁶⁰⁰
1221 3833 1373 3889 manifesti!
1400 3833 1542 3888 habflmffi
1574 3832 1706 3904 emmila
1728 3833 1759 3888 5¹¹

78 3941 209 4014 junctam,
235 3944 365 4000 docuisse
389 3949 505 4016 paccata
527 3945 661 4017 quadam
683 3945 889 4002 irremissibilia
940 3928 1180 4000 (11111111111116811111
1201 3927 1302 4000 (Ιῡῑῐῑῑ8
1320 3927 1455 4000 cipriani
1474 3927 1602 3998 θΡῙθῐῡῙὸι
1619 3933 1651 3981 ¹¹2
1672 3927 1706 3982 de
1726 3943 1759 3980 ⁰⁴

80 4052 141 4104 essa,
162 4037 324 4093 indubitata
339 4054 383 4094 res
404 4041 462 4106 ost3
483 4041 511 4094 et
525 4039 602 4094 hunc
617 4055 685 4094 sane
701 4055 826 4095 errorem
842 4040 888 4095 in·
939 4022 1067 4077 dflbiiffl
1089 4022 1187 4093 istique
1205 4037 1263 4076 ¹¹⁰¹]
1284 4021 1436 4093 908811111ῑῦ·
1456 4019 1555 4092 Aliqui
1576 4023 1685 4087 lflfflsssss
1699 4019 1757 4076 f0i·

81 4127 147 4184 dicat
165 4131 338 4206 Cyprianus,
356 4131 436 4204 epist.
458 4149 493 4188 cn
513 4132 559 4205 lt).
583 4132 636 4188 Sed
656 4134 806 4190 manifesto
823 4151 888 4190 eum
940 4124 1012 4170 ²⁸⁵⁸⁰
1038 4115 1170 4186 Ρθῖῑθΐῦι
1194 4114 1324 4185 ⁰l¹¹⁵d⁰ffl
1350 4115 1477 4188 ⁰Pi⁵²⁰¹ae
1504 4115 1564 4169 ¹⁰⁰⁸
1588 4113 1616 4168 5¹¹
1645 4113 1759 4186 11118ῑῦω

83 4223 222 4296 redarguit
248 4230 348 4281 auctor
368 4225 457 4281 libelii
471 4227 509 4282 acl
529 4229 716 4283 iterationem
735 4229 889 4284 tereticam

80 4317 203 4388 Cypriani
226 4319 353 4392 aequalis,
377 4335 411 4376 er
435 4335 493 4393 quo
516 4337 567 4376 uos
585 4337 660 4392 soepa
680 4322 768 4378 rerba
787 4321 889 4394 allega-

105 4523 135 4584 (lt
150 4524 177 4574 P.
193 4524 252 4588 157,
268 4527 349 4589 cujus
365 4525 448 4576 verba
461 4527 578 4578 consula
590 4526 625 4577 ed
638 4527 730 4578 locum
744 4539 802 4579 vnr.
901 4519 931 4594 D

107 4593 136 4654 tt,
160 4595 233 4646 «Bt
247 4598 364 4661 quidem
387 4595 461 4662 apud
486 4603 676 4650 antecessores
699 4603 807 4650 nostros
828 4599 889 4664 qui-

80 4661 183 4718 demde
205 4670 347 4733 episcopis
362 4670 432 4732 istis,
449 4671 477 4720 in
492 4671 636 4734 provincia
653 4675 757 4732 nostre,
771 4671 891 4721 dandam

79 4747 168 4796 pacem
188 4739 311 4791 moechis
325 4753 381 4791 non
400 4745 578 4805 putaverunt,
592 4747 620 4793 et
640 4743 669 4792 in
688 4747 779 4793 totum
795 4745 891 4806 poent-

79 4810 164 4860 tentiae
177 4810 275 4862 locum
288 4815 385 4862 contra
404 4813 539 4864 adulteria
554 4816 713 4865 clauserunt
733 4814 830 4877 (Epist.
844 4827 890 4875 on,

78 4889 133 4942 pag.
155 4883 220 4942 1115).
243 4897 259 4932 s
281 4882 353 4934 Vide
375 4883 483 4935 Baluzii
499 4887 593 4936 notam
616 4887 648 4936 59
670 4888 697 4935 et
717 4884 750 4934 62
769 4886 798 4935 in
821 4883 891 4949 lipi-

78 4951 170 5002 stoiem
186 4953 272 5005 banc.
292 4954 400 5005 Horum
420 4957 608 5008 austeritatem
628 4956 772 5006 renovarit
785 4957 891 5006 lanua-

78 5021 129 5071 n'us
143 5025 201 5078 ilie.
218 5026 269 5090 qui
283 5025 455 5077 monachum
474 5027 625 5091 quemdam
642 5028 730 5090 stupri
746 5040 813 5078 cum
833 5041 892 5078 mo·

78 5091 139 5143 niati
160 5096 272 5162 virgine
293 5099 434 5148 commissi
457 5111 546 5162 reum,
571 5097 605 5149 ad
630 5100 821 5164 paenitentiam
839 5099 893 5150 ad-

76 5165 181 5218 mittere
212 5167 333 5219 noluit:
363 5170 545 5234 quamebrem
582 5171 768 5235 reprehensus
807 5175 848 5223 est
878 5185 894 5222 a

78 5234 214 5303 Baohirto,
233 5242 294 5292 viro
317 5241 488 5304 doctissimo,
505 5243 553 5306 qui
571 5242 702 5292 eumdem
724 5243 893 5293 monachum

76 5308 107 5358 ed
120 5313 317 5374 paenitemnm
332 5313 526 5376 recipiendum
547 5315 665 5365 censuit.
681 5313 750 5364 Vide
769 5327 813 5378 op.
837 5315 894 5366 Ba-

76 5379 140 5432 cbia.
157 5383 235 5435 edita
248 5383 414 5436 aFraneisoo
427 5383 528 5445 Florio,
543 5399 569 5448 p.
588 5385 627 5435 311.

103 5451 133 5514 13)
155 5470 171 5504 a
192 5455 232 5506 Et
255 5455 318 5508 ideo
342 5456 457 5520 placuit,
481 5456 567 5507 irater
590 5457 763 5521 charissime,
788 5457 894 5508 exami-

75 5525 143 5575 natis
177 5528 274 5578 musis
301 5527 487 5593 singulorum,
519 5529 685 5581 libellaticos
707 5531 819 5581 interim
845 5529 895 5580 ad·

75 5593 154 5644 mittit
183 5595 357 5650 sacrificatis
374 5599 402 5650 in
422 5601 500 5651 exitu
522 5601 664 5652 subveniri
667 5638 714 5652 .....
728 5601 786 5654 Neo
804 5605 894 5666 putes,

76 5665 155 5718 trater
178 5669 353 5734 charissime,
376 5671 445 5724 hinc
472 5677 521 5724 eut
545 5675 676 5725 virtutem
702 5675 818 5726 tratrem
843 5676 895 5725 mi-

75 5739 129 5798 nui,
144 5744 193 5790 ant
217 5743 348 5809 martyria
376 5743 508 5810 deiicere,
532 5745 608 5812 qnod
631 5745 718 5811 lapsis
743 5747 836 5798 laxata
860 5749 896 5799 sit

75 5813 249 5879 poenitentia,
263 5819 288 5870 et
297 5815 373 5882 qaod
389 5817 590 5886 paenitentibus
602 5829 666 5888 spes
677 5820 755 5886 pacis
766 5819 867 5878 oblatu·
882 5835 896 5870 r

940 4211 1015 4265 calce
1041 4209 1153 4280 indico,
1180 4209 1236 4266 alia
1261 4227 1315 4283 per
1339 4226 1368 4267 se
1393 4209 1454 4282 ipse
1481 4209 1630 4266 consulere
1655 4207 1760 4281 poterit

939 4305 1029 4360 lector
1045 4303 1095 4377 (7).

942 4511 1039 4577 (Epist.
1064 4511 1104 4572 52,
1128 4509 1163 4560 ad
1188 4510 1377 4572 Antonianum,
1407 4508 1442 4560 da
1469 4506 1597 4559 Cornelio
1621 4509 1650 4556 et
1669 4501 1762 4556 Nora·

942 4589 1026 4645 tiano,
1044 4597 1105 4647 pag.
1120 4583 1167 4634 tet
1181 4588 1208 4634 et
1223 4583 1288 4642 rect

973 4659 1005 4719 tt)
1032 4655 1096 4705 tide
1118 4657 1198 4718 epist.
1217 4655 1242 4716 o,
1266 4665 1327 4718 pag.
1351 4653 1391 4715 ti,
1412 4655 1441 4702 et
1463 4651 1542 4714 epist.
1569 4649 1609 4710 li,
1633 4661 1695 4712 pag.
1718 4649 1759 4698 b'i.

941 4727 978 4777 Et
1002 4739 1099 4776 rursus
1123 4727 1204 4790 epist.
1222 4725 1263 4788 51,
1287 4738 1349 4790 pag.
1368 4723 1435 4774 tte:
1452 4739 1468 4771 c
1491 4723 1619 4786 Denique
1643 4733 1710 4771 cum
1725 4717 1761 4770 de

942 4797 1113 4864 quibusdam
1129 4797 1165 4848 ad
1178 4810 1223 4848 me
1237 4796 1390 4861 presbyteri
1404 4799 1432 4846 et
1445 4795 1557 4845 diaconi
1574 4793 1760 4856 scripsissent,

942 4885 991 4922 eos
1004 4869 1202 4922 immoderatos
1215 4881 1285 4932 esse,
1297 4873 1326 4920 et
1339 4869 1375 4920 ad
1387 4867 1672 4920 communicationem
1685 4864 1760 4916 acci-

942 4943 1073 5006 piendam
1085 4942 1249 4992 festinanter
1261 4953 1369 5004 argere,
1385 4945 1438 4992 ete.
1454 4955 1469 4988 s

975 5017 1006 5079 (ὅ)
1029 5014 1060 5065 ld
1082 5013 1257 5078 apertissime
1280 5012 1397 5063 traditur
1419 5013 1447 5062 in
1474 5011 1555 5075 epist.
1572 5009 1604 5062 δῦ
1629 5003 1763 5072 Cypriani

943 5088 979 5138 ad
995 5086 1155 5138 Cornelium
1177 5085 1232 5136 illis
1253 5087 1408 5150 praesertim
1433 5083 1547 5134 serbis:
1568 5099 1582 5128 a
1607 5081 1662 5132 Sed
1686 5081 1763 5130 enim

944 5159 1087 5210 lectualia
1107 5163 1156 5208 tua
1178 5158 1305 5221 epistola,
1330 5157 1422 5217 trater,
1444 5167 1529 5219 qnam
1545 5153 1644 5218 primis
1664 5151 1763 5202 litteris

944 5229 1124 5294 subjunxisti,
1145 5231 1213 5279 satis
1235 5230 1352 5278 miratus
1372 5240 1444 5288 sum,
1460 5239 1525 5277 cum
1548 5223 1763 5274 animadvertis·

944 5301 1141 5352 santamente
1161 5303 1244 5364 atque
1263 5299 1424 5360 terroribus,
1442 5309 1538 5348 eorum
1552 5296 1601 5360 qni
1618 5295 1761 5355 venerant,

944 5374 1120 5438 aliquantum
1144 5385 1206 5424 esse
1232 5377 1413 5433 commotum,
1442 5383 1507 5420 oum
1537 5372 1580 5431 te,
1606 5365 1762 5419 secundum

945 5447 1019 5511 quod
1036 5444 1182 5509 scripsisti,
1195 5447 1318 5511 aggressi
1333 5446 1436 5505 essent,
1450 5455 1516 5494 cum
1535 5453 1645 5492 summa
1663 5439 1761 5502 despe-

944 5518 1053 5568 ratione
1069 5517 1272 5568 comminantes
1291 5517 1376 5581 quod,
1394 5517 1419 5566 si
1442 5515 1548 5566 litteras
1571 5525 1641 5578 ques
1662 5510 1761 5560 attula-

945 5592 1012 5640 rnnt
1027 5601 1084 5640 non
1098 5589 1265 5653 accepisses,
1277 5588 1449 5654 publicasse
1463 5587 1621 5646 recitarent,
1634 5585 1662 5634 et
1674 5579 1762 5630 muita

945 5664 1046 5729 turpia,
1058 5675 1091 5714 ac
1104 5662 1248 5729 probrosa,
1261 5667 1290 5714 et
1299 5676 1346 5715 ora
1359 5675 1411 5714 suo
1425 5661 1509 5726 digna
1522 5657 1684 5725 proterrent.
1700 5669 1714 5699 s

977 5737 1012 5802 (a)
1027 5735 1097 5788 Vide
1111 5735 1283 5800 superiorem
1298 5733 1516 5787 annotationem.

988 5811 1041 5863 iic.
1062 5805 1117 5862 Sed
1134 5810 1208 5865 enim
1225 5807 1307 5862 lecta.
1323 5811 1375 5866 etc.
1395 5803 1526 5860 »Recole
1544 5799 1699 5870 superiores
1712 5808 1769 5864 an·=
