4012 6192
130 221 185 294 iii
723 227 767 296 be
781 233 828 294 Xll
841 227 1064 294 neostomnus
1081 233 1220 297 SAECULl.
1760 241 1811 306 oto

130 362 196 418 Plus
209 361 290 420 enim
304 361 439 421 omuibus
454 361 584 436 religioni
607 379 724 436 operam
738 362 807 421 dare
820 363 951 420 sensibus
961 367 993 448 Α
1004 381 1069 423 narn
1086 368 1251 441 perentibus
1264 369 1322 427 suis
1345 369 1489 446 prostitit.
1504 369 1582 430 Siout
1602 375 1670 447 ergo
1692 367 1724 430 in
1740 371 1818 430 senl-

132 457 276 530 competit
298 457 347 532 (i),
368 473 440 530 quos
460 457 609 531 presentis
628 459 724 515 secuti
754 457 856 516 llorida
883 466 952 515 retas
1003 461 1056 517 bns
1078 464 1218 520 sobrietas
1241 467 1271 519 et
1289 479 1401 522 moriem
1422 467 1560 540 perfectio
1590 469 1756 541 requiritur,
1779 466 1817 524 ita

131 557 277 607 transacto
292 551 416 608 deseruit
431 553 479 625 (5).
495 552 571 608 Siout
589 567 713 626 namque
736 553 764 608 in
788 552 873 626 lignis
894 553 953 624 ipsa
1003 555 1088 612 etiam
1111 558 1139 612 iu
1165 557 1395 615 adolescentibus
1414 560 1594 632 obsequium,
1614 567 1644 616 et
1664 561 1816 633 subjectio,

130 645 254 716 reprobe
275 645 360 702 arbor
379 651 534 718 comparet,
560 663 626 718 quae
653 653 718 719 post
740 646 825 703 flores
846 647 953 703 tructus
1002 655 1030 706 et
1044 651 1203 707 obediontia
1218 651 1271 708 rito
1293 649 1423 709 debetur.
1437 655 1614 726 Quapropter
1631 658 1660 710 et
1683 655 1713 712 in
1734 669 1815 712 man·

132 738 262 810 optimos
274 739 376 795 cultori
391 755 443 796 sun
457 757 514 795 uon
532 739 669 796 esliibet:
693 741 733 796 aie
754 745 783 796 et
801 741 829 796 in
855 741 947 795 nomi-
1002 743 1075 800 datis
1097 745 1169 817 legis
1189 745 1312 816 primurn
1329 745 1357 802 iu
1372 747 1416 802 his
1428 763 1491 819 qun
1513 749 1547 804 ad
1572 749 1702 806 homiues
1726 749 1814 822 perti·

129 831 219 888 uibus
234 833 296 905 ipse
308 833 449 906 reprobus
462 839 514 902 est,
530 851 617 906 qinom
630 833 681 890 llos
701 834 859 906 juventutis
872 834 950 890 dese·
1002 844 1081 904 nent,
1096 837 1182 909 patris
1193 845 1223 895 et
1236 840 1334 896 nastris
1344 839 1438 898 bonor
1449 840 1614 913 imponitur,
1627 843 1694 914 quie
1708 857 1811 914 quant·

132 926 204 994 roit,
218 933 359 984 ettamen
373 928 402 983 iu
427 929 470 982 sol
493 927 618 1000 corporis
636 934 793 997 senectute,
808 928 952 984 horrorum
1001 931 1043 986 sis
1064 933 1185 988 earnalis
1204 939 1288 1005 pater
1306 951 1364 991 nou
1387 935 1585 1007 supervixerit,
1602 940 1652 991 aret
1675 935 1811 1008 indignus

131 1035 257 1091 operum
273 1025 400 1077 maturos
412 1021 520 1077 fructus
533 1023 663 1095 prolerre
678 1019 868 1095 parvipendit.
878 1020 951 1086 Quid
1000 1025 1096 1094 luerit,
1111 1025 1192 1082 elicui
1214 1031 1309 1084 minen
1332 1029 1405 1100 patri
1426 1029 1513 1100 digno
1538 1032 1567 1084 et
1589 1029 1703 1097 virenti,
1719 1033 1811 1102 pater·

131 1114 214 1170 'euim
238 1114 370 1171 stolidius
388 1113 449 1173 nori
469 1119 573 1188 potest,
592 1117 614 1173 si
639 1133 721 1172 mens
740 1115 778 1172 ed
803 1115 951 1187 perlectio-
1002 1135 1055 1174 nus
1067 1120 1161 1176 horror
1179 1138 1267 1193 usque
1285 1122 1321 1177 ad
1343 1123 1462 1194 dignam
1487 1124 1540 1194 (10)
1568 1127 1682 1182 atatem
1705 1139 1722 1178 a
1745 1122 1811 1179 tiliis

133 1223 203 1264 nem
225 1207 361 1266 lestinare
380 1225 438 1265 nou
461 1209 624 1278 contendat,
640 1209 754 1282 quaudo
778 1211 864 1264 totius
887 1223 950 1264 eur·
1002 1213 1173 1285 praebendus
1188 1231 1248 1270 esso
1265 1215 1432 1272 ostenditur.
1446 1218 1575 1282 Quattuor
1594 1217 1699 1274 etenim
1723 1215 1815 1272 modis

133 1301 213 1373 poris
229 1301 344 1357 habitus
357 1303 659 1359 sortiretutoeouiectus
673 1302 710 1360 ad
723 1303 871 1358 interitum
886 1317 949 1372 pro·
1001 1323 1053 1380 per
1076 1309 1233 1380 Scripturas
1256 1309 1365 1364 divinas
1388 1314 1481 1382 putres
1502 1315 1657 1382 vocantur;
1683 1311 1735 1366 hoe
1760 1312 1813 1379 est,

133 1395 332 1468 perstillum
346 1396 419 1452 oculi
434 1396 569 1468 caligant,
585 1413 668 1452 aures
682 1395 949 1469 gravitsraudiuut,
1001 1405 1110 1467 notaria,
1135 1403 1231 1470 gente,
1255 1398 1463 1464 admonitione,
1489 1403 1517 1455 et
1540 1403 1634 1456 artato.
1663 1400 1702 1456 lte
1728 1403 1812 1472 petro

133 1489 230 1561 capilli
249 1489 453 1560 barattarias
476 1489 505 1544 in
529 1491 662 1562 pallorem
686 1495 825 1558 muitetur,
851 1489 951 1546 dentes
999 1509 1125 1564 namque
1150 1492 1269 1549 uatmnti
1294 1493 1377 1548 iacob
1401 1493 1436 1550 ad
1461 1493 1555 1550 haban
1580 1494 1726 1565 loquitur:
1753 1494 1815 1551 Nisi

127 1582 205 1656 lapsi
231 1599 353 1640 numero
373 1585 552 1652 minuuntur,
567 1585 639 1641 cotis
662 1585 776 1653 arescit,
791 1583 873 1640 tlstos
891 1599 948 1640 non
1001 1589 1080 1642 timor
1093 1589 1183 1658 patris
1196 1589 1250 1642 mci
1268 1588 1346 1643 lsooc
1358 1587 1505 1657 odfur'sset,
1526 1587 1634 1644 tulisses
1651 1589 1740 1643 omniu
1754 1603 1815 1658 quos

127 1679 258 1734 suaviter
279 1678 348 1748 olet3
372 1685 470 1749 pectus
490 1678 652 1744 suffocatur,
677 1678 762 1734 tussis
785 1677 945 1741 cachinnat,
998 1685 1136 1734 mensuret
1151 1679 1238 1750 iiten..
1254 1695 1326 1748 xxxi,
1341 1681 1398 1750 lii.
1414 1681 1502 1735 Geute
1523 1696 1589 1736 vero
1611 1685 1692 1751 pater
1711 1678 1813 1736 dicitur

127 1789 226 1844 genua
240 1771 393 1845 trepidant,
409 1772 481 1827 talos
495 1778 524 1827 et
541 1771 627 1844 pedes
639 1777 735 1828 tumor
746 1771 826 1828 iullat
841 1771 947 1838 ;etiam
958 1737 987 1812 Β
998 1773 1113 1845 quando
1133 1773 1268 1828 nominos
1284 1773 1319 1830 ds
1341 1773 1411 1828 rubo
1425 1773 1462 1829 ad
1482 1775 1595 1844 ldnpsen
1618 1773 1810 1845 loquebatur:

127 1865 220 1921 bomo
236 1865 356 1922 interior
370 1864 418 1938 qui
433 1881 489 1921 non
505 1865 636 1934 senescit,
648 1865 692 1921 bis
701 1865 835 1921 omnibus
847 1880 950 1938 aggra·
1000 1871 1054 1936 lupo
1079 1883 1158 1930 sum,
1186 1865 1333 1939 inquiens,
1360 1871 1431 1922 Deris
1452 1874 1564 1938 potrum
1596 1869 1713 1932 tonitam,
1742 1870 1812 1924 Deus

125 1963 226 2016 vatur.
242 1959 276 2015 Et
290 1959 352 2016 brec
366 1959 464 2014 omnia
477 1958 617 2014 ruituram
635 1959 811 2032 jamjamque
830 1959 948 2016 dunum
997 1959 1149 2028 Amnem,
1174 1961 1244 2016 oens
1266 1962 1355 2027 isone,
1379 1965 1446 2017 Deus
1467 1961 1549 2016 loeoh
1574 1960 1685 2031 (onon,
1711 1976 1751 2020 ru.
1774 1961 1811 2030 1)).

127 2051 261 2125 eorporis
286 2052 342 2108 cito
368 2053 571 2124 pronuntiant.
599 2052 674 2117 Quid
703 2069 773 2124 ergo
798 2057 947 2125 superest,
996 2055 1089 2109 AEtale
1104 2055 1201 2108 eastern
1215 2059 1244 2108 et
1262 2053 1454 2109 admonitione
1477 2053 1583 2125 pariter
1606 2051 1810 2124 paterdicitur,

126 2147 186 2201 nisi
206 2152 239 2202 ut
264 2148 334 2201 dom
362 2146 449 2217 huius
478 2145 542 2200 vitre
570 2145 696 2202 deiectus
720 2146 947 2218 appropinquet,
996 2162 1062 2202 cum
1089 2147 1197 2219 lloyses
1221 2146 1250 2202 in
1278 2147 1389 2203 cantico
1415 2146 1625 2204 lteirterononrii
1653 2146 1806 2220 loquitur:

124 2239 204 2295 nihil
225 2239 305 2295 aliud
326 2239 451 2312 cogitare
470 2255 555 2312 quam
573 2239 609 2310 (6)
623 2239 768 2312 quomodo
790 2240 884 2296 littura
896 2238 947 2294 hs·
996 2243 1139 2312 lrrtsrropn
1151 2247 1257 2312 petrem
1272 2246 1358 2310 tuum,
1375 2247 1401 2298 et
1413 2243 1676 2308 aununtiohittihir
1694 2242 1810 2311 maiores

125 2333 233 2389 bitatin
258 2349 396 2406 prospere
423 2332 695 2405 eonrpreheudatur,
721 2335 842 2405 quisque
863 2349 947 2388 seusa
997 2340 1057 2391 tuse
1077 2341 1102 2390 et
1120 2335 1208 2391 dicent
1231 2335 1281 2390 tibi
1302 2334 1403 2408 (lieet,
1431 2351 1515 2401 xxxii,
1535 2339 1573 2406 7).
1588 2335 1668 2402 Quod
1696 2335 1720 2390 ei
1741 2351 1811 2408 ergo

124 2429 270 2499 appetat?
289 2427 444 2484 iuvenibus
466 2427 541 2482 euim
557 2427 683 2482 incertos
697 2426 784 2498 hrajus
803 2427 867 2482 ritas
889 2430 946 2482 tar·
998 2428 1135 2484 naturalis
1150 2433 1233 2500 pater
1253 2433 1395 2499 superstes
1413 2445 1469 2484 nou
1490 2428 1586 2496 inierit,
1601 2434 1649 2485 aut
1673 2428 1810 2501 indignus

126 2521 229 2576 mines
243 2520 337 2589 instat,
351 2519 467 2577 senibus
480 2535 547 2576 vero
565 2520 674 2576 cunctis
694 2519 877 2575 maturiores
893 2519 947 2576 hac
997 2521 1095 2590 luerit,
1108 2521 1275 2577 admonenti
1291 2527 1389 2577 tauron
1404 2525 1453 2577 aut
1466 2522 1569 2578 seniori
1580 2521 1636 2594 (11)
1649 2522 1812 2578 adolescen-

124 2615 194 2670 luee
209 2614 302 2670 exitus
314 2614 440 2670 breviter
453 2613 617 2670 concordat.
638 2613 777 2669 Cavenda.
798 2616 865 2669 strat
878 2628 947 2684 ergo
996 2615 1033 2671 tis
1043 2615 1207 2670 obedientia
1221 2615 1376 2686 praebenda
1389 2616 1455 2673 erit.
1468 2615 1616 2680 Quomodo
1630 2631 1700 2687 ergo
1717 2615 1810 2672 hono·

124 2707 241 2762 homini
267 2707 332 2762 oue
357 2707 598 2778 porticumque
620 2707 648 2761 in
674 2706 750 2762 illius
775 2723 861 2762 carne
887 2721 947 2761 uon
996 2712 1075 2765 ratos
1094 2709 1122 2764 iu
1144 2713 1290 2765 senectute
1314 2707 1473 2782 apparebit,
1488 2709 1538 2781 qui
1562 2708 1811 2781 disciplineelabo-

124 2804 319 2867 eeterascunt,
336 2805 364 2855 et
376 2805 467 2856 totum
489 2799 638 2855 homiuem
652 2815 747 2855 secum
762 2799 798 2870 (7)
820 2800 857 2855 ad
879 2815 945 2870 pec·
996 2817 1057 2858 rem
1066 2801 1096 2857 in
1118 2801 1310 2858 adolescentia
1331 2818 1390 2857 non
1409 2801 1599 2857 sustinuerit?
1611 2801 1807 2874 Quodcunque

123 2897 226 2950 mlum
248 2893 440 2965 pertrahoot;
467 2909 515 2948 cor
536 2892 668 2948 videlicet
687 2895 717 2948 et
737 2891 857 2964 lingua:
878 2891 946 2964 qula
995 2895 1103 2952 etenim
1129 2895 1215 2952 homo
1245 2894 1432 2964 laboraverit,
1460 2895 1515 2952 hoe
1539 2898 1568 2950 et
1595 2898 1691 2952 metet.
1718 2897 1810 2954 munis
1878 2971 1880 2974 Ι

123 3005 176 3044 eor
188 3002 281 3042 noras
303 3001 417 3059 semper
435 2985 622 3058 cogitationes
642 2985 803 3041 machinari
821 3001 878 3041 non
898 2986 945 3041 de·
994 3005 1109 3060 nomene
1122 2989 1267 3058 discipline
1279 2991 1309 3044 in
1332 2989 1461 3062 presenti
1473 3005 1527 3045 reon
1545 2989 1654 3046 uidetur
1666 3005 1723 3046 esse
1742 3005 1809 3060 pou-

123 3081 217 3138 siuit:
232 3081 332 3152 lingua
344 3081 468 3152 impigre
483 3081 618 3152 loquitur,
632 3079 824 3151 quodcunque
838 3079 982 3176 machi-G
994 3083 1045 3146 dii,
1060 3083 1107 3138 sed
1120 3084 1241 3139 moeroris
1251 3101 1260 3148 ς
1272 3088 1367 3153 posteo
1388 3098 1449 3139 uero
1466 3084 1590 3152 mustum
1603 3085 1809 3154 mreohmimum

123 3175 189 3231 nari
204 3191 255 3230 cor
265 3175 397 3230 senserit.
412 3173 517 3231 Caveat
538 3189 610 3246 ergo
626 3172 723 3228 senilis
740 3175 818 3242 eus,
835 3189 870 3228 ne
883 3171 944 3228 istae
994 3177 1153 3232 montorio
1176 3191 1225 3246 per
1247 3191 1307 3232 eom
1331 3175 1424 3232 reddet
1438 3176 1555 3246 justitie
1570 3173 1673 3248 (lietu,
1688 3192 1736 3245 ιιι,
1754 3176 1807 3248 11).

119 3269 345 3341 juvenescentes
365 3267 511 3338 particulis
535 3269 623 3322 totam
643 3267 686 3321 sui
703 3266 882 3321 harmoniam
898 3265 946 3322 de·
994 3269 1071 3326 Sicut
1084 3285 1153 3341 ergo
1168 3269 1276 3324 tructos
1295 3285 1351 3324 nno
1368 3269 1514 3324 inreuitur
1536 3269 1564 3324 in
1578 3268 1692 3336 arbore,
1707 3269 1735 3324 in
1752 3285 1808 3342 qna

122 3362 248 3434 cipiaut,
260 3367 290 3417 et
303 3377 354 3433 per
375 3377 419 3416 res
433 3361 541 3432 ineptus
556 3359 659 3432 reliqui
673 3359 798 3431 corporis
820 3360 943 3430 grauita·
994 3362 1148 3434 pampinus
1161 3368 1210 3417 aut
1232 3362 1283 3417 llos
1307 3361 1386 3434 prius
1401 3378 1458 3417 non
1479 3362 1650 3434 apparuerit,
1669 3363 1709 3418 sic
1728 3365 1757 3418 et
1778 3361 1807 3418 in

122 3460 187 3510 tarn
205 3453 496 3525 illudant.Unieuiqus
509 3451 601 3526 871
620 3454 700 3510 enim
708 3452 943 3508 considerandum
994 3459 1141 3512 senectute
1156 3456 1294 3511 honorem
1308 3455 1468 3527 legitimum
1486 3455 1600 3527 assequi
1616 3472 1674 3511 non
1689 3455 1805 3530 poterit,

122 3553 178 3614 est,
194 3547 266 3620 quid
280 3552 365 3602 aetate
379 3545 517 3602 eminenti
530 3545 649 3617 dignum
663 3548 717 3613 sit,
732 3549 764 3600 ut
783 3547 837 3602 hoc
850 3553 917 3618 agat
933 3563 941 3614 ;
994 3549 1042 3621 qui
1067 3549 1097 3605 in
1121 3549 1309 3606 adolescentia
1335 3549 1490 3620 discipilum
1526 3548 1645 3621 alicujus
1670 3549 1807 3604 exercita·

122 3640 209 3714 quod
225 3657 278 3695 nec
290 3640 387 3707 ritum,
400 3655 453 3694 nec
468 3644 595 3704 aetatem,
611 3654 664 3694 nee
682 3638 875 3694 ministerium
890 3636 944 3694 vile
994 3643 1071 3700 boue
1105 3660 1160 3700 non
1194 3643 1374 3700 laboraverit.
1399 3642 1549 3716 Disciplina
1581 3641 1671 3716 igitur
1699 3641 1806 3716 absque

121 3735 230 3790 reddat
242 3733 291 3805 (tii.
994 3737 1168 3806 obedientia,
1193 3737 1315 3809 qualiter
1333 3735 1394 3792 heri
1415 3738 1530 3808 potasti
1549 3734 1718 3792 Adolescens
1736 3752 1806 3808 ergo

441 3827 553 3884 CAPUT
573 3827 620 3883 lii.
993 3833 1054 3887 siue
1072 3830 1221 3902 disciplina
1237 3831 1304 3900 (to),
1317 3828 1482 3884 adolescens
1496 3828 1558 3883 sine
1573 3827 1732 3884 ohedientia
1748 3837 1803 3884 est:

157 3921 275 3978 Tertius
303 3919 446 3976 abusionis
481 3921 585 3992 gradus
611 3925 662 3988 est,
687 3919 850 3976 adolescens
881 3919 942 3977 sine
992 3924 1090 3999 872
1109 3923 1245 3996 quoniam
1270 3926 1300 3978 et
1323 3921 1385 3994 ipsa
1410 3920 1581 3988 obedientia,
1595 3936 1660 3993 quae
1675 3919 1806 3978 omnium

121 4015 308 4085 obediontia;
334 4031 391 4087 qino
422 4013 546 4069 nariodus
568 4031 583 4068 a
609 4019 686 4069 recto
706 4013 821 4068 rationis
840 4014 941 4070 ordine
991 4019 1206 4089 disciplinarum
1227 4029 1317 4072 mater
1337 4020 1387 4083 est,
1414 4031 1515 4086 magna
1538 4012 1739 4070 exercitatione
1760 4013 1804 4070 in·

120 4111 315 4182 depravatur.
340 4107 467 4174 Qualiter
500 4123 624 4180 nomque
648 4107 676 4162 iu
710 4114 854 4163 serrectute
879 4108 942 4164 aliis
991 4110 1220 4183 diget3quaesui
1242 4125 1375 4165 corruam
1396 4107 1481 4164 studii
1501 4107 1530 4164 in
1551 4107 1662 4165 Christo
1682 4107 1801 4164 llomino

121 4201 322 4260 ministerium
345 4201 498 4274 imperabit
519 4199 627 4273 (11),ᾳυὶ
652 4201 680 4258 in
699 4201 891 4258 adoloscentia
912 4219 942 4258 ee
991 4204 1178 4278 sumpsit,qoi
1191 4201 1406 4260 obediensPotri
1420 4219 1508 4275 usque
1521 4201 1803 4270 admonicm,erucis

119 4295 289 4353 senioribus
307 4295 486 4350 obedientem
505 4295 643 4351 exhibere
663 4295 845 4351 contemnit?
860 4294 940 4352 Unde
990 4299 1178 4372 ignominium
1192 4297 1314 4353 libenter
1329 4297 1473 4352 sustinuit.

118 4395 151 4447 et
166 4393 198 4445 in
214 4388 365 4462 prouerbio
387 4387 463 4462 apud
484 4396 595 4444 ratores
612 4387 741 4455 habetur,
759 4389 832 4463 qood
848 4388 940 4444 domt-
1313 4391 1422 4447 CAPUT
1441 4391 1483 4446 111.

121 4483 189 4540 nari
213 4487 348 4554 nequeat,
372 4484 422 4554 qui
442 4481 520 4555 prim
533 4481 617 4536 alicui
631 4481 797 4538 seruitutem
811 4461 980 4556 praebes-en
1026 4486 1148 4553 Quartus
1161 4483 1305 4541 abusionis
1318 4482 1423 4554 gradus
1438 4488 1489 4550 est,
1504 4482 1582 4538 dives
1601 4481 1661 4538 siue
1675 4482 1800 4540 eleemo-

118 4579 264 4648 denegat,
281 4577 399 4648 Propter
411 4575 489 4649 quod
503 4575 674 4632 etltominus
687 4577 767 4632 lesus
781 4576 809 4631 iu
826 4579 940 4650 ternpo-
990 4597 1072 4653 syueq
1089 4577 1138 4652 qui
1151 4577 1294 4651 superllua
1306 4592 1374 4631 usus
1385 4575 1429 4631 sni
1443 4577 1567 4648 (itique.
1581 4573 1802 4631 eustodiendain

119 4673 204 4727 ribus
217 4685 277 4724 sose
290 4670 394 4735 carnis,
409 4668 480 4724 dom
497 4669 589 4724 adhuc
600 4669 635 4724 ad
650 4669 809 4741 legitimam
826 4673 940 4727 aetatem
990 4682 1133 4748 posterum
1151 4666 1493 4740 recondit,indigeutibus
1507 4667 1616 4724 etniliil
1631 4667 1803 4724 habentibus

116 4763 249 4821 doctoris
274 4779 332 4819 nun
359 4769 536 4834 pervenerat,
559 4761 725 4818 obedienter
754 4763 939 4820 ministratio·
991 4785 1048 4824 uon
1063 4766 1224 4823 distribuit:
1241 4780 1292 4838 per
1306 4755 1381 4836 qood
1397 4761 1529 4828 eflicitur,
1545 4764 1576 4818 ut
1590 4760 1657 4817 dum
1677 4761 1706 4818 in
1728 4763 1802 4817 terre

788 4899 900 4982 Steph.
923 4899 1047 4967 Baluzii
1068 4905 1167 4964 notre.

152 5027 190 5090 (t)
202 5025 337 5090 competit.
353 5023 480 5075 Concepit
494 5023 568 5088 apud
588 5025 657 5089 hang.
1020 5029 1055 5092 (it)
1071 5025 1244 5078 ministerium
1262 5023 1325 5074 oliie
1345 5021 1495 5088 imperabit.
1512 5019 1594 5087 Apud
1616 5023 1688 5090 Aug.
1705 5024 1801 5075 minis-

151 5101 191 5164 (5)
210 5098 336 5147 Deseruit.
353 5095 451 5146 onero
470 5097 498 5146 in
517 5095 629 5147 duobus
647 5109 713 5148 mss.
734 5101 763 5149 et
785 5097 887 5150 blorell.
910 5101 940 5152 ln
989 5101 1062 5150 trnri
1075 5099 1124 5150 sibi
1137 5095 1261 5161 sperabit.

114 5167 252 5234 sequenti
279 5165 391 5232 periodo
415 5165 543 5217 similitor
569 5167 696 5231 legimus,
711 5173 740 5219 ut
769 5168 842 5233 apud
868 5171 939 5236 nug.
1020 5171 1068 5231 (10)
1092 5169 1174 5233 Usque
1195 5165 1232 5217 nd
1257 5167 1373 5231 utquam.
1397 5164 1524 5230 «Usque
1547 5164 1581 5215 ad
1603 5167 1752 5230 perlectam
1773 5171 1804 5220 et

114 5241 247 5299 ommate,
260 5239 388 5304 quamvis
400 5239 505 5305 legatur
520 5241 616 5290 deserit
629 5241 657 5290 in
674 5241 819 5292 ordinibus
830 5255 895 5294 mss.
912 5247 940 5296 et
988 5242 1110 5306 dignam.
1126 5257 1140 5284 »
1157 5240 1228 5302 hog.

117 5313 207 5365 editis
224 5323 339 5374 operum
353 5309 494 5376 Cypriani.
1020 5313 1070 5376 (Η)
1090 5313 1140 5361 Aret
1160 5309 1269 5360 certiori.
1291 5307 1338 5358 Sic
1359 5306 1420 5357 eorl.
1443 5305 1509 5371 ng.
1532 5307 1687 5358 admonenti
1704 5307 1803 5359 seniori

152 5385 187 5448 (6)
212 5384 306 5444 Quom.
329 5379 409 5432 Hauc
430 5393 526 5432 roocrn
548 5379 640 5431 addidi
664 5393 698 5433 ex
720 5381 785 5432 edit.
805 5384 874 5448 breg.
890 5383 939 5436 ubl
988 5383 1054 5434 edit.
1077 5380 1163 5432 Paulo
1187 5385 1248 5445 post
1268 5378 1423 5431 delevimus
1446 5381 1510 5428 ante
1528 5380 1614 5429 mucis
1627 5379 1804 5442 ipuemininm

116 5455 164 5505 eie
179 5451 283 5516 iegitur
296 5465 302 5499 ε
315 5468 329 5496 e
343 5451 434 5514 Quam
449 5451 701 5516 quomodosuturss
716 5453 808 5504 aditus
824 5467 939 5520 propere
987 5454 1050 5505 heo
1077 5452 1159 5504 rerba
1184 5457 1292 5502 mortem
1317 5454 1406 5500 notem
1431 5462 1494 5515 quas
1515 5447 1616 5501 desunt
1642 5451 1670 5500 ln
1691 5449 1802 5500 dnobus

114 5521 383 5587 comprehendatur.
407 5537 423 5568 e
447 5521 477 5572 ln
502 5523 563 5573 cod.
585 5523 666 5574 Corh.
688 5541 702 5568 e
723 5523 825 5574 luturae
847 5524 939 5578 aditus
990 5538 1056 5575 mss.
1071 5521 1185 5588 etepud
1201 5524 1273 5587 Aug.

114 5595 328 5660 prosperitatis;
348 5591 499 5644 »eamdem
513 5593 662 5644 editionem
676 5593 821 5659 sequimur
833 5595 861 5644 io
878 5597 939 5647 aliis
1020 5595 1071 5658 (lt)
1098 5592 1249 5644 Adolescens
1266 5605 1328 5657 erqo
1348 5591 1405 5643 eine
1424 5590 1576 5656 discipline.
1601 5590 1704 5642 Contra
1728 5587 1801 5653 apud

115 5664 271 5718 nonnullis
280 5665 359 5726 locis,
368 5663 402 5715 de
413 5663 516 5728 quibus
529 5677 643 5715 necesse
656 5675 710 5714 nnn
723 5669 766 5714 est
779 5665 937 5718 admonere.
990 5665 1177 5728 brigantinum
1199 5679 1205 5712 τ
1230 5679 1245 5712 e
1267 5663 1437 5715 Adolescens
1458 5677 1524 5729 ergo
1550 5663 1611 5714 eine
1636 5659 1801 5719 obedientia,

154 5737 189 5799 (ι)
207 5737 306 5786 Secum.
326 5735 410 5788 Deest
424 5749 456 5786 ea
470 5745 520 5786 rex
537 5736 565 5786 iu
579 5735 691 5786 dnobus
701 5749 766 5786 mss.
989 5736 1153 5787 adolescens
1166 5737 1226 5786 sinc
1240 5734 1386 5800 disciplina
1397 5737 1446 5784 est.
1464 5749 1480 5793 s

153 5809 191 5873 (er
209 5805 264 5862 t'ite
277 5806 380 5860 reddor.
396 5805 459 5862 Duo
471 5805 583 5864 codtcse
594 5819 661 5861 mae.
672 5806 787 5862 nitescet·
1021 5807 1071 5878 (ts)
1095 5807 1160 5863 Usus
1175 5807 1225 5859 sot.
1245 5821 1259 5856 s
1279 5803 1504 5860 commanente
1524 5815 1613 5858 soe»
1631 5800 1694 5858 cod.
1720 5799 1801 5854 Cotb.
