4076 6190
232 267 283 322 139
569 265 570 272 ’
661 311 667 318 ,
912 259 989 318 tlt'a
1009 261 1036 316 S.
1057 257 1225 317 cl'ttutrrtt.
1862 253 1912 310 tto

121 383 125 394 ’
227 390 407 446 munionem.
423 389 461 444 lte
476 385 633 444 infantibus
646 387 743 441 autem
759 385 938 457 propositam
954 385 988 440 ab
1003 401 1038 440 eo
1051 384 1277 480 Apugnandnm
1288 389 1419 454 paratum
1430 382 1516 436 fuisse
1527 380 1715 453 perspicimus
1727 395 1761 434 ox
1771 381 1856 452 epist.
1867 381 1912 436 st.

227 483 392 556 opinionem
408 499 465 538 uno
487 497 535 537 ore
557 480 681 536 universi
696 479 837 550 rejiciunt,
852 484 881 536 et
899 479 1040 550 baptisma
1130 477 1239 549 Scripta
1261 481 1305 532 est
1325 477 1398 533 circa
1413 477 1487 532 idem
1504 479 1625 546 tempus,
1640 477 1670 529 ut
1684 475 1814 530 obsecrat
1831 474 1915 530 Tille-

227 577 380 632 infantium
396 597 410 626 ιι
425 576 561 648 inprime
577 575 672 630 statim
693 574 846 629 nativitatis
869 590 927 627 snm
949 577 1012 628 ectu
1029 593 1043 623 ιι
1095 573 1229 641 montius,
1251 573 1335 644 epist.
1357 573 1390 626 ct
1411 571 1449 626 ad
1467 573 1619 640 Epictetum
1637 573 1663 623 et
1679 569 1783 639 plebem
1801 571 1913 625 Assert-

226 669 448 742 preclarissimis
462 669 606 725 rationum
629 666 782 723 momentis
803 667 1044 722 defenduntiloc
1095 672 1190 722 tanam
1214 665 1348 722 adversus
1380 663 1631 730 fortunatianum,
1658 662 1799 733 quondam
1829 662 1915 734 hujus

228 768 321 819 autem
340 763 494 818 concilium
518 761 666 833 sexaginta
685 779 731 816 sex
747 762 947 833 episcoporum
970 761 1044 815 idem
1096 759 1214 814 civitatis
1234 760 1409 829 episcopum,
1432 759 1492 829 qui,
1513 753 1672 812 sacerdotio
1692 755 1728 810 ob
1752 755 1916 810 stmulacro-

226 873 343 929 prorsus
357 873 418 912 esse
434 855 604 928 perspicitur
622 872 656 912 ac
678 854 749 910 illud
772 853 849 926 quod
872 853 968 909 idibus
983 853 1046 908 llaii
1096 869 1160 909 rum
1174 853 1279 908 cultum
1295 852 1424 923 dejectas
1438 873 1452 902 ιι
1466 866 1518 923 pro
1532 851 1646 920 integro
1659 865 1745 920 agere
1760 849 1882 919 volebat,
1898 870 1913 898 ιι

228 949 360 1006 habitum
376 950 430 1006 hoc
451 967 528 1006 anno
552 953 614 1006 252.
632 949 710 1014 Quod
735 949 814 1003 enim
831 963 962 1004 concessa
985 947 1044 1002 Vic·
1096 951 1126 1003 et
1152 948 1349 1019 episcopatum
1382 946 1434 1000 sibi
1465 949 1589 1016 coeperat
1615 942 1771 998 vindicare.
1798 941 1916 998 Videtur

228 1043 286 1098 tori
295 1043 439 1115 quondam
453 1042 621 1115 presbytero
635 1041 708 1097 laica
719 1041 883 1096 communio
892 1041 1047 1112 reprebcn-
1098 1041 1250 1112 Epictetus,
1273 1055 1360 1112 quem
1380 1039 1537 1112 Cyprianus
1557 1038 1676 1093 fratrem
1696 1036 1832 1109 appellat,
1852 1037 1917 1092 Eor-

229 1133 1047 1209 sionem138noneffugit,argunrentoestnihiladhuc
1096 1133 1230 1189 tunitiani
1250 1135 1311 1189 loco
1332 1133 1500 1188 constitutum
1521 1131 1618 1186 fuisse.
1639 1131 1701 1186 Non
1722 1131 1798 1186 solus
1818 1131 1917 1186 Fortu

230 1228 389 1286 detractum
405 1245 436 1284 ac
451 1230 581 1285 limatum
595 1228 682 1282 fuisse
696 1228 732 1283 de
746 1226 901 1298 superioris
917 1226 986 1280 anni
1001 1225 1048 1281 de·
1098 1229 1230 1283 naitanus
1251 1245 1285 1283 ex
1305 1227 1390 1298 lapsis
1411 1226 1551 1298 episcopis
1565 1223 1706 1296 ejusmodi
1726 1223 1837 1280 facinus
1855 1230 1918 1278 ten·

231 1326 319 1390 creto,
331 1321 606 1392 acnondunxpacem
619 1320 822 1392 penitentibus
832 1319 1048 1374 redditamfuis·
1097 1321 1185 1390 tabat,
1202 1322 1250 1376 sed
1265 1321 1397 1377 observat
1409 1321 1568 1391 Cyprianus
1580 1318 1732 1374 nonnullos
1749 1318 1821 1373 alios
1839 1317 1917 1373 idem

230 1433 278 1486 se3
293 1431 356 1488 quae
371 1421 466 1470 tamen
477 1415 530 1468 illis
545 1413 727 1485 indulgentia
741 1413 894 1485 perpaucis
904 1411 1048 1467 mensibus
1098 1430 1246 1486 aggressos
1259 1429 1330 1481 esse,
1346 1415 1413 1470 dum
1434 1410 1530 1487 139
1550 1412 1645 1484 stipes,
1660 1417 1689 1466 et
1703 1410 1869 1473 oblationes.
1887 1416 1918 1466 et

229 1513 296 1582 post
305 1507 456 1564 concilium
469 1507 563 1562 idibus
576 1507 641 1562 blaii
657 1506 786 1561 habitam
800 1521 935 1560 concessa
950 1511 1003 1560 cst.
1097 1508 1175 1562 luera
1194 1507 1366 1575 desiderant,
1385 1507 1489 1579 quibus
1506 1505 1587 1578 prius
1606 1503 1778 1560 insatiabiles
1800 1504 1918 1559 incaxba·

265 1601 450 1657 lambertum
459 1601 561 1656 merito
574 1600 693 1670 castigat
706 1599 883 1669 Pearsonius,
899 1598 979 1671 quod
993 1600 1047 1655 hoc
1096 1601 1175 1669 bant,
1199 1607 1228 1657 et
1250 1601 1336 1656 omnis
1360 1603 1447 1672 atque
1468 1599 1559 1671 epulis
1582 1598 1668 1655 etiam
1692 1613 1766 1653 nuuc
1790 1597 1915 1667 inhiant,

231 1695 384 1751 concilium
403 1694 550 1765 sexaginta
573 1711 623 1750 sex
648 1694 850 1766 episcoporum
873 1709 929 1748 nou
955 1693 1044 1749 multo
1097 1711 1221 1766 quarum
1243 1696 1389 1766 crapulam
1409 1709 1502 1765 nuper
1519 1692 1672 1764 superstite
1691 1691 1722 1747 in
1743 1691 1804 1746 dies
1822 1691 1915 1746 crudi·

228 1793 295 1861 post
318 1788 469 1844 concilium
490 1787 559 1842 anni
582 1787 737 1858 superioris
765 1787 955 1842 collocaverit.
981 1787 1042 1842 Non
1059 1791 1157 1866 sstate
1177 1788 1338 1845 ructabant.
1355 1809 1370 1839 ιι
1387 1789 1456 1843 Cum
1477 1789 1573 1842 autern
1592 1786 1685 1858 lapsos
1704 1801 1804 1841 omnes
1819 1785 1915 1841 berte·

228 1881 382 1938 rerisimile
398 1884 442 1936 cst
456 1887 519 1952 post
534 1881 696 1948 concilium,
713 1881 790 1952 quod
806 1880 914 1935 tamdiu
932 1880 961 1934 in
977 1896 1046 1936 cau·
1099 1885 1147 1937 tur
1162 1885 1203 1952 ut,
1220 1902 1234 1932 ιι
1251 1880 1484 1954 magnitudinem
1502 1879 1595 1936 delicti
1609 1879 1654 1934 sui
1667 1881 1884 1950 cognoscentes,
1902 1893 1920 1932 a

229 1976 268 2031 sis
280 1976 425 2046 lapsorum
438 1973 628 2046 dijudicandis
643 1979 812 2045 occupatum
826 1974 892 2043 fuit,
909 1973 987 2029 aliud
1004 1989 1050 2030 eo·
1100 1976 1279 2048 deprecando
1295 1975 1414 2030 Domino
1429 1989 1488 2030 non
1502 1973 1645 2040 recedant,
1660 1971 1710 2028 sed
1723 1971 1919 2028 satisfactioni-

231 2069 297 2125 dem
315 2085 391 2123 anno
412 2072 468 2124 tarn
492 2069 628 2140 frequens
652 2071 837 2123 convocatum
865 2067 961 2137 fuisse,
984 2084 1049 2123 cnm
1100 2070 1152 2125 bas
1164 2070 1354 2126 immorantes
1368 2069 1404 2124 ad
1417 2067 1568 2124 Ecclesiam
1580 2067 1704 2139 pulsent,
1717 2085 1731 2118 ιι
1745 2083 1803 2121 ιιοιι
1817 2065 1920 2120 imme·

229 2163 387 2235 pracsertim
402 2163 516 2218 nullum
527 2162 611 2233 bajus
626 2161 667 2217 rei
682 2161 835 2233 vestigium
851 2167 943 2217 exstet
958 2162 989 2216 in
1000 2161 1048 2218 lit·
1100 2164 1155 2219 rito
1175 2165 1236 2221 bec
1255 2162 1375 2235 epistola
1390 2167 1458 2217 ante
1477 2175 1640 2217 concessam
1660 2159 1817 2234 generatim
1831 2158 1919 2230 lapsis

229 2257 299 2311 teris
322 2271 401 2310 anno
425 2255 574 2328 superiore
595 2254 717 2327 scriptis.
731 2257 764 2312 alt
787 2256 861 2312 idem
885 2255 1049 2312 l’earsenius
1100 2256 1311 2330 indulgentiam
1327 2255 1432 2328 scripta
1447 2255 1637 2312 existimatur.

232 2349 287 2404 hoc
302 2347 451 2406 concilium
468 2349 498 2404 in
515 2364 572 2421 quo
586 2348 797 2421 responderunt
816 2349 883 2405 Fido
902 2349 1050 2420 sexaginta
1136 2351 1278 2422 ltejectus,
1296 2355 1327 2405 ut
1344 2349 1431 2405 modo
1451 2349 1585 2418 diximus,
1599 2365 1616 2404 a
1630 2347 1751 2404 concilio
1768 2346 1918 2418 Cartbagi-

230 2459 278 2498 sex
293 2443 427 2516 episcopi,
442 2443 470 2498 in
484 2444 552 2498 anni
567 2447 616 2499 253
635 2458 764 2499 mensem
787 2441 984 2515 Septembrem
1004 2459 1049 2498 re·
1100 2443 1182 2499 ncnsi
1198 2445 1326 2499 Privatus
1339 2443 1611 2516 pseudoepiscopum
1629 2441 1802 2512 Cartbagine
1816 2440 1921 2496 consti-

228 2537 302 2608 jicit,
316 2553 381 2592 cum
396 2537 531 2609 episcopi,
550 2541 580 2592 ut
594 2537 813 2610 ipseexistimat,
823 2537 954 2592 restituta
969 2554 1048 2609 pace,
1101 2538 1156 2592 tuit
1170 2538 1365 2606 Fortunatam,
1380 2537 1429 2609 qui
1449 2543 1510 2592 erat
1526 2557 1540 2586 ιι
1555 2552 1630 2591 unus
1643 2552 1679 2591 ex
1695 2535 1822 2607 quinque
1838 2550 1920 2606 pres·

230 2629 364 2686 derebus
384 2629 579 2686 ecclesiasticis
598 2630 825 2686 consiliarentur.
848 2632 907 2686 Non
931 2631 1050 2702 quadrat
1100 2630 1208 2703 hyteris
1224 2631 1399 2704 jampridem
1420 2631 1454 2686 de
1470 2629 1593 2686 Ecclesia
1607 2628 1745 2701 profugis,
1760 2633 1788 2683 et
1806 2633 1921 2682 senten·

229 2719 291 2778 bec
305 2723 404 2796 opinio
416 2741 480 2779 curn
494 2724 539 2779 his
556 2724 757 2796 episcoporum
771 2723 865 2778 verbis
880 2742 886 2778 :
902 2725 971 2789 Quae
994 2741 1048 2793 res,
1100 2726 1142 2780 tia
1157 2725 1400 2798 coepiscoporum,
1417 2724 1458 2780 ait
1476 2723 1645 2796 Cyprianus,
1661 2723 1744 2794 epist.
1759 2725 1792 2776 55
1807 2721 1846 2793 (p.
1860 2723 1920 2792 83),

215 2817 372 2888 inquiunt,
387 2818 455 2872 satis
470 2834 528 2874 non
552 2820 639 2873 movit
658 2834 804 2874 recessum
827 2833 887 2874 esse
912 2818 1049 2874 adecreti
1100 2819 1256 2874 multorum
1286 2821 1315 2873 et
1339 2817 1570 2890 gravissimorum
1595 2818 1730 2882 virorum,
1755 2815 1804 2886 qui
1830 2829 1922 2885 super

229 2911 319 2966 nostri
338 2911 518 2978 auctoritate,
546 2913 578 2966 ut
601 2917 667 2966 ante
695 2911 856 2984 legitimum
881 2916 995 2983 tempus
1021 2914 1051 2968 et
1100 2913 1155 2968 hec
1174 2913 1268 2985 priore
1288 2929 1363 2968 anno
1382 2932 1396 2963 ιι
1416 2911 1453 2968 ad
1472 2910 1635 2968 Cornelium
1656 2911 1762 2966 litteras
1777 2910 1918 2964 fecerent.

229 3005 349 3075 plenum
377 3003 585 3072 satisfactionis,
610 3013 638 3060 et
652 3005 713 3060 sine
727 3005 817 3076 petitu
834 3012 862 3060 et
876 3005 1050 3062 coriscienlia
1099 3007 1221 3078 Operam
1242 3006 1278 3061 ad
1300 3006 1353 3060 boc
1372 3004 1462 3062 scelus
1482 3010 1633 3074 naverunt,
1649 3009 1682 3060 ut
1702 3003 1807 3058 ibidem
1828 3001 1867 3056 ait
1887 3001 1919 3058 S.

228 3097 330 3170 plebis,
366 3098 443 3153 nulla
476 3099 642 3154 infirmitate
668 3103 791 3170 urgento
817 3117 849 3154 ae
882 3101 1049 3155 necessitate
1100 3101 1212 3171 llartyr,
1231 3099 1305 3154 Felix
1325 3099 1451 3170 quidam,
1471 3098 1520 3171 qui
1539 3113 1603 3153 cum
1621 3097 1669 3153 illo
1689 3100 1920 3167 venerat,qnem

231 3197 362 3264 cogente,
376 3208 430 3265 pax
453 3193 479 3246 ei
497 3193 708 3248 concederetur.
734 3214 748 3240 ιι
767 3195 830 3248 llaec
849 3193 956 3266 optime
976 3211 1043 3250 cen·
1059 3162 1087 3238 C
1101 3193 1162 3264 ipse
1186 3198 1267 3249 extra
1291 3194 1446 3249 Ecclesiam
1469 3193 1497 3248 in
1520 3191 1622 3248 haeresi
1644 3190 1920 3263 pseudoepiscopum

230 3291 337 3355 gruunt
370 3285 462 3340 ldibas
492 3287 554 3340 ltaii
581 3287 649 3340 anni
679 3290 741 3342 252.
775 3289 837 3342 tam
870 3287 1045 3359 poenitentiae
1096 3285 1514 3356 olimconstituerat310vinns
1538 3291 1566 3340 et
1586 3285 1731 3352 Maximus,
1748 3283 1922 3339 ebnefanda

230 3382 341 3449 partem
355 3394 412 3433 non
428 3378 602 3433 mediocrem
619 3380 938 3451 adimpleverattlictor,
955 3399 1044 3437 unum
1095 3379 1231 3436 sacrificia
1254 3383 1283 3434 et
1298 3379 1415 3435 crinrina
1429 3379 1459 3434 in
1473 3395 1503 3434 se
1517 3378 1648 3451 probata,
1658 3378 1800 3434 sententia
1814 3391 1921 3434 novem

227 3470 460 3542 reprehenditur,
488 3472 564 3544 quod
600 3473 716 3544 plenum
749 3479 862 3546 tempus
891 3492 948 3531 non
978 3492 1043 3531 exe·
1095 3472 1504 3544 episcoporumcondemnati,
1522 3479 1550 3528 et
1568 3473 1669 3527 iterato
1694 3471 1920 3544 quoqueaplu-

230 3566 335 3636 gisset;
354 3565 515 3636 quinetiam
538 3567 611 3623 nihil
634 3567 893 3638 reprehenderetur
910 3570 933 3623 si
956 3569 1045 3641 plebis
1095 3567 1174 3622 ribus
1188 3567 1249 3622 aliis
1266 3566 1296 3622 in
1313 3567 1433 3623 concilio
1452 3583 1529 3623 anno
1544 3566 1630 3638 priori
1649 3564 1782 3633 abstenti,
1803 3563 1923 3635 Reposi-

229 3663 330 3730 rogatu
344 3675 477 3714 concessa
491 3675 546 3730 pax
565 3659 674 3717 fnisset.
696 3665 730 3717 At
752 3662 878 3732 proiecto
890 3679 1044 3736 intinquam
1096 3664 1142 3716 tus
1157 3661 1376 3730 Saturnicensis,
1393 3662 1443 3734 qui
1462 3677 1520 3717 non
1536 3664 1647 3716 tanturn
1666 3661 1696 3714 in
1715 3658 1917 3732 persecutione

230 3752 354 3823 episcopi
393 3755 451 3806 tam
475 3753 579 3808 leniter
614 3753 740 3826 egissent
775 3771 851 3811 anno
885 3759 937 3813 253
971 3758 1047 3812 inter
1096 3755 1156 3827 ipse
1175 3755 1327 3824 ceciderat,
1342 3755 1393 3811 ssd
1407 3760 1435 3812 et
1458 3755 1613 3811 maximam
1632 3755 1741 3826 partem
1755 3751 1845 3824 plebis
1859 3769 1920 3808 suae

230 3845 322 3918 prima
349 3846 425 3916 pacis
453 3846 544 3902 initia.
573 3848 645 3904 Nam
677 3848 735 3920 qni,
761 3848 851 3920 sopita
878 3851 953 3906 Decii
980 3869 1045 3922 per·
1098 3849 1236 3920 sacrilega
1258 3849 1440 3920 persuasione
1465 3849 1617 3922 dejecerat.
1642 3847 1675 3904 lli
1698 3847 1826 3920 quinque
1849 3861 1919 3901 cum

233 3939 400 4008 secutione,
425 3943 534 3996 tantam
560 3958 620 4015 prae
652 3959 680 3998 se
703 3943 884 4000 severitatem
912 3946 1045 4015 tulerant,
1097 3942 1195 4014 paucis
1214 3943 1258 3998 vel
1274 3941 1434 3999 sacrificatis
1449 3943 1493 3998 vel
1509 3943 1584 3998 male
1606 3942 1659 3998 sibi
1679 3941 1797 3998 consciis
1817 3941 1919 3997 Fortu·

232 4036 264 4088 nt
276 4033 601 4090 excommunicationem
617 4036 810 4106 minarentur,
826 4037 849 4092 si
867 4039 932 4110 quis
955 4040 1048 4110 lapsos
1098 4039 1199 4092 natum
1221 4036 1275 4092 sibi
1297 4037 1577 4109 pseudoepiscopum
1593 4040 1771 4108 cooptarunt.
1790 4034 1845 4091 Sed
1862 4035 1921 4090 illis

229 4125 265 4182 ad
303 4127 534 4183 communionem
577 4129 755 4198 admitteret,
792 4130 822 4198 ri,
863 4131 943 4187 finita
976 4133 1048 4188 Galli
1100 4131 1193 4186 scelus
1212 4145 1246 4186 ex
1268 4131 1409 4186 sententia
1428 4145 1486 4186 non
1504 4129 1645 4186 suecessit.
1663 4131 1731 4185 Nam
1751 4145 1816 4185 cum
1834 4128 1919 4183 dicti·

231 4225 260 4275 et
295 4220 438 4276 Volusiani
470 4223 679 4293 persecutione,
719 4241 783 4279 cum
813 4225 906 4281 adbuc
946 4243 1048 4283 manns
1101 4227 1210 4280 lassent
1223 4223 1459 4297 vigintiquinque
1475 4224 1621 4297 episcopos
1634 4223 1837 4294 Carthaginem
1853 4237 1922 4276 ven-

230 4313 374 4384 lapsorum
401 4315 542 4370 sacrificiis
575 4316 705 4373 nefandis
732 4317 888 4389 fumarent,
914 4337 950 4375 an
977 4321 1048 4377 adeo
1099 4321 1187 4388 turos,
1206 4335 1264 4374 non
1285 4318 1346 4373 sine
1364 4319 1506 4374 mendacii
1521 4318 1640 4373 infamia
1659 4319 1787 4390 quinque
1806 4319 1921 4373 tentum

230 4406 341 4462 remissi
356 4407 434 4463 fuere
446 4411 479 4463 nt
491 4425 591 4480 pacem
606 4427 768 4466 concessam
784 4429 841 4468 non
858 4415 1050 4485 reprehensu—
1098 4412 1205 4485 reperti
1223 4418 1298 4468 suut.
1314 4412 1420 4469 Deinde
1440 4428 1516 4480 vero,
1533 4428 1605 4485 quos
1624 4418 1710 4468 antea
1725 4409 1920 4482 decipiebant,

232 4515 278 4555 ros
304 4518 333 4556 se
360 4499 487 4556 dicerent
512 4503 535 4557 si
570 4525 583 4554 ιι
613 4505 674 4580 sine
706 4505 795 4577 petitu
825 4510 853 4562 et
876 4509 1129 4608 coriscientiaDet
1147 4505 1217 4561 falsa
1230 4523 1260 4561 se
1272 4523 1322 4578 spe
1335 4506 1473 4562 redeundi
1487 4507 1515 4561 in
1534 4505 1688 4561 Ecclesiam
1708 4504 1920 4578 producebant,

231 4593 322 4664 plebis
336 4609 471 4650 concessa
485 4613 541 4650 non
561 4597 686 4653 fnisset?
704 4597 846 4656 Praeterea
869 4617 927 4657 uon
949 4603 1047 4658 viden·
1100 4599 1131 4656 hi
1144 4599 1193 4655 abi
1206 4599 1340 4656 viderunt
1353 4600 1636 4672 pseudoepiscopum,
1650 4600 1748 4656 fraude
1762 4601 1920 4671 comperta,

231 4689 279 4742 tur
308 4693 370 4760 post
392 4689 623 4760 persecutionem
643 4691 712 4749 Galli
735 4699 763 4748 et
787 4695 928 4750 Volusiani
956 4711 1051 4751 neces·
1100 4695 1136 4750 ad
1161 4695 1314 4751 Ecclesiam
1339 4694 1498 4751 redierunt.
1524 4696 1620 4766 ltaque
1644 4695 1739 4766 plures
1761 4699 1842 4749 erant
1866 4694 1920 4765 qui

230 4780 303 4836 saria
321 4780 409 4836 fnisse
432 4783 562 4849 concilia,
587 4785 653 4857 quia
678 4802 711 4840 ex
736 4787 779 4842 bis
803 4805 868 4858 quae
897 4789 927 4843 in
955 4790 1049 4861 priore
1100 4789 1136 4845 de
1162 4789 1279 4844 nefariis
1300 4789 1355 4844 ibis
1379 4789 1541 4844 bominibus
1558 4787 1766 4860 judicaverant,
1792 4787 1815 4842 si
1840 4803 1920 4860 pres·

231 4874 351 4930 concilio
366 4879 470 4930 statuta
482 4877 517 4932 de
531 4878 616 4950 lapsis
634 4879 751 4936 fuerant
773 4881 864 4936 facilis
883 4882 938 4938 fuit
964 4883 1049 4940 totius
1099 4882 1193 4954 byteri
1209 4889 1237 4938 et
1251 4883 1360 4939 diaconi
1376 4887 1574 4951 numerentur,
1596 4898 1681 4955 quarn
1701 4882 1750 4954 qui
1770 4883 1835 4936 tuac
1849 4896 1919 4936 cram

230 4968 270 5022 rei
289 4967 476 5038 deliberatio;
491 4971 534 5026 vel
559 4972 652 5044 potius
678 4975 746 5046 quia
769 4981 818 5030 aut
846 4977 918 5032 nulli
941 4977 969 5032 in
995 4978 1049 5034 bac
1099 4977 1154 5033 illis
1173 4977 1319 5048 conjuncti
1339 4976 1785 5032 videbantu1·.l>robabattannen
1804 4974 1921 5046 Cypria·

230 5062 437 5130 persecutione,
453 5067 503 5118 aut
520 5065 625 5121 saltem
647 5064 810 5138 paucissimi
825 5071 1047 5128 videnturceci-
1098 5087 1152 5126 nus
1176 5073 1206 5125 ct
1229 5071 1381 5144 diligenter
1404 5070 1585 5126 examinabat
1608 5070 1726 5142 quinam
1748 5068 1863 5130 ¹admitti
1891 5073 1923 5125 et

230 5151 314 5208 disse
337 5156 467 5210 Testatur
492 5157 648 5230 Cyprianus
668 5161 697 5215 in
713 5164 839 5233 Epistola
866 5169 898 5220 57
923 5182 971 5221 eos
998 5166 1047 5238 qui
1098 5165 1188 5238 recipi
1208 5165 1238 5220 in
1258 5165 1410 5221 Ecclesiam
1427 5164 1574 5220 deberent.
1590 5163 1713 5228 Quidam
1732 5163 1809 5218 enim
1829 5163 1922 5234 recipi

229 5247 325 5303 Roma
343 5248 394 5302 sub
414 5250 497 5306 llccic
521 5252 692 5338 ceciderant,
720 5258 907 5314 corifessionis
933 5260 1046 5316 landem
1098 5275 1155 5315 non
1184 5265 1318 5332 poterant
1340 5281 1354 5311 ιι
1377 5259 1440 5316 sine
1464 5258 1599 5315 scandalo
1625 5261 1653 5314 et
1677 5256 1803 5330 periculo
1825 5257 1921 5328 pluri-

231 5339 465 5400 iubocsecundc
488 5344 589 5415 praelio
610 5347 729 5419 adeptos
755 5350 850 5407 fuisse.
868 5351 946 5408 Idem
973 5353 1049 5408 testi·
1097 5371 1220 5410 morum.
1246 5375 1260 5405 ιι
1285 5353 1437 5410 Fremebat
1463 5353 1540 5410 enirn
1564 5351 1646 5425 plebs
1672 5355 1702 5407 et
1724 5350 1924 5407 reluctabatur

230 5432 359 5490 monium
382 5436 483 5493 saltem
517 5439 620 5495 Africae
652 5442 753 5500 tribuit
785 5451 883 5501 auctor
912 5445 978 5502 libri
1010 5449 1048 5504 ad
1099 5469 1112 5498 ιι
1139 5448 1250 5518 quoties
1271 5448 1498 5504 inemendabiles
1518 5451 1548 5503 et
1570 5446 1703 5519 protervi,
1725 5445 1816 5501 etrel
1839 5444 1924 5500 adul-

229 5529 327 5586 Nouet.
367 5530 404 5600 (p.
436 5531 489 5601 ll).
519 5531 589 5588 lline
609 5534 768 5606 Cyprianus
791 5538 819 5593 in
844 5539 927 5610 epist.
952 5543 981 5596 81
1010 5542 1048 5596 ad
1098 5541 1176 5596 teriis
1192 5543 1234 5598 vel
1253 5541 1398 5597 sacrificiis
1413 5541 1610 5609 contaminati,
1626 5543 1733 5612 etpost
1748 5537 1922 5595 beacadlruc

228 5622 373 5692 Martyres,
385 5639 442 5678 non
458 5625 569 5698 plangit
588 5628 683 5684 clades
698 5635 727 5686 et
749 5632 851 5688 ftrnera
874 5649 1001 5704 suorum,
1016 5640 1048 5691 ut
1097 5635 1215 5708 insuper
1236 5635 1272 5690 de
1294 5635 1445 5691 schismate
1466 5635 1499 5692 ad
1515 5634 1670 5692 Ecclesiam
1684 5655 1699 5685 ιι
1712 5631 1851 5690 redibant.
1865 5633 1922 5690 Vix

227 5714 256 5770 in
268 5715 349 5787 epist.
369 5718 451 5773 asub
472 5718 554 5776 liscio
573 5721 688 5779 fecerat.
710 5725 767 5782 Nec
793 5727 898 5783 mirum
916 5728 939 5783 si
959 5729 1045 5785 ricto·
1097 5729 1175 5802 plebi
1184 5727 1384 5802 persuadebat,
1401 5730 1460 5786 imo
1474 5728 1661 5802 extorquebat
1673 5731 1706 5784 ut
1719 5728 1789 5785 tales
1802 5726 1920 5784 admitti

227 5810 484 5888 resinhacpngna
500 5813 580 5872 tuere
596 5831 666 5890 quos
680 5821 760 5877 tanto
782 5821 871 5877 animi
892 5822 994 5880 ardore
1011 5823 1046 5880 ad
1097 5823 1309 5893 consentirent;
1336 5830 1365 5880 et
1389 5824 1496 5898 iustior
1522 5825 1611 5880 factus
1638 5825 1700 5880 erat
1724 5821 1922 5885 fraternitatis
