4172 6186
246 179 310 244 tati
917 201 1002 266 suu.
1021 205 1122 270 OXON.
1141 207 1251 270 ΝΟΜ.
1857 219 1931 284 tata

246 310 371 400 ιιιρωιιον
391 314 465 382 osai,
487 322 522 380 rte
536 321 597 376 este
611 321 750 392 ἁμαρτάνει,
765 327 806 380 sai
818 325 861 380 sai
881 329 1059 392 ιποκτιννύντος
1068 349 1099 424 Α
1109 340 1160 400 tos,
1173 337 1217 390 rel
1237 339 1332 394 rullus
1344 353 1439 396 eorum
1457 341 1614 410 inspexisse
1630 343 1813 400 confessionis
1835 347 1925 414 glorta

243 387 316 506 Ἤοιν
329 389 569 484 begar-satiaverat,
587 398 695 484 etaaftv
708 399 835 465 προσάγων
847 404 880 452 τῶ
894 403 1057 472 δικαστηρίῳ·
1112 399 1235 474 fulgidos
1260 422 1345 482 atque
1371 414 1496 468 decoros.
1524 415 1727 470 consulebatur
1754 419 1810 471 hac
1828 421 1876 472 ria
1902 425 1931 472 et

243 469 277 574 3*
304 461 340 546 ti
359 463 463 524 ἄνειηᾱ
480 469 513 532 μὴ
526 471 736 556 περιπελλοιιινος
753 473 793 522 τὸ)
812 475 1064 540 decantandorum
1115 483 1306 540 confessorum
1325 488 1452 554 dignitati
1470 489 1498 539 et
1518 487 1659 552 lapsorum
1679 491 1802 553 utilitati,
1821 492 1872 557 qui
1887 493 1930 543 slc

258 543 282 576 ‘²
299 529 384 594 ieme
397 536 507 602 παρέχων
521 539 617 626 tende
628 539 699 627 eirca
712 542 762 592 tart
774 543 801 594 rt
820 546 877 594 trev
889 546 930 612 ἐφ’
954 548 1064 613 suurbi
1114 563 1288 624 cogerentur,
1309 563 1341 611 ιιι
1358 559 1433 620 victl,
1455 571 1486 609 se
1507 559 1659 612 victoribus
1673 561 1823 625 subiicere,
1837 577 1931 628 eaque

246 601 358 664 witarit
379 607 501 672 γινόμενοι
524 627 557 694 τιΙ
576 626 620 660 τοι)
646 613 772 671 uaesanae
794 616 905 683 πονηρίᾳ.
930 617 1065 671 Similiter
1114 623 1198 676 animi
1225 628 1393 682 demissione
1418 642 1513 680 eorum
1537 631 1667 694 precibus
1687 634 1798 684 veniam
1818 635 1855 686 ab
1877 635 1937 686 Ec·

246 665 372 790 {ecclesia
396 675 574 744 Smyr-nensis
598 682 744 768 polycarpi
771 688 930 751 passionem
956 689 1064 744 descri-
1115 691 1198 748 cissis
1210 703 1371 764 promereri.
1386 699 1443 753 Sed
1462 702 1537 766 quod
1553 703 1583 754 iu
1603 702 1759 755 remedium
1777 705 1847 754 olim
1869 705 1935 757 lue·

284 754 326 805 ns,
348 759 412 812 que
436 751 549 817 quidem
572 758 635 844 post
655 767 715 819 epus
734 769 875 810 secessum
897 761 1064 825 contigerat,
1114 767 1157 816 rat
1170 767 1371 836 introductum,
1385 774 1508 824 humens
1521 775 1647 838 nequitia
1661 776 1747 839 coepit
1764 779 1934 828 convertero

248 825 310 866 eum
336 825 425 908 vocatx
441 823 469 872 τὸ
493 825 545 874 κατ’
566 825 705 888 scamillos
725 829 860 894 μαρτύριον.
875 830 1063 896 Subjungens
1114 834 1142 884 ln
1160 837 1381 908 delictum,dum
1397 845 1466 910 lapsi
1481 848 1573 909 spreto
1594 845 1727 911 episcopo
1749 860 1782 899 sc
1803 848 1868 898 aliis
1890 861 1935 898 sa-

246 887 445 978 nspttpsv‘srjap
464 895 503 982 ian
519 897 641 962 παραδοθῇ
661 903 694 953 ὡς
709 899 722 947 ὁ
740 901 837 980 Ktiptae,
855 902 1065 967 imprumalem
1114 909 1287 977 sorduimus,
1317 921 1417 982 sponte
1445 915 1628 968 convolarunt
1653 916 1688 966 ati
1711 922 1858 983 martyras,
1885 932 1936 970 cx-

247 959 318 1020 ήμεῑς
333 977 408 1013 sorau
420 967 551 1054 mopsus,
567 968 687 1032 μὴμόνον
703 986 828 1029 sorsum:
840 972 868 1021 τὸ
883 974 940 1023 ’καθ’
957 975 1064 1041 tamdia,
1115 979 1250 1050 turbisque
1264 985 1300 1038 ab
1313 987 1348 1038 iis
1368 986 1543 1052 supplicibus
1557 987 1593 1038 ad
1616 988 1780 1053 episcopum
1801 989 1839 1040 dc
1857 1002 1936 1041 com·

248 1027 310 1078 ἀιιὰ
324 1033 365 1081 sel
377 1035 478 1086 aienti
494 1052 550 1095 τους
569 1038 650 1100 πέλας,
664 1043 717 1090 etc.
732 1039 802 1103 Quae
824 1055 861 1094 ox
877 1043 963 1095 altera
986 1051 1065 1110 parte
1113 1055 1303 1110 municatloue
1322 1058 1435 1119 libellis,
1456 1058 1537 1123 quasi
1561 1059 1783 1124 oppignoratam,
1806 1073 1841 1114 ac
1861 1073 1937 1111 mar-

251 1111 428 1167 magnacum
445 1121 546 1173 pompa
560 1109 721 1173 afferuntur,
735 1114 823 1177 megla
837 1115 999 1167 Montanum
1016 1130 1065 1168 sa—
1114 1124 1206 1185 tyrum
1240 1128 1370 1192 precihus
1404 1126 1526 1180 debitam
1558 1129 1862 1193 communicationem,
1899 1130 1935 1182 ab

252 1169 430 1291 pigetquam
445 1177 595 1262 Christum.
1112 1191 1240 1248 Ecclesia
1265 1200 1414 1262 exigebant
1437 1201 1532 1264 potius
1567 1213 1652 1264 quam
1682 1201 1825 1264 petebant.
1855 1219 1870 1248 e
1900 1201 1937 1253 Et

302 1243 425 1310 omtqa
447 1251 612 1302 contortrbue
634 1265 731 1304 mcum
756 1267 820 1306 suas
842 1260 922 1321 atque
935 1271 984 1308 oro
1005 1272 1064 1310 ma·
1113 1265 1228 1328 quidem
1247 1270 1417 1322 confessores
1435 1285 1469 1322 ex
1483 1271 1575 1335 parvis
1589 1271 1675 1322 initiis
1696 1272 1725 1322 in
1750 1273 1934 1336 immensum,

251 1311 391 1366 calomani.
407 1317 544 1382 Rigaltius
561 1322 599 1372 ait
614 1336 620 1371 :
635 1339 649 1372 ι
667 1323 703 1374 ιιι
722 1323 888 1377 dicebantur
907 1329 1063 1392 sacnflcati,
1114 1346 1166 1388 sua
1188 1340 1334 1406 privilegia
1358 1342 1514 1407 ampliasse,
1538 1341 1623 1394 iidem
1645 1342 1712 1392 iacit
1738 1343 1855 1396 iliorum
1879 1344 1936 1396 hoc

251 1384 300 1448 qui
321 1389 529 1442 maculaverant
548 1406 727 1446 mauussuas
749 1397 878 1462 imposito
898 1399 927 1450 in
942 1413 1064 1452 scemam
1113 1405 1175 1476 ipso
1199 1407 1257 1462 sere
1280 1417 1403 1477 tempore
1429 1413 1525 1466 Romae
1550 1416 1726 1476 attentatum,
1754 1415 1803 1466 ubi
1831 1415 1936 1467 libeliis

251 1453 343 1520 iilum,
363 1460 408 1512 vel
433 1462 642 1516 inminuerunt
665 1479 713 1517 ora
734 1481 785 1518 sus
806 1474 953 1522 vescentes
973 1471 1064 1523 idoli>-
1114 1483 1173 1534 suis
1202 1484 1472 1550 pseudoepiscopum
1498 1484 1634 1536 Ecclesiae
1661 1485 1862 1537 obtrudebant,
1889 1487 1938 1538 Sic

249 1525 363 1590 thyla.»
527 1609 532 1619 Ι
555 1607 560 1617 Ι
628 1609 633 1620 1
834 1611 839 1622 ‚
867 1612 872 1622 ,
1114 1553 1251 1606 Pacienus
1275 1557 1346 1620 epist
1376 1555 1481 1608 sdtctt
1502 1556 1688 1607 Noratianum
1710 1559 1859 1622 epr'ecoputs
1879 1558 1937 1620 sac·

283 1600 421 1654 nimiis
456 1606 574 1690 i¹⁸⁰i¹iiff⁶
613 1606 763 1660 itifliimm
802 1610 898 1663 mium·
936 1613 1065 1676 Quantus
1116 1629 1171 1675 lam
1195 1638 1243 1688 per
1270 1627 1408 1692 epistolam
1436 1640 1530 1676 aarum
1563 1628 1609 1692 qui
1636 1641 1662 1676 se
1690 1628 1848 1688 confessores
1883 1641 1939 1678 esse

251 1667 392 1750 lapsorum
430 1675 459 1724 ln
489 1675 612 1760 Deciana
635 1685 829 1744 persecutione
860 1697 994 1736 numerus
1019 1685 1065 1736 vei
1116 1697 1290 1760 simularent,
1310 1697 1346 1748 nt
1369 1698 1448 1763 epist.
1464 1697 1529 1748 3:‹
1552 1697 1602 1748 llle
1617 1697 1780 1750 auctoritate
1800 1697 1939 1761 epistola·

250 1737 318 1791 hanc
342 1749 468 1797 constare
488 1751 607 1812 polerrt;
631 1755 784 1815 praesertim
808 1766 872 1805 curn
893 1768 951 1807 uno
973 1718 1189 1830 libelloBmm‚
1213 1768 1328 1820 sedente
1348 1770 1406 1834 jam
1433 1767 1529 1820 Romae
1554 1767 1689 1818 adversus
1717 1768 1758 1819 las
1786 1769 1940 1822 sacerdotii

250 1813 453 1898 totasiamlllas
467 1823 603 1882 martyres
615 1822 719 1885 passim
739 1824 938 1877 includerent:
954 1842 969 1876 a
984 1825 1067 1880 Com·
1117 1839 1275 1904 singularis,
1297 1840 1411 1892 atterius
1430 1840 1554 1904 episcopi
1576 1839 1631 1890 sihi
1651 1852 1755 1892 nomen
1776 1843 1904 1892 assumit.
1923 1859 1939 1888 s

251 1884 377 1936 municet
389 1886 437 1937 rlle
454 1900 520 1940 cum
538 1890 606 1940 suis.
620 1907 636 1937 s
650 1891 714 1943 Vld.
733 1907 776 1958 ep.
799 1895 830 1945 le
848 1898 875 1946 at
895 1896 971 1960 alibi,
986 1897 1065 1962 epist.
1117 1908 1173 1961 sed
1187 1910 1215 1960 tn
1236 1911 1368 1975 praeqqntt
1394 1923 1488 1972 cauea,
1509 1907 1641 1974 quiddam
1666 1910 1799 1974 peculiari
1825 1913 1939 1963 ratione

250 1952 283 2004 ²⁵
308 1968 315 2003 ²
342 1954 520 2009 ‘Unilfllslfl
545 1973 644 2024 imm
670 1961 837 2016 dimisimui·
862 1983 877 2012 ι
900 1967 936 2018 Ei
962 1979 1066 2032 ll⁰ri⁰²
1116 1980 1337 2046 inexspectatum
1361 1982 1484 2034 occurrit
1511 1979 1657 2032 Celerinus
1680 1979 1775 2033 Romae
1795 1995 1894 2046 agens,
1921 1997 1938 2034 e

251 2039 268 2072 ‘
279 2024 406 2110 H⁰bi³¹¹i
417 2041 515 2092 imm
531 2045 587 2083 ⁰⁰¹¹
603 2037 712 2084 “nium
725 2034 780 2098 Ἠῶ)
796 2035 888 2120 miei
907 2051 977 2102 (ιω
994 2039 1067 2090 ⁵⁰1³ss
1115 2059 1239 2113 Lucieno
1266 2061 1488 2128 Carthaginiensi
1513 2061 1684 2122 consessore,
1706 2073 1805 2125 pacem
1827 2062 1939 2114 Nume-

251 2095 436 2182 ⁸d.⁸¹¹¹m¹¹.m
459 2105 584 2152 ”mirum
608 2105 754 2189 Ρθῖῑῖῃθῑθ·
776 2122 793 2156 ’
810 2107 897 2172 Elim·
918 2108 959 2159 ²²·
985 2108 1067 2161 0⁰¹oe
1116 2132 1165 2182 riae
1188 2136 1216 2184 et
1235 2131 1370 2184 Candidas
1394 2131 1511 2186 concedi
1536 2132 1617 2197 petit,
1641 2145 1705 2197 qum
1732 2133 1829 2185 Romae
1855 2137 1942 2184 erant

251 2166 412 2250 hupusmodt
433 2170 594 2226 libellorum
612 2175 708 2240 mtilta,
729 2177 806 2243 lapso
826 2178 951 2232 humano
970 2181 1067 2246 generi
1115 2201 1211 2266 lm,
1235 2206 1263 2254 eg
1289 2203 1348 2256 mic
1371 2203 1407 2255 ab
1430 2203 1558 2256 ΜΨ,
1580 2203 1703 2269 depulsa
1722 2203 1940 2268 permanebam,

251 2238 381 2292 ''mii''
393 2241 553 2297 mmm·
1117 2272 1189 2336 Qum
1212 2274 1326 2339 quidem
1345 2276 1528 2340 prerogativa
1552 2275 1745 2340 episcoporum
1757 2277 1820 2339 jura
1842 2275 1940 2339 longis

1116 2344 1270 2398 intervallis
1292 2351 1415 2411 superat,
1434 2359 1555 2411 quorum
1579 2350 1701 2410 potestas
1726 2347 1798 2398 inter
1817 2359 1940 2398 suarum

1117 2414 1276 2468 dioeceeeon
1302 2417 1405 2468 limites
1434 2416 1585 2468 clauditur.
1607 2415 1663 2468 Sed
1684 2429 1779 2468 revera
1803 2421 1943 2482 martyres

525 2467 702 2524 EPISTOLA
718 2471 792 2526 xxi·
1117 2501 1174 2538 non
1200 2489 1250 2538 uni
1272 2487 1357 2540 alicui
1384 2488 1531 2550 Ecclesia,
1560 2487 1610 2538 sed
1636 2488 1768 2538 omnihus
1796 2502 1813 2540 a
1837 2490 1942 2552 primis

364 2617 369 2628 ,
1027 2557 1029 2562 ’
1117 2559 1277 2611 christianae
1302 2559 1368 2612 fidei
1395 2560 1509 2611 stscnlis
1533 2558 1740 2624 deputabantur
1770 2575 1777 2609 ι
1805 2560 1944 2610 ridemus

285 2615 419 2671 Calenam
441 2622 565 2674 Lucinae.
588 2624 700 2677 littera
720 2625 799 2679 haee
822 2627 949 2680 Celerina
971 2627 1068 2680 Rome
1118 2631 1194 2682 enirn
1226 2635 1287 2682 acta
1317 2634 1484 2694 martyrum,
1507 2629 1543 2680 ab
1570 2643 1627 2680 una
1651 2629 1778 2681 Ecclesia
1803 2629 1841 2680 ed
1866 2631 1944 2680 alias

251 2692 361 2752 agente,
376 2689 410 2740 ed
434 2691 589 2746 Lucianum
613 2698 799 2750 coniemorem
820 2698 1068 2765 Carthaginensem
1117 2701 1292 2762 transmissa;
1322 2704 1350 2753 et
1373 2701 1548 2765 singularum
1584 2699 1764 2751 ecclesiarum
1799 2701 1944 2764 ldartyro-

255 2761 503 2825 transmiseramus
525 2778 592 2817 cum
611 2770 805 2834 sequentibus,
825 2771 945 2822 multum
961 2771 1069 2822 iaciunt
1118 2769 1201 2836 logia,
1228 2786 1285 2823 non
1311 2785 1427 2824 suorum
1453 2771 1546 2832 modo,
1577 2771 1627 2822 sed
1654 2774 1682 2822 et
1710 2770 1794 2835 longe
1824 2769 1945 2822 dissito·

252 2829 289 2882 sd
311 2832 504 2896 explicandam
529 2837 564 2890 da
591 2839 677 2904 lapsis
706 2841 882 2894 restituendis
910 2847 1069 2893 controver-
1118 2855 1181 2893 rum
1206 2842 1352 2894 hominum
1376 2844 1490 2894 nomina
1512 2841 1663 2894 continere.
1690 2840 1776 2892 Erant
1795 2853 1880 2905 porro
1910 2842 1944 2892 in

253 2901 340 2964 slsm;
356 2909 384 2954 et
398 2905 428 2957 in
441 2920 473 2958 aa
488 2910 637 2962 excitanda
656 2913 828 2976 singularem
849 2913 966 2965 Luolaui
988 2913 1070 2964 inre·
1118 2913 1245 2976 proximo
1279 2915 1390 2980 Moyses
1428 2917 1456 2965 et
1494 2913 1652 2975 Maximus,
1692 2912 1796 2976 aliique
1838 2911 1945 2964 Romae

253 2973 416 3056 recundiam
431 2981 583 3032 ostendunt
599 2998 606 3033 ε
620 2995 683 3048 quie
696 2982 848 3048 plurimum
865 2984 1000 3037 molestiae
1015 2982 1069 3048 cy·
1120 2985 1302 3048 consessores,
1331 2999 1347 3038 e
1372 2985 1475 3050 quihus
1504 2983 1652 3043 nonnulii,
1678 2982 1789 3046 Moyses
1816 2983 1943 3043 saltem,

252 3057 351 3110 prrano
368 3049 396 3098 et
410 3047 546 3104 Ecclesia
559 3053 767 3117 ejuscreahant.
782 3053 889 3107 Undae
910 3068 939 3107 re
960 3058 1026 3116 erat,
1038 3057 1069 3105 ιιι
1120 3057 1251 3120 martyrio
1266 3056 1489 3116 coronabantur;
1506 3067 1592 3120 quare
1611 3065 1666 3104 non
1688 3052 1724 3104 ab
1747 3053 1814 3118 ipsis
1832 3052 1945 3104 Celeri·

252 3116 373 3169 ishasce
389 3118 528 3184 Epistulas
547 3124 729 3190 recolligeret,
747 3131 831 3191 atque
844 3127 903 3178 auis
916 3081 1173 3192 adjungar-caus
1197 3129 1308 3179 veniam
1336 3141 1385 3192 pro
1416 3127 1502 3192 lapsis
1530 3124 1672 3178 sororibus
1695 3123 1855 3189 petilian
1881 3123 1945 3175 hoc

252 3186 303 3237 das
318 3195 436 3241 curaret.
447 3191 511 3243 Vid.
527 3206 569 3259 ep.
585 3195 616 3246 st
630 3199 659 3248 et
669 3195 709 3249 39.
1115 3196 1220 3248 ιιιιιιιιι
1233 3199 1299 3264 quia
1308 3197 1439 3250 Numerio
1455 3201 1482 3248 ot
1497 3194 1623 3248 Candida
1637 3194 1712 3246 hirae
1723 3197 1811 3255 erant,
1824 3197 1854 3245 at
1865 3193 1945 3246 iicet

285 3259 374 3324 Hujus
403 3264 504 3315 maadi.
531 3265 673 3320 Correctio
698 3269 751 3320 ista
778 3273 899 3333 receptae
926 3268 1065 3329 lectionis,
1116 3267 1212 3319 Romae
1237 3267 1415 3334 deliquerint,
1444 3265 1656 3332 Carthaginensi
1686 3263 1818 3316 Ecclesia
1845 3263 1940 3328 depu-

253 3331 287 3380 ut
314 3334 515 3397 assequentes
549 3338 620 3390 adeo
655 3345 723 3390 sunt
753 3339 917 3400 maniiestae,
947 3343 979 3389 ut
1010 3351 1067 3390 non
1116 3337 1265 3402 labentum
1295 3344 1323 3390 et
1342 3338 1459 3403 proinde
1483 3340 1639 3401 martyrum
1657 3334 1793 3386 Ecclesiae
1813 3331 1943 3384 Cartha-

255 3411 326 3464 cpus
342 3401 379 3453 sit
392 3407 600 3459 commentariis
618 3409 680 3460 illas
695 3413 743 3462 aut
765 3409 913 3462 defendere
927 3413 975 3460 sut
992 3408 1068 3460 illus-
1116 3410 1241 3474 §nensis
1261 3409 1401 3476 suffragiis
1422 3407 1628 3460 sublevandas?
1656 3405 1700 3456 An
1724 3405 1815 3456 lenior
1838 3403 1943 3456 Romae

253 3471 334 3522 iim·
1116 3480 1306 3534 intentabatur
1331 3481 1499 3546 persecutio,
1526 3481 1558 3529 ut
1583 3477 1722 3541 supplicia
1744 3476 1877 3540 capitalia
1899 3479 1942 3530 ihi

285 3543 317 3592 la
341 3548 395 3594 tam
417 3546 515 3609 {lorido
535 3549 705 3612 consessione.
730 3551 868 3617 ltigaltlue
886 3551 925 3603 ait
944 3566 950 3601 :
969 3567 984 3598 a
1006 3550 1068 3602 Hoc
1116 3563 1174 3601 non
1188 3551 1437 3616 exspectarentur?
1458 3548 1540 3601 Certe
1558 3548 1743 3612 Moysespoet
1756 3545 1858 3610 longos
1870 3561 1940 3600 car-

254 3619 509 3681 superponente
523 3633 579 3684 que
599 3623 808 3686 sangulsiusus
822 3627 866 3675 est
882 3635 933 3686 pro
954 3622 1068 3672 nomine
1118 3623 1190 3673 ceris
1204 3623 1340 3687 pedores,
1359 3636 1395 3675 ex
1417 3621 1515 3672 morbo
1535 3624 1663 3670 mortuus
1688 3618 1817 3678 videtur-5
1845 3623 1874 3669 et
1897 3633 1942 3672 re·

254 3683 366 3736 Christi.
390 3687 437 3740 Sic
460 3689 657 3754 Tertullianus,
679 3693 727 3744 lib.
742 3693 775 3745 ds
797 3694 908 3757 Comae,
923 3693 994 3745 dixit
1016 3692 1069 3742 mi·
1117 3693 1189 3758 liqui
1207 3693 1321 3746 tandem
1343 3698 1422 3746 erant
1444 3691 1541 3756 elapsi.
1554 3693 1598 3740 An
1621 3689 1744 3750 demum,
1757 3688 1823 3752 quia
1841 3688 1942 3739 nullus

257 3757 336 3808 litem
351 3757 454 3810 Christi
475 3767 616 3814 russatum
638 3765 783 3830 sanguinis
798 3765 842 3816 sui
859 3763 965 3828 spelit
986 3760 1069 3828 paulo
1118 3765 1215 3817 Romae
1228 3766 1280 3816 init
1299 3767 1456 3830 episcopus,
1471 3775 1526 3816 nec
1549 3767 1643 3813 tamen
1664 3772 1737 3824 spes,
1759 3762 1792 3811 ιιι
1809 3759 1840 3808 in
1866 3760 1941 3812 inte-

255 3829 471 3891 parteacutus
496 3837 591 3885 noster
612 3834 686 3887 dicet
709 3835 821 3886 iloriios
844 3837 989 3898 martyres,
1011 3833 1069 3884 slve
1119 3851 1200 3901 grum
1212 3838 1423 3890 restituerentur
1434 3837 1529 3900 lapsas,
1544 3833 1624 3884 doner
1648 3834 1777 3896 episcopus
1794 3834 1943 3882 remittas-

256 3899 440 3963 001¹si³⁸⁸0t082
465 3905 602 3968 sanguine
626 3906 689 3957 iuso
714 3909 889 3972 purpuratos.
914 3904 977 3955 Jam
1004 3915 1070 3952 vero
1122 3911 1175 3970 lar,
1188 3907 1252 3958 ideo
1267 3908 1323 3959 aiio
1335 3905 1500 3973 spectabant
1511 3905 1578 3966 illae,
1591 3903 1714 3956 etiidem
1727 3903 1858 3967 praesulis
1868 3902 1941 3954 Car·

256 3968 364 4033 pridem
386 3971 539 4026 Salmasius
557 3975 683 4041 probarit
699 3977 809 4030 Graecos
829 3976 976 4041 scriptores
995 3972 1071 4031 ἀνθη-
1119 3979 1292 4042 thaglneusls
1307 3977 1503 4043 implorabunt.
1512 3976 1555 4028 De
1564 3975 1626 4026 istis
1637 3973 1708 4024 nihil
1715 3971 1784 4023 libet
1792 3977 1939 4024 statuere:

257 4041 299 4104 petr
317 4041 429 4108 dixisse,
444 4059 597 4111 purpuram
615 4049 674 4100 veri
693 4047 818 4112 luminis,
836 4048 891 4100 hoc
912 4050 953 4098 est
972 4043 1071 4096 coloris
1120 4049 1249 4114 dispiciat
1263 4047 1498 4102 eruditualeotor.

257 4113 421 4165 excellentie
435 4119 463 4167 et
479 4118 679 4180 perfectissime
696 4119 828 4170 florentis.
845 4118 891 4172 Sic
908 4117 991 4170 etiam
1004 4127 1071 4164 auo·
1151 4121 1235 4171 ὒοιιιι
1245 4121 1376 4170 cnsilium
1395 4119 1503 4170 nemim
1511 4116 1595 4166 rostri
1608 4117 1665 4165 desa
1684 4111 1791 4167 Chresti.
1808 4112 1941 4167 Subandl

257 4186 332 4234 tores
344 4184 444 4251 Latini,
458 4189 531 4240 circa
546 4189 679 4254 Cypriani
689 4190 836 4252 saeculum,
848 4188 961 4240 floridos
975 4198 1072 4237 versus
1119 4191 1157 4240 ιιι
1169 4205 1179 4254 ,·
1196 4191 1255 4243 sive
1266 4193 1420 4256 praestetur.

258 4252 364 4318 dixere,
397 4260 543 4323 exquisitis
567 4262 714 4312 sententiis
735 4261 861 4312 nobsses:
889 4263 917 4311 at
939 4260 1072 4321 excerpta
1151 4260 1320 4312 litandorum
1344 4261 1528 4311 miratoriam.
1548 4256 1686 4323 Rigaltius
1709 4254 1748 4308 sit
1763 4269 1803 4305 :a
1825 4255 1876 4307 Sic
1897 4256 1940 4308 le·

256 4324 386 4390 quaedam
401 4328 631 4392 Apuleiiilorlda.
647 4331 816 4383 Etiloridus
830 4331 907 4383 color
924 4327 1072 4394 opponitur
1122 4333 1246 4397 gendum
1286 4333 1460 4385 arbitramur,
1493 4329 1619 4381 Flendus
1655 4331 1736 4379 vocat
1763 4326 1941 4380 contessores

257 4399 375 4448 austero.
392 4397 463 4449 Plin.
475 4399 523 4450 llb.
538 4413 632 4458 xxxv.
648 4415 708 4467 cap.
721 4403 775 4454 6.»
1122 4402 1185 4454 illos
1212 4405 1270 4468 jam
1294 4402 1392 4456 florida
1414 4403 1589 4455 confessione
1612 4399 1789 4463 conspicuos,
1810 4401 1861 4462 qni
1882 4403 1942 4464 jam

288 4467 350 4517 ΜΟ
370 4474 468 4533 istm,
489 4471 652 4536 Giliflssim.
665 4487 683 4524 ⁰
703 4473 833 4524 Domino.
851 4473 892 4524 ΑΟ
909 4471 933 4522 δί
948 4469 1048 4521 dixerit
1063 4465 1109 4537 :D
1121 4476 1185 4527 torti
1201 4473 1331 4539 equuleo,
1346 4475 1405 4526 sira
1424 4471 1537 4538 ungulis
1557 4469 1706 4533 concerpti,
1719 4467 1805 4519 iidem
1824 4467 1941 4522 Christo

257 4537 287 4590 Si
312 4541 477 4604 martyrium
503 4544 621 4596 subieris
645 4550 795 4611 antequam
821 4545 919 4596 litteras
942 4555 1013 4594 meae
1036 4542 1071 4592 ad
1122 4545 1346 4598 constantissime
1372 4545 1565 4604 servaverant,
1603 4539 1728 4604 adeoque
1761 4541 1942 4603 proconsulis

256 4613 284 4661 te
307 4613 492 4676 pervenerint,
507 4615 658 4667 Dominum
680 4629 748 4682 rogo
761 4621 793 4668 ut
810 4616 973 4668 miserarum
990 4625 1072 4664 soro-
1121 4616 1265 4669 arhitrlum
1277 4615 1476 4681 exspectabant
1490 4615 1519 4664 in
1533 4623 1644 4665 carcere
1655 4625 1662 4658 ε
1675 4622 1819 4660 sacrarum
1830 4610 1940 4664 interea

257 4693 319 4731 rum
334 4696 458 4735 mearum
473 4686 646 4738 misereatur.
660 4687 691 4739 sl
705 4702 771 4740 aero
791 4688 891 4739 litteras
909 4698 979 4736 meae
995 4682 1031 4735 ad
1044 4688 1071 4734 te
1121 4688 1287 4739 Litterarum
1305 4688 1489 4740 constantiam
1504 4688 1659 4750 pascentes,
1679 4693 1758 4746 spem
1785 4683 1940 4748 erigentes,

258 4753 353 4803 virum
375 4758 561 4820 pervenerint,
578 4771 741 4822 responsum
757 4757 857 4810 reddas
875 4757 999 4817 obsecro,
1013 4758 1072 4806 ets
1121 4755 1253 4809 fiduciam
1271 4757 1407 4824 figentes:
1424 4757 1518 4808 omnia
1544 4754 1666 4818 denique
1686 4757 1851 4815 tractantes,
1875 4769 1940 4821 quse

257 4823 317 4874 Deo
329 4828 406 4889 petae
420 4830 451 4876 ut
464 4829 517 4878 sim
530 4827 630 4893 dignus
645 4835 673 4882 et
686 4843 737 4896 ego
759 4829 895 4893 coronari,
917 4833 945 4878 et
965 4839 1071 4878 annuas
1120 4828 1301 4891 presentium
1314 4831 1471 4893 temporum
1485 4826 1607 4891 qualitas
1621 4827 1669 4876 ant
1682 4836 1861 4889 praemonere
1878 4839 1941 4876 sua·

258 4893 395 4946 desiderio
407 4911 470 4948 meo
481 4911 531 4964 pro
546 4901 697 4952 sororibus.
1121 4899 1215 4960 debat,
1233 4903 1281 4950 aut
1299 4912 1506 4965 recognoscere.
1525 4896 1568 4949 Ad
1591 4895 1652 4948 hese
1672 4896 1756 4960 igitur
1774 4895 1939 4948 chrmuana

288 4966 321 5016 st
344 4967 400 5018 ideo
422 4975 479 5032 pete
503 4975 533 5020 ut
555 4985 655 5022 annuas
682 4971 811 5024 deudsrio
842 4983 906 5022 meo.
932 4969 1071 5021 Libellum
1119 4971 1231 5037 pietatis
1255 4969 1350 5022 oliicia
1375 4970 1506 5022 iratribus
1524 4981 1621 5020 secum
1644 4967 1762 5017 inclusis
1785 4967 1941 5031 Lucienus,

258 5038 396 5090 concedas
418 5039 557 5093 Numerios
580 5045 608 5093 et
630 5040 854 5107 candidasque
877 5043 961 5106 lapsae
983 5045 1069 5092 erant.
1120 5055 1205 5106 super
1219 5043 1295 5106 ipsos
1310 5042 1401 5094 iactus
1414 5043 1539 5102 antistes,
1551 5041 1737 5104 ipsequoque
1751 5037 1853 5089 iiorida
1874 5055 1940 5092 con·

258 5108 300 5160 De
330 5110 435 5175 origiue
460 5113 562 5165 horum
590 5113 758 5177 libellorum,
789 5117 979 5180 conjecturum
1004 5115 1072 5164 setis
1120 5114 1242 5166 iessione
1256 5114 1407 5178 praeclarus
1421 5110 1604 5172 ministrabat,
1619 5123 1653 5160 ac
1671 5107 1811 5161 desideria
1829 5113 1941 5163 conres-

259 5183 434 5234 commodam
463 5184 616 5249 interponit
645 5185 850 5237 illustrissimus
878 5187 1014 5236 Berenice
1042 5187 1070 5236 iu
1121 5199 1216 5238 sorum
1243 5185 1279 5236 ad
1306 5185 1403 5236 iratres
1434 5183 1483 5248 qul
1515 5183 1584 5232 torte
1610 5182 1638 5232 in
1663 5181 1791 5244 proximo
1819 5181 1940 5234 formam

259 5260 304 5298 an.
318 5249 421 5303 Christi
434 5255 491 5316 ihs,
506 5267 597 5320 parag.
617 5255 649 5307 aa
665 5270 701 5305 :a
720 5255 847 5307 Fluxisse
868 5255 933 5307 inde
946 5268 979 5306 ea
999 5267 1072 5306 con·
1121 5257 1256 5310 Ecclesia
1277 5256 1459 5314 retinuerant,
1480 5251 1677 5319 perscribebat,
1695 5255 1743 5302 aut
1762 5251 1798 5302 ab
1817 5251 1942 5306 domina

258 5319 515 5389 suetudowidetar,
538 5326 612 5391 quod
626 5326 696 5391 lapsi
714 5327 749 5378 ed
770 5327 943 5379 consessores
956 5327 992 5377 ab
1009 5327 1072 5390 epi·
1121 5331 1218 5380 matris
1232 5327 1368 5380 Ecclesia
1388 5325 1524 5379 uberibus
1536 5324 1699 5376 transmissa
1718 5324 1865 5388 refrigeria
1888 5326 1942 5378 dis·

257 5391 350 5455 scopis
371 5406 421 5457 pro
446 5409 514 5460 pace
539 5397 747 5461 consequenda,
758 5399 923 5464 priusquam
942 5397 1071 5450 recoucl-
1120 5399 1262 5468 pausabat.
1279 5413 1295 5446 a

258 5461 394 5514 liarentur
412 5463 556 5528 Ecclesia,
578 5469 771 5530 mitterentur;
795 5472 827 5520 ut
846 5469 881 5520 ab
903 5469 959 5520 illis
981 5469 1071 5534 primo
1155 5473 1251 5525 nactus
1272 5470 1380 5520 nautae
1400 5469 1457 5520 Dei.
1482 5468 1566 5519 Forte
1589 5465 1687 5519 eadem
1713 5469 1807 5518 manta
1831 5481 1893 5533 qna
1913 5471 1942 5520 ln

259 5533 369 5586 reniam
390 5539 525 5601 peterent,
547 5540 576 5588 in
603 5553 674 5605 qnos
695 5541 912 5594 inverecundius
935 5539 1071 5605 deliquis-
1121 5545 1208 5610 Apoc.
1229 5555 1258 5604 v,
1277 5540 1318 5601 lo,
1339 5543 1474 5605 martyres
1497 5538 1632 5590 dicuntur
1656 5551 1728 5600 repes
1742 5541 1767 5587 et
1790 5538 1943 5590 remotes

259 5607 329 5666 seni,
351 5604 417 5655 dum
441 5607 546 5658 fortiter
566 5609 764 5664 confitentibus
783 5612 846 5676 lllts,
860 5613 914 5677 ipsl
934 5612 1072 5678 ignaviter
1122 5617 1181 5667 Dea.
1209 5613 1265 5664 Aut
1284 5610 1481 5676 peculiariter:
1503 5607 1670 5661 Fleeidnrsm
1692 5605 1874 5660 miratoriam
1899 5611 1941 5661 ln·

258 5681 462 5743 pernegassent.
494 5677 592 5745 Magna
625 5687 701 5733 certe
736 5684 873 5748 imprimis
908 5681 1071 5748 hujusmodi
1121 5684 1233 5750 telligit,
1259 5695 1309 5748 qua
1338 5695 1415 5744 saper
1442 5681 1577 5744 martyres
1608 5678 1692 5740 tader
1721 5677 1856 5742 menta,
1887 5679 1942 5732 hoc

259 5761 343 5818 prena
363 5761 424 5804 esse
449 5749 605 5818 videbatur,
624 5753 700 5818 ipsos
722 5755 797 5820 turpi
814 5754 964 5823 negatione
984 5753 1071 5810 ioca·
1123 5757 1166 5810 est
1178 5753 1404 5824 procurationem
1423 5750 1519 5806 abihu
1536 5763 1634 5806 eorum
1657 5763 1751 5804 ιιιιιι.
1764 5747 1822 5804 Sed
1842 5763 1944 5806 serere
