4080 6200
235 257 288 319 aot
613 251 619 263 '
693 251 721 314 S.
742 245 900 314 Cl'Pltlle
918 247 1057 314 orntttlii
1075 255 1162 312 PARS
1181 249 1200 310 l.
1217 284 1252 296 -
1269 246 1452 314 EPISTOLAE.
1862 249 1919 310 264

236 383 386 458 Apostolus
406 380 476 436 dixit
490 397 497 436 :
510 379 574 449 Quis
596 383 763 452 mytrmotur,
776 380 878 453 inquit,
893 387 919 436 ct
931 397 977 449 epo
997 396 1051 436 non
1061 391 1091 464 Α
1101 378 1161 433 vari
1175 378 1310 449 oportet?
1324 378 1404 443 Quod
1419 376 1537 450 qiridem
1554 377 1644 432 nostri
1661 377 1684 412 ⁵⁷
1707 377 1869 450 presbyteri
1888 381 1920 432 et

235 478 382 549 infirmor?
402 477 463 545 qua
483 476 697 539 scandalizatur,
720 479 746 530 et
768 490 814 544 epo
835 490 889 529 non
910 476 1000 529 uror?
1018 473 1053 546 (ll
1103 471 1214 526 diaconi
1239 486 1356 526 monere
1379 470 1547 540 debuerant,
1569 473 1603 526 nt
1623 471 1840 527 commendatas
1862 471 1920 526 sibi

236 572 310 634 Gor„
335 585 372 637 xv,
401 568 457 638 29).
487 570 520 624 Et
546 569 650 624 iterum
682 567 778 640 posuit
799 567 829 622 in
851 567 978 639 Epistola
1002 583 1054 622 sua
1096 567 1170 620 'oves
1189 564 1318 620 foverent
1340 569 1368 619 et
1382 563 1477 618 divino
1492 563 1657 634 magisterio
1671 564 1705 619 ed
1720 565 1794 620 viam
1814 563 1919 636 depre-

236 663 356 720 dicons:
383 663 414 720 st
436 664 542 732 potitur
561 663 710 718 menbrum
730 677 824 727 auam,
849 662 1055 731 compatiuntur
1105 657 1206 712 candae
1233 657 1330 712 salutis
1354 657 1541 714 instruerent.
1562 659 1621 728 Ego
1648 657 1738 728 plebis
1760 659 1865 712 nostrae
1890 659 1921 712 et

237 763 264 812 ct
287 760 381 812 catere
404 756 543 821 membra;
566 759 592 811 et
612 758 637 810 si
658 756 768 810 latetur
789 754 936 810 menbrum
959 769 1053 821 anem,
1104 754 1233 826 quictem
1248 754 1313 810 novi
1328 753 1470 826 pariteret
1480 753 1622 818 timorem,
1634 755 1684 826 qui
1693 755 1885 810 satisfactione
1894 754 1919 788 ⁵⁸

236 851 408 906 collateratur
430 853 456 904 et
483 853 580 904 cetero
609 848 728 904 membro
756 848 776 917 ll
809 846 882 914 Gor„
914 862 962 912 xiv,
997 847 1053 916 io).
1104 847 1154 902 Dei
1167 849 1196 903 et
1208 847 1405 918 deprecatione
1419 846 1579 918 vigilarent,
1593 848 1648 902 uisi
1661 847 1726 903 illos
1745 847 1861 920 quidem
1881 846 1919 902 de

235 942 402 1014 Compatior
415 957 485 1012 ergo
499 947 528 995 et
543 940 680 996 condoleo
687 940 722 996 de
734 938 868 994 fratribus
881 938 1053 1010 nostrisqai,
1104 939 1277 1012 presbyteris
1292 939 1485 1011 gratificantes
1497 940 1686 1012 decepissent.

237 1034 313 1107 lapsi
326 1039 354 1090 et
363 1033 569 1106 persecutionis
583 1032 764 1090 infestatione
783 1032 927 1104 prostrati,
943 1035 1055 1103 partem
1141 1035 1189 1088 lll.
1207 1033 1255 1088 llel
1268 1048 1317 1087 vos
1332 1031 1429 1105 itaque
1444 1033 1571 1104 singulos
1584 1033 1686 1104 regite,
1703 1039 1731 1088 et
1750 1034 1867 1088 consilio
1886 1049 1920 1088 ec

238 1125 1055 1196 nostrorumvisceramsecumtrahentes,paremdolorem
1105 1125 1302 1181 moderatione
1328 1131 1434 1194 vestra,
1464 1126 1620 1181 secundum
1647 1126 1743 1182 divina
1767 1132 1919 1198 praecepte,

239 1221 334 1296 257
365 1221 446 1277 nobis
474 1221 532 1275 suis
555 1219 720 1274 vtrlneribus
744 1219 920 1287 intuleruut;
950 1218 1055 1290 quibas
1105 1219 1247 1291 lapsorum
1272 1217 1383 1274 animos
1406 1223 1572 1290 temperate.
1588 1220 1678 1274 Nemo
1699 1219 1793 1274 adhinc
1814 1220 1921 1292 impor-

237 1319 343 1388 poteus
371 1317 414 1370 est
444 1312 542 1369 divina
574 1311 770 1367 misericordia
799 1311 944 1367 medelam
977 1312 1054 1366 dere.
1104 1317 1174 1367 tuno
1187 1316 1319 1383 tempore
1334 1311 1436 1367 acerba
1448 1327 1534 1384 poma
1552 1312 1694 1384 decerpat.
1707 1313 1795 1369 Nemo
1816 1329 1922 1368 navem

130 1408 133 1418 '
238 1407 458 1480 Propemodum
494 1412 591 1461 tamen
617 1421 675 1460 non
709 1409 778 1476 puto
805 1405 840 1472 ⁸³,
865 1420 917 1460 nec
945 1404 1055 1460 incaute
1105 1422 1185 1461 suam
1200 1408 1359 1477 quassatam
1373 1410 1400 1460 et
1414 1406 1585 1476 perforatam
1597 1405 1738 1474 fluctibus,
1753 1405 1923 1478 priusquam

238 1501 345 1573 aliquid
362 1504 391 1555 et
410 1499 577 1556 festinanter
597 1498 767 1570 gerendum,
789 1513 837 1566 ne,
858 1497 926 1552 dom
946 1502 1056 1554 minere
1105 1499 1260 1570 diligenter
1274 1497 1371 1571 258
1385 1499 1562 1568 reiecerit,in
1577 1499 1667 1554 altum
1682 1501 1776 1555 denuo
1789 1499 1923 1555 commit·

240 1611 296 1666 pax
328 1598 480 1664 usurpatur
510 1592 544 1658 ⁵⁸,
577 1591 684 1647 divine
713 1589 921 1662 indignationis
951 1590 1056 1646 oflensa
1106 1595 1158 1647 tat.
1187 1593 1274 1647 Nemo
1299 1592 1424 1648 tunicam
1448 1593 1563 1648 scissam
1588 1593 1717 1664 decipere
1741 1596 1770 1649 et
1799 1593 1924 1648 induere

239 1686 354 1760 gravius
376 1690 556 1757 provocetur.
582 1685 721 1741 Fecerant
746 1684 782 1739 ad
809 1701 861 1740 nos
884 1684 1054 1757 quibasdam
1105 1689 1242 1758 properet
1265 1685 1331 1758 (ti),
1357 1685 1412 1740 nisi
1431 1699 1492 1740 eam
1513 1685 1550 1742 ab
1573 1686 1681 1742 artifice
1696 1687 1790 1758 perito
1811 1689 1924 1741 sartam

239 1780 317 1837 beati
331 1784 470 1852 martyres
482 1779 602 1846 litteras,
617 1780 748 1850 petentes
766 1778 924 1834 examinari
946 1755 1207 1835 deside-Briderit
1234 1783 1262 1834 et
1291 1795 1308 1833 a
1328 1778 1436 1834 fullone
1462 1782 1588 1834 curvatam
1612 1780 1761 1851 receperit.
1787 1780 1925 1848 lividiant,

238 1873 284 1930 ria
305 1889 365 1929 sua.
381 1873 463 1942 Cum,
479 1887 550 1944 pace
566 1871 647 1927 nobis
660 1871 824 1928 omnibuse
840 1871 960 1928 Domino
976 1871 1054 1944 priua
1103 1888 1213 1946 queso,
1227 1871 1370 1944 patienter
1383 1873 1534 1930 consilinm
1548 1878 1677 1929 nostrum
1691 1874 1736 1941 ¹⁸3
1758 1876 1927 1946 exspectent

239 1966 315 2036 data,
343 1966 382 2023 ad
407 1965 563 2022 Ecclesiam
589 1965 702 2037 regredi
730 1965 908 2036 coeperimus,
934 1971 1003 2021 tune
1028 1966 1052 2002 ⁵⁵
1105 1965 1312 2038 regressionem
1335 1970 1472 2033 nostram,
1499 1971 1539 2033 ut,
1563 1981 1627 2022 cum
1660 1965 1698 2022 ad
1724 1983 1772 2022 ros
1796 1981 1850 2038 per
1872 1966 1926 2021 Dei

243 2059 485 2117 examinabuntur
505 2059 616 2132 singule
644 2059 830 2130 presentibus
854 2063 883 2115 et
901 2059 1055 2132 judicanti·
1105 2059 1329 2116 misericordiam
1362 2059 1549 2129 venerimus,
1586 2060 1731 2116 convocati
1763 2059 1928 2132 coepiscopi

239 2153 293 2210 hus
306 2154 393 2210 vobis.
1105 2154 1211 2226 plures,
1226 2151 1385 2208 secuudum
1399 2151 1517 2207 Domini
1528 2151 1707 2224 disciplinam
1721 2157 1751 2208 et
1764 2152 1927 2208 confessae·

277 2249 309 2305 ll.
332 2247 423 2305 Audio
448 2248 544 2303 minen
572 2247 712 2320 quosdam
740 2246 774 2302 de
798 2246 979 2319 presbyteris,
1003 2261 1057 2302 uec
1106 2247 1367 2320 rumproesentiam
1387 2252 1416 2303 et
1432 2251 1557 2302 vestram
1575 2261 1689 2318 quoque
1708 2245 1882 2302 sententiam
1899 2245 1927 2281 ⁶⁰

242 2339 390 2414 Evangelii
418 2356 572 2407 memores,
598 2355 652 2396 nec
679 2340 746 2412 quid
771 2338 808 2394 ad
839 2355 890 2395 nos
920 2345 1058 2413 martyres
1108 2341 1181 2413 (Ὦ),
1215 2341 1364 2396 beatorum
1397 2345 1556 2412 martyrum
1587 2339 1694 2395 litteras
1723 2342 1753 2395 et
1783 2339 1927 2396 desideria

242 2434 409 2508 scripserint
420 2434 588 2507 cogitantes,
602 2449 655 2490 nec
667 2433 798 2506 episcopo
813 2433 954 2490 honorem
967 2450 1059 2490 sacer
1109 2435 1276 2490 examinare
1296 2434 1448 2506 possimus.
1469 2435 1509 2489 De
1530 2433 1585 2489 boo
1602 2436 1631 2488 et
1650 2433 1685 2488 ad
1706 2433 1813 2489 clerum
1836 2437 1864 2488 et
1886 2433 1928 2488 ad

244 2529 314 2585 dotii
327 2529 370 2585 sui
397 2533 425 2584 et
443 2527 587 2584 cathedra
608 2532 797 2598 reservantes,
809 2527 871 2598 jam
889 2543 955 2583 cum
976 2527 1060 2599 lapsis
1109 2531 1252 2601 martyres
1265 2532 1294 2584 et
1305 2528 1477 2584 confessores
1495 2527 1601 2583 litteras
1620 2527 1927 2599 recipientesque

244 2622 458 2679 communicare
477 2621 594 2694 caepisse
608 2624 637 2676 et
652 2621 755 2676 offerre
769 2636 822 2692 pro
835 2620 891 2675 illia
909 2625 938 2676 et
955 2621 1061 2676 Eucha·
1109 2623 1167 2694 legi
1183 2622 1263 2677 vobis
1275 2621 1420 2678 mandavi.
1431 2621 1503 2692 Opto
1515 2637 1575 2691 voa,
1591 2621 1692 2676 iratres
1712 2619 1868 2676 charissimi
1891 2635 1929 2676 ac

242 2715 355 2772 ristiam
369 2715 448 2786 dare,
464 2713 580 2788 quando
593 2716 723 2786 oporteat
741 2713 778 2768 ad
790 2714 851 2770 hec
863 2729 916 2786 per
929 2715 1061 2770 ordinem
1110 2714 1376 2783 desiderantissimi,
1389 2715 1418 2769 in
1434 2714 1552 2770 Domino
1568 2729 1681 2786 semper
1694 2714 1768 2770 bene
1781 2714 1876 2769 valere
1896 2716 1930 2769 et

242 2808 400 2882 perveniri.
429 2809 510 2878 Nam,
535 2823 600 2863 cum
629 2807 660 2862 in
683 2807 844 2864 minoribns
866 2807 976 2864 delictis
996 2824 1061 2880 que
1110 2808 1199 2865 nostri
1214 2808 1391 2864 meminisse.
1405 2809 1509 2864 valete.

242 2917 301 2958 non
327 2901 358 2957 in
384 2903 474 2958 Deum
499 2899 741 2970 committuntur,
768 2900 936 2973 poenitentia
960 2906 1063 2974 agatur
1362 2938 1524 2997 EPISTOLA
1542 2939 1589 2996 ΧΠ
1609 2939 1676 3012 (2³).

238 2997 318 3068 justo
342 2999 483 3068 tempora,
506 2999 534 3050 et
556 2994 763 3067 exomolegesis
785 2995 836 3051 liat
859 2994 985 3067 inspecta
1005 2995 1064 3050 vita
1113 3040 1235 3104 (ΕΜ,
1250 3043 1344 3106 ffl'm
1359 3040 1931 3107 namsi.,xr11;Rigalt.,l³alua·‚l’arie·.¹113

242 3090 305 3162 ejas
325 3089 373 3162 qui
395 3089 457 3162 agit
475 3087 684 3162 poenitentiam,
698 3105 749 3145 nec
767 3089 803 3145 ad
819 3089 1094 3192 communicatio-C
1374 3113 1468 3174 0¹02,
1481 3113 1558 3176 Lim„
1568 3113 1653 3176 „my

241 3185 419 3241 namvenire
433 3180 598 3255 (1¹¹i5l2082it
613 3182 759 3254 ὓίθῑΡΓῑΰθ
775 3183 816 3238 illi
831 3183 1016 3255 abepiscopo
1030 3187 1058 3239 θ*
1088 3195 1090 3200 ’
1108 3214 1142 3256 an
1168 3213 1284 3268 asanaa,
1311 3213 1345 3254 on
1372 3214 1462 3256 narsis
1490 3215 1522 3254 rr
1547 3211 1763 3268 carneaoaams,
1783 3213 1819 3254 aa
1845 3213 1931 3255 vieni

242 3277 319 3332 clero
346 3292 448 3334 manus
471 3275 559 3332 fuerit
584 3275 740 3346 imposita,
767 3279 875 3348 quanto
907 3277 1000 3348 magis
1029 3276 1058 3330 in
1459 3295 1572 3336 asanaa.

242 3369 288 3424 his
301 3369 325 3404 ⁵⁸
347 3369 520 3441 gravissimis
540 3376 569 3428 et
588 3367 723 3426 extremis
742 3369 853 3424 delictis
866 3372 946 3426 caute
962 3369 1059 3426 omnia
1109 3375 1297 3428 Aacuaavroa
1328 3373 1410 3441 nujus
1449 3375 1532 3428 etiam
1569 3378 1596 3428 ct
1634 3375 1768 3442 sequentis
1807 3373 1932 3444 epistola

244 3464 273 3518 et
287 3463 443 3531 moderate,
458 3464 615 3520 secundum
627 3461 807 3534 disciplinam
822 3462 945 3531 Domini,
959 3463 1058 3518 obser·
1145 3462 1225 3517 dobes
1254 3463 1343 3529 infra,
1370 3463 1447 3532 epist.
1473 3463 1527 3516 it:
1554 3481 1567 3511 a
1592 3461 1764 3517 Postmodum
1790 3477 1852 3517 uero
1879 3464 1929 3516 in-

933 3612 1038 3678 Varie
1066 3611 1236 3677 lectiones.

279 3745 300 3782 ⁵³
316 3745 509 3811 properamus,
524 3743 591 3797 dum
606 3749 699 3797 eman
714 3755 773 3796 non
787 3747 882 3808 putem
897 3741 967 3795 tam.
980 3743 1057 3795 litor.
1073 3743 1127 3794 NG.
1138 3743 1160 3793 2.
1208 3743 1228 3777 ⁵⁴
1242 3743 1283 3794 Ne
1299 3743 1322 3792 ai
1337 3745 1439 3795 temere
1459 3757 1513 3806 pax
1538 3747 1688 3808 usurpetur
1706 3744 1752 3793 Ar.
1767 3744 1836 3793 fam.
1849 3742 1931 3793 libor.

243 3817 393 3872 noerae.
415 3817 439 3868 D.
487 3816 598 3868 ⁵⁵'l'une
614 3818 702 3866 omisit
723 3829 755 3866 aa
770 3815 937 3866 devellit.
952 3816 975 3865 l.
1018 3813 1111 3866 “Hoc
1128 3816 1218 3878 majus
1231 3813 1260 3864 tn
1274 3813 1318 3862 bis
1330 3813 1399 3862 tam.
1417 3812 1494 3863 litor.
1510 3813 1564 3863 ΝΟ.
1586 3815 1608 3864 l.
1624 3812 1685 3863 flod.
1703 3813 1726 3874 t,
1742 3813 1765 3863 Ξ.
1810 3811 1831 3846 ⁵⁷
1844 3812 1933 3875 Quod

247 3887 361 3952 quidem
374 3891 485 3938 nostros
498 3887 545 3938 Ar.
559 3887 632 3936 tom.
645 3885 710 3936 Dod.
722 3884 777 3936 NG.
792 3886 815 3935 t.
830 3883 905 3935 dher.
954 3885 975 3920 ⁵⁸
988 3885 1129 3936 Timorem
1151 3884 1179 3934 ln
1201 3883 1399 3946 satisfactione,
1418 3884 1464 3933 Ar.
1481 3885 1552 3934 Lam.
1567 3883 1629 3933 Ded.
1650 3883 1674 3934 t.
1690 3881 1715 3932 t.
1731 3880 1807 3932 litor.
1832 3883 1889 3932 Nc.
1905 3885 1931 3934 f.

247 3959 269 3992 ¹⁹
279 3957 434 4011 Consilium
447 3971 542 4010 meum
557 3959 627 4008 Lam.
642 3955 720 4008 libor.
730 3955 785 4007 NG.
799 3954 823 4005 t.
870 3955 891 3989 ⁸²
906 3954 953 4006 Sic
966 3955 1028 4005 ltod.
1047 3954 1071 4005 i.

886 4064 997 4148 Steph.
1028 4065 1153 4130 Balanii
1179 4068 1278 4128 notre.

276 4217 326 4285 tei)
341 4219 473 4284 Properat.
493 4221 534 4271 lta
551 4219 692 4272 Manutius
703 4223 731 4272 et
744 4222 791 4272 alli
803 4223 865 4286 post
877 4231 952 4272 eum.
968 4221 1059 4286 Supe-
1109 4219 1212 4272 debere
1226 4217 1345 4285 intelligi
1357 4219 1392 4271 de
1407 4219 1528 4270 concilio
1542 4217 1616 4283 apud
1627 4217 1751 4283 Capuam
1764 4216 1932 4282 Campaniae

241 4290 329 4346 riores
343 4291 700 4358 editioneababentpotsst.
1109 4289 1205 4340 habito
1231 4290 1259 4340 in
1286 4303 1371 4340 eausa
1394 4289 1522 4342 ecclesia
1548 4290 1730 4341 Antiocheam
1763 4294 1792 4340 et
1825 4289 1932 4340 Donosi

274 4364 324 4429 (ti)
337 4363 370 4414 lit
393 4366 509 4414 uestram
531 4375 636 4428 piloque
658 4365 825 4416 sententiam.
849 4365 910 4417 Hoe
929 4378 1058 4431 segmen·
1109 4361 1232 4425 episcopi
1257 4359 1417 4412 Macedonis
1450 4361 1577 4426 negantis
1615 4361 1803 4426 virginitatem
1830 4360 1931 4411 Matris

243 4439 313 4496 tum,
327 4433 403 4498 qnod
416 4437 505 4484 exstat
517 4435 546 4484 in
561 4435 730 4486 aditionibus
750 4435 866 4486 llanutil
888 4442 916 4487 et
933 4435 1058 4497 Morellii,
1110 4432 1231 4494 Domini,
1246 4431 1296 4484 aed
1316 4431 1351 4483 de
1374 4431 1495 4496 quadam
1518 4432 1642 4496 plenaria
1662 4430 1770 4495 synodo
1796 4431 1932 4482 Africana

243 4505 321 4572 quod
342 4517 393 4554 nos
413 4504 495 4555 etiam
517 4505 670 4569 reperimus
695 4507 725 4557 in
746 4509 865 4571 quatmr
891 4508 968 4560 libris
984 4481 1203 4558 anti-Dhabita
1229 4502 1302 4567 apud
1332 4501 1462 4566 Capuam.
1494 4503 1575 4554 lieno
1613 4503 1800 4566 conjecturam
1829 4503 1933 4566 juvare

242 4577 316 4643 quis,
343 4576 464 4627 retinere
490 4577 602 4640 placuit.
623 4577 762 4628 Pamelius
785 4580 930 4642 expunxit,
954 4578 1059 4643 profes·
1110 4577 1201 4638 potest
1225 4575 1410 4638 fragmentum
1429 4575 1528 4625 veteris
1547 4571 1651 4624 codicia
1673 4585 1725 4623 ms.
1750 4571 1932 4626 bibliothecas

242 4661 292 4698 aus
317 4661 347 4698 se
371 4647 408 4696 ita
435 4647 527 4698 fecere
547 4647 613 4712 quia
638 4648 764 4712 nuspiam
791 4649 865 4712 apud
889 4649 1059 4714 cyprianum
1110 4643 1277 4707 Bodleianae,
1294 4645 1321 4695 iu
1336 4645 1534 4710 qaoscriptum
1549 4649 1592 4696 est
1610 4647 1739 4696 sanctum
1754 4643 1931 4709 Cyprianum

242 4719 352 4769 tantrnn
378 4717 548 4768 auctoritatis
574 4718 647 4782 plebi
680 4718 816 4770 tributum
851 4720 1004 4784 reperiebat
1029 4723 1061 4770 ut
1110 4727 1160 4779 per
1170 4716 1302 4780 epistolas
1318 4716 1458 4766 hortatum
1471 4729 1532 4768 esse
1547 4717 1733 4780 augistinum
1754 4717 1782 4765 et
1796 4713 1931 4766 Felicita-

242 4789 410 4840 sententiam
426 4788 737 4854 illidicerepermittat.
755 4791 784 4840 ln
804 4804 860 4856 quo
881 4792 982 4842 falsum
999 4803 1061 4842 esse
1111 4789 1182 4847 tem,
1212 4787 1259 4850 qui
1289 4788 1362 4851 passi
1395 4793 1460 4838 sunt
1483 4786 1558 4851 apud
1586 4787 1726 4837 civitatem
1753 4785 1932 4851 Capuensem

243 4860 499 4924 Pamaltnmliquet
520 4873 555 4912 ex
575 4858 697 4925 hisquae
717 4860 875 4912 dictasunt
896 4863 978 4927 paulo
997 4866 1062 4914 ante
1111 4859 1285 4922 metropolim
1323 4857 1490 4922 Campaniae.
1530 4857 1593 4921 Quo
1626 4859 1688 4910 loco
1723 4859 1934 4910 illustrissimus

243 4934 272 4981 et
300 4944 334 4982 ex
362 4930 490 4994 pluribus
514 4932 577 4982 aliis
600 4931 670 4983 locis
692 4933 782 4984 sancti
812 4935 949 4998 martyria.
978 4933 1062 4986 Miror
1112 4929 1259 4993 episcopus
1281 4930 1457 4991 oxoniensis,
1478 4930 1526 4996 qui
1549 4931 1734 4996 fragmentum
1755 4929 1825 4980 illud
1842 4928 1934 4981 edidit

244 5005 336 5052 nutem
360 5001 511 5066 Rigaltium
535 5003 663 5054 omisisse
683 5003 738 5055 boc
759 5007 934 5068 segmentum
957 5017 986 5054 vn
1010 5017 1061 5056 sue
1112 5013 1177 5053 cum
1203 5001 1332 5064 operibus
1365 5004 1454 5053 sancti
1487 5001 1629 5066 Cypriani,
1667 5001 1826 5065 suspicatur
1865 4997 1935 5050 hese

245 5069 374 5121 editione.
391 5071 476 5122 Miror
487 5073 571 5123 etiam
592 5074 709 5137 Anglos,
739 5076 787 5138 qui
804 5075 874 5126 illud
897 5077 1062 5126 invenerant
1112 5071 1211 5134 verba,
1235 5072 1399 5136 metropolim
1429 5072 1598 5138 Campania,
1623 5083 1683 5124 ease
1707 5071 1932 5122 additamentum

244 5141 274 5190 in
291 5141 513 5202 suiscodiclbus‚
535 5143 604 5193 illud
630 5144 814 5207 nihilominus
834 5147 969 5198 omisisse.
991 5147 1061 5198 Puto
1112 5142 1225 5206 librarii,
1245 5144 1291 5194 oui
1313 5145 1403 5194 notior
1421 5148 1480 5195 erat
1500 5143 1577 5195 ltalia
1597 5155 1682 5208 quam
1703 5142 1804 5194 Africa.
1827 5140 1936 5192 fixisti·

244 5215 339 5262 autem
366 5212 428 5262 illos
456 5213 583 5264 omisisse
611 5215 676 5279 quia
698 5215 921 5268 incommodabat
944 5230 1063 5269 censura
1112 5215 1207 5266 mahat
1220 5215 1304 5279 igitur
1322 5214 1500 5266 doctissimus
1521 5215 1670 5279 episcopus
1688 5214 1774 5264 ltriaae
1791 5213 1820 5262 in
1836 5208 1936 5264 Africa

244 5294 330 5347 quam
371 5283 424 5346 ipsi
457 5283 633 5347 protulerunt
666 5283 801 5338 adversus
838 5288 1062 5340 observationem
1112 5286 1254 5338 civitatem
1268 5283 1453 5348 Capuenaam.
1471 5286 1564 5338 Recte.
1585 5285 1654 5336 Nam
1675 5285 1721 5335 le
1742 5283 1848 5348 opinari
1863 5281 1937 5334 lieet

244 5351 357 5417 Rigaltii
374 5351 408 5404 de
423 5351 555 5418 suffragio
569 5354 658 5420 plebis
679 5357 709 5405 in
723 5357 837 5421 judiciis
856 5360 1061 5411 ecclesiasticis.
1113 5354 1253 5421 synodum
1269 5356 1421 5421 plenariam
1435 5359 1517 5422 cujus
1530 5357 1658 5408 meminit
1669 5369 1760 5407 canon
1780 5353 1936 5406 Africam

246 5423 744 5489 Omiasumquoqueestineditione
759 5426 911 5480 lieinharti.
1116 5425 1181 5478 alibi
1205 5427 1328 5478 babilam
1353 5428 1439 5480 fuisse
1469 5443 1553 5494 quam
1573 5429 1601 5479 tn
1624 5427 1719 5479 Africa
1755 5426 1808 5478 Ubi
1836 5431 1937 5477 autem

274 5495 323 5558 (23)
346 5495 377 5544 ln
400 5496 485 5546 aeteri
504 5495 601 5547 codice
621 5509 671 5547 ms.
694 5500 853 5551 monasterii
877 5503 965 5552 sancti
981 5501 1063 5568 Eligit
1113 5499 1167 5550 alta
1183 5499 1267 5550 fuerit
1292 5499 1354 5551 haec
1379 5499 1474 5565 Capua
1497 5501 1609 5565 Almam,
1632 5500 1656 5550 si
1675 5503 1767 5550 tamon
1789 5495 1847 5548 ulla
1866 5497 1935 5560 fuit,

245 5565 436 5618 arrabatensis
448 5565 511 5616 hmo
525 5565 641 5630 epistola
656 5567 758 5620 dicitur
780 5571 882 5636 scripta
902 5571 938 5623 ad
957 5572 1064 5624 clerum
1113 5569 1228 5621 difficile
1247 5572 1391 5634 exploratu
1417 5576 1467 5624 ast.
1481 5571 1571 5638 Capsa
1583 5585 1648 5624 vero
1665 5574 1725 5622 erat
1745 5571 1774 5620 in
1788 5568 1938 5633 provincia

246 5636 359 5702 Capuae.
375 5635 445 5700 Qum
458 5635 541 5688 lectio
553 5637 676 5689 fortassis
691 5637 769 5692 daret
779 5654 874 5693 ausam
886 5642 1063 5694 existimandi
1114 5641 1268 5704 Byzacena.
1282 5642 1352 5693 Vide
1366 5642 1503 5695 domnam
1516 5644 1675 5695 'l'rtstanum
1687 5656 1703 5693 a
1715 5643 1813 5694 sancto
1825 5642 1938 5692 Aman-

247 5719 384 5760 oanonem
402 5706 442 5771 48,
467 5704 573 5758 codicis
600 5720 741 5759 canonum
764 5709 890 5764 ecclesie
915 5713 1064 5776 Africana,
1114 5711 1154 5764 tio
1171 5713 1200 5764 ln
1216 5717 1290 5765 tomo
1305 5713 1330 5764 11
1350 5712 1620 5768 Commentariorum
1634 5726 1834 5783 suorum,pag.
1849 5726 1901 5768 ax.

247 5778 276 5834 tn
303 5791 360 5846 quo
383 5778 474 5846 agitur
496 5775 531 5829 de
552 5776 677 5845 plenaria
702 5781 809 5848 synodo
833 5781 982 5850 Capuensi,
1008 5797 1065 5836 uon
