4172 6186
234 175 301 236 iser
322 143 323 148 ‘
547 185 551 202 ·
849 181 936 244 noir.
956 184 1056 248 oroi.
1075 185 1185 256 sors.
1848 203 1918 264 liei

229 303 352 354 uitiosae
378 301 538 370 Τραλλιανσῦ,
561 301 761 364 trimestres<
788 307 888 360 trustes
915 311 1047 379 Κοδρᾶτον.
1099 324 1201 374 centes.
1231 321 1342 388 »Qus
1370 321 1494 376 extorres
1519 322 1549 376 ln
1578 321 1669 378 altena
1692 325 1840 392 provincia
1868 328 1922 382 de·

232 379 341 504 Qutiebzitis
367 379 460 432 verbis
480 378 552 432 nihil
576 379 766 445 consignatius
786 382 841 436 diet
860 387 908 436 aut
933 389 1049 454 eogitari
1098 393 1247 458 liquerant,
1272 393 1399 458 potuitne
1434 395 1538 448 Africae
1566 398 1718 462 proconsul
1746 398 1920 465 Carthagine

232 463 268 516 1)ο
326 487 332 501 ·
1098 466 1219 530 punire‘i

508 570 683 625 cereo
1128 535 1609 590 ‘’⁰’‘

265 679 373 730 breite
395 679 619 744 nostrapertulit
645 679 808 731 dimicamus.
833 680 971 748 rigaltius
998 686 1047 748 ait,
1129 677 1228 730 Secuto
1265 681 1520 730 rmaaiuoeramai.
1552 681 1615 732 Non
1649 686 1784 747 operest
1812 681 1849 735 de
1877 696 1922 734 so

232 751 312 816 Quod
326 752 564 816 auctoriatclir'pi't
588 753 671 803 etiem
694 756 828 813 stoream,
842 758 874 804 ut
888 767 971 820 supro
986 771 1047 822 pag.
1098 749 1185 801 lemni
1221 751 1476 802 obrenuntiationis
1507 752 1636 814 formula,
1670 755 1813 818 perpetuis
1849 758 1922 805 tem-

232 825 278 875 ist
306 839 312 874 :
336 839 351 872 s
372 822 534 887 Disciplinae
558 828 587 874 et
613 824 678 874 ritae
700 825 754 888 ipsi
772 826 896 876 omniurn
923 832 1049 879 nestrum
1098 821 1212 887 poribus
1228 823 1256 873 in
1283 823 1411 875 Ecclesia
1437 827 1582 890 usurpata,
1606 823 1704 876 eadem
1730 825 1836 890 saepius
1857 839 1920 876 nio·

230 897 397 946 convenil.»
413 894 467 946 Sed
491 895 579 956 magis
592 893 705 945 obvium
728 895 803 960 qued
823 897 905 946 morli
920 897 1046 962 quetidie
1098 909 1173 947 nore.

231 966 397 1031 objicimur;
423 964 498 1016 nude
532 965 722 1016 Tertullianus
754 965 802 1016 lib.
830 967 862 1018 tia
890 968 1047 1031 Spectaculis
1128 967 1157 1018 fa
1179 967 1494 1032 moribusdiseiptiaam.
1510 969 1648 1034 Rigaltius
1665 971 1727 1020 ait:
1751 970 1920 1022 «posthaec

230 1040 329 1104 capt,
352 1037 498 1102 expeditum
520 1038 601 1086 morti
622 1049 710 1100 penui,
730 1041 804 1088 uocet
830 1039 1048 1092 christinianum
1097 1038 1196 1100 verbs,
1218 1040 1247 1088 in
1274 1039 1372 1091 codice
1400 1040 1531 1092 ilamensi
1568 1041 1702 1106 leguntur
1733 1042 1787 1092 ista
1813 1055 1819 1090 :
1843 1059 1859 1092 s
1883 1043 1920 1092 Et

174 1107 178 1114 ‘
229 1111 254 1159 ai·
279 1109 344 1174 quid
358 1111 543 1171 insuperatam
556 1110 602 1156 eat
615 1107 696 1168 {etate
709 1111 873 1174 coitieperm,
886 1109 1048 1164 Christianos
1097 1123 1268 1175 quemquern
1280 1111 1354 1162 clero
1379 1115 1485 1170 nestro,
1497 1114 1526 1162 et
1546 1125 1637 1176 nuper
1651 1125 1716 1163 euin
1736 1111 1832 1163 adbuc
1842 1123 1920 1163 esse-

230 1182 322 1230 stetim
334 1179 368 1229 ed
381 1178 484 1229 leonem.
499 1178 584 1240 idem,
598 1179 732 1242 irrepet.
752 1193 776 1230 c.
790 1180 830 1231 to.
1095 1182 1132 1231 tis
1158 1181 1313 1233 incarcere
1337 1183 1493 1242 constituti,
1515 1182 1565 1233 sed
1589 1194 1667 1233 nunc
1686 1195 1800 1249 quoque
1822 1183 1918 1234 denuo

263 1251 339 1302 Fides
362 1255 385 1300 et
414 1250 538 1299 natiuitee
556 1253 668 1313 compta.
685 1250 821 1316 Rigaltius
838 1253 876 1302 ait
890 1265 897 1301 ε
913 1255 1048 1317 «Accep-
1097 1250 1257 1315 plenissime
1276 1252 1446 1317 scripserim,
1460 1255 1491 1304 ut
1515 1253 1538 1304 sl
1564 1253 1632 1318 quid
1655 1253 1701 1304 vel
1724 1254 1761 1303 ad
1783 1255 1919 1304 vestitum

231 1325 288 1374 tam
311 1321 404 1381 fldem,
439 1320 520 1381 dieii,
548 1323 577 1370 et
604 1325 747 1385 acceptam
775 1323 960 1385 nativitatem,
991 1337 1041 1388 pre
1096 1325 1230 1381 vestrum,
1248 1323 1294 1374 rei
1322 1321 1357 1373 ed
1377 1324 1492 1385 vicium,
1518 1325 1710 1376 necessarium
1733 1324 1827 1385 tuerit,
1852 1338 1919 1389 sng-

232 1395 359 1455 suseepta
386 1390 443 1441 fide
473 1389 639 1452 Christiana,
653 1396 682 1442 et
706 1396 836 1456 suscepte
870 1392 1044 1457 baptissime.
1096 1396 1206 1456 geratur
1222 1409 1227 1440 ι
1243 1397 1337 1444 tamea
1368 1395 1452 1445 etiem
1472 1395 1531 1460 ipse
1548 1393 1582 1445 de
1595 1394 1771 1459 sumpticulis
1789 1397 1914 1459 propriis

233 1461 319 1514 Sicet
332 1461 465 1512 emissum
488 1460 656 1524 baptismum
688 1460 760 1511 dixit
793 1462 981 1514 Tertullianus
996 1463 1044 1514 lib.
1097 1479 1167 1530 quos
1183 1478 1295 1518 mecum
1319 1467 1453 1526 ferebam,
1474 1468 1538 1518 misi
1563 1467 1792 1525 vobiscumet
1820 1473 1849 1520 et
1862 1468 1919 1520 alla

231 1533 264 1583 de
293 1533 367 1596 lieet.
395 1535 422 1583 et
452 1531 481 1582 in
495 1531 617 1596 antiquis
651 1532 878 1596 inscriptionibus
901 1532 936 1584 de
959 1535 1046 1586 saeris
1096 1547 1161 1599 ceu,
1176 1537 1301 1601 proxime
1328 1539 1467 1590 miseram.
1498 1538 1595 1590 Victor
1621 1551 1734 1604 queque
1758 1537 1920 1589 exlectore

229 1615 338 1668 magnae
364 1602 481 1652 Matris:
505 1600 705 1653 Taurobellum
732 1603 841 1666 aceepit
864 1607 893 1654 et
911 1606 1045 1669 percepit,
1096 1607 1416 1674 diaconosqutmeeum
1437 1614 1489 1666 est,
1517 1610 1595 1662 misit
1616 1609 1696 1660 vobis
1717 1607 1921 1662 enxxv.Gau·

231 1677 259 1726 et
271 1673 538 1736 tauroboliumfecit,
551 1677 579 1724 et
590 1673 692 1724 alicubi
707 1674 799 1736 etiam,
816 1674 985 1726 teuretoittas
998 1678 1045 1726 eit.
1056 1695 1085 1768 B
1098 1679 1150 1731 dee
1171 1683 1264 1732 autem
1287 1679 1399 1746 quande
1416 1693 1554 1745 <regnosco
1579 1681 1715 1746 plurimos
1735 1681 1836 1730 irrues
1852 1693 1922 1730 nes·

232 1745 474 1808 Quemadmodum
510 1749 603 1796 eutem
629 1746 757 1809 accipere
783 1758 862 1798 sacre
907 1746 1046 1810 dicebant,
1097 1753 1154 1801 tros
1172 1763 1221 1815 pro
1255 1765 1306 1803 sus
1340 1751 1490 1802 dilectione
1524 1751 1653 1802 certatim
1679 1761 1860 1811 concurrere,
1891 1753 1921 1800 et

231 1818 273 1867 sic
309 1819 337 1866 et
366 1815 489 1868 tradere.
528 1815 645 1881 Lapides
687 1817 812 1881 antiqui.
858 1817 1047 1868 'tradiderunt
1097 1821 1277 1874 necessitates
1309 1825 1416 1873 vestras
1452 1822 1511 1872 suls
1547 1821 1745 1873 collationibus
1774 1821 1919 1886 adjuvare.

230 1887 372 1940 Leontica.
396 1887 580 1938 Tradiderunt
609 1886 750 1939 Ceraeica.
785 1887 970 1939 Tradiderunt
992 1888 1047 1938 Pa·
1098 1891 1170 1957 Opto
1200 1907 1268 1955 vos,
1292 1908 1309 1943 s
1334 1897 1386 1946 etc.
1408 1890 1490 1955 Quod
1518 1893 1675 1944 auctarium
1697 1895 1775 1943 tante
1800 1893 1921 1956 majoris

234 1959 314 2010 trica.
330 1977 344 2005 ι
1097 1975 1157 2015 esse
1170 1964 1251 2029 pretii
1267 1962 1358 2026 debet,
1373 1967 1479 2028 quante
1508 1964 1588 2015 nobis
1606 1965 1729 2028 apertius
1756 1965 1922 2028 exemplum

263 2029 420 2080 Consecutio.
454 2029 603 2094 Baptismu·
633 2028 695 2080 th.
733 2028 782 2080 lib·
809 2038 848 2092 111,
876 2028 913 2080 ud
933 2030 1047 2094 Quiris,
1097 2035 1393 2100 suggerltcectlleee
1420 2035 1564 2086 charitatis
1580 2048 1645 2099 erga
1664 2035 1771 2086 fratres.
1792 2035 1866 2086 Num
1889 2037 1920 2104 in

236 2114 261 2152 c.
276 2099 395 2150 tuetur
1097 2106 1158 2157 allis
1185 2107 1300 2172 quidem
1323 2101 1447 2171 epistolis
1466 2105 1605 2158 habemus
1621 2107 1713 2172 ipsum
1739 2106 1775 2157 de
1805 2108 1920 2171 proprie

264 2171 354 2222 lusoir
376 2170 444 2220 ⁸5⁶⁰!
472 2168 624 2220 firmimita-
652 2170 792 2222 Pemelitffl
819 2167 934 2220 ⁰d¹10lt¹l
962 2168 1045 2234 (tUOd,
1097 2175 1211 2242 quidem
1231 2178 1388 2241 quantitate
1412 2177 1565 2238 liberalem,
1595 2177 1642 2230 bie
1672 2191 1738 2229 vere
1765 2179 1851 2228 etiarn
1883 2177 1919 2228 de

230 2255 282 2292 ooo
309 2241 397 2292 crece
418 2240 510 2304 φαῖνεθε
535 2239 659 2305 ambitur
687 2247 735 2291 est.
768 2243 875 2302 fututor
903 2240 937 2290 ud
969 2242 1048 2304 imfir-
1097 2247 1274 2312 sumpticulis
1298 2249 1366 2310 suis,
1382 2261 1453 2313 ques
1466 2261 1562 2300 secum
1577 2248 1613 2299 ad
1639 2250 1824 2301 necessitates
1849 2259 1918 2298 snas

232 2312 311 2363 rendi
325 2311 438 2368 modum
467 2323 518 2374 que
543 2309 586 2362 iiie
611 2311 758 2376 capuanus
777 2313 873 2372 utitur,
894 2314 920 2361 st
942 2313 1048 2363 tratre·
1097 2319 1209 2370 ferebat.
1235 2317 1272 2370 Ut
1295 2318 1354 2383 tam
1378 2318 1576 2384 intelligamus,
1596 2319 1681 2370 etiam
1702 2319 1737 2371 de
1759 2318 1918 2370 necessaris

233 2384 302 2434 sium
316 2383 342 2432 ia
356 2384 490 2433 commeat.
504 2381 643 2446 delicatus.
1096 2389 1154 2439 suis
1175 2389 1289 2440 fratrum
1310 2389 1492 2441 necessitates
1517 2389 1689 2442 sublevasse.
1722 2389 1834 2440 Etenim
1854 2390 1916 2452 ipse

268 2455 300 2502 iii
318 2453 379 2502 ctum
392 2455 534 2503 retractant
550 2451 582 2502 de
602 2450 830 2518 vebis.iilgaltius
847 2453 885 2503 ait
905 2467 911 2500 :
934 2467 949 2498 «
973 2451 1047 2503 Dum
1097 2458 1150 2509 sibl
1175 2461 1330 2510 necessaria
1356 2460 1515 2524 sumptibus
1554 2462 1613 2512 suis
1637 2461 1819 2526 degravabat.
1847 2459 1918 2510 Via-

233 2524 336 2576 etbnici
364 2524 548 2588 questionem
570 2523 676 2574 babent
696 2524 731 2574 de
752 2522 843 2586 vobis,
868 2523 936 2573 dnm
957 2524 1048 2587 inqui·
1096 2530 1153 2581 ilco
1176 2535 1269 2581 autem
1289 2531 1347 2582 levi
1371 2530 1442 2581 nihil
1462 2533 1589 2596 gravius.
1611 2551 1627 2579 a
1651 2533 1683 2582 ln
1704 2531 1851 2583 codicibus
1871 2535 1919 2580 ta-

233 2600 307 2657 rent,
323 2595 391 2646 dum
424 2595 596 2656 examinant,
619 2594 687 2644 dum
715 2594 914 2658 obloquuntur.
938 2594 1044 2658 Petrus,
1096 2613 1161 2652 men
1184 2615 1255 2667 quos
1280 2601 1374 2654 vidore
1398 2603 1533 2669 contigit,
1561 2602 1625 2656 baso
1649 2615 1790 2668 nusquam
1817 2615 1919 2654 eccur

234 2667 313 2731 epist.
330 2679 348 2728 i,
364 2679 393 2728 ii,
408 2666 433 2714 tv
458 2666 478 2729 ᾧ
504 2663 678 2714 καταλαλοῦσιν
703 2665 780 2729 ὑμῶν.
813 2665 931 2728 Vulgata
945 2665 1046 2724 versio,
1096 2674 1171 2724 runt,

231 2738 393 2787 delectent.
434 2736 540 2856 igionem
576 2741 702 2800 veteres,
743 2738 910 2800 Detrectas,
945 2736 1047 2786 λοιδιιῖν
1360 2761 1540 2816 EPISTOLA
1571 2763 1647 2815 le.

231 2811 367 2860 Deiraelat
388 2809 442 2857 ἀπω
457 2812 487 2858 εἴ.
501 2827 515 2855 s

265 2881 344 2943 Queri
356 2843 387 2930 iis
400 2879 534 2944 mulipm's,
548 2881 586 2938 Ως
599 2879 745 2929 κακοποιῶν.
1127 2872 1230 2922 Limera
1249 2883 1393 2938 possemus.
1421 2869 1557 2935 Rigaltius
1578 2871 1618 2921 ait
1639 2884 1646 2918 ι
1672 2870 1815 2922 «Glossas
1843 2875 1921 2922 rete-

265 2951 391 3016 rreeipai
412 2951 529 3006 nomiari.
550 2951 702 3002 Christiani
728 2948 871 3009 nimirum,
885 2949 944 3002 tao.
967 2962 997 3008 ii,
1021 2952 1045 3013 7,
1096 2953 1140 2994 rus
1156 2957 1163 2992 ι
1182 2941 1280 3000 timet,
1299 2941 1390 3007 pratia,
1405 2943 1491 3024 tierri-¹
1508 2939 1643 3023 f’haedrus
1658 2956 1665 2992 ε
1682 2941 1712 2993 si
1735 2942 1920 3024 mendacium

233 3023 307 3073 καλὸν
319 3022 403 3085 tropa.
1097 3013 1239 3064 subtiliter
1253 3014 1379 3065 limasset
1401 3025 1417 3062 a
1433 3010 1585 3074 radicibus,
1598 3025 1656 3063 nen
1678 3018 1823 3066 evertisset
1853 3027 1920 3066 soe·

266 3093 373 3154 (tricario
401 3093 469 3143 atius
506 3091 589 3141 elicui
621 3091 780 3142 temulentus.
817 3090 956 3156 Rigaltius
978 3092 1017 3141 alt
1040 3057 1445 3165 :Clerefunestedenrums
1588 3154 1594 3166 .
1842 3155 1849 3168 ·

232 3181 248 3214 s
276 3165 380 3217 Omnes
415 3163 534 3214 antehae
575 3162 721 3224 editiones,
753 3162 860 3226 quande
903 3161 971 3213 eiius
997 3162 1048 3212 atr·-
1131 3155 1259 3206 retello.
1282 3153 1504 3216 Pr111³l³1¹d⁸2⁰=
1528 3165 1631 3218 wilm
1653 3153 1920 3219 ¹⁸¹¹d³¹1d⁰·S¹(iui·

233 3238 301 3300 quir,
315 3234 369 3296 vel,
392 3233 496 3298 quaeda
517 3247 584 3284 uuus
597 3232 698 3296 aliquis
726 3232 890 3283 temulentus.
903 3233 1047 3284 Hactenus
1098 3227 1163 3278 dem
1179 3227 1202 3277 ls
1224 3225 1377 3278 notissimas
1396 3224 1577 3285 tortitudinis.
1599 3227 1626 3274 81
1644 3225 1754 3276 eximi&
1772 3224 1921 3278 industrio

230 3306 315 3370 igitur
333 3304 543 3356 mendosissime
567 3305 701 3368 scriptura
723 3305 888 3367 preclarum
913 3303 1046 3368 Cypriani
1097 3299 1126 3348 ln
1151 3296 1235 3349 rebus
1266 3299 1421 3362 martyrum
1442 3295 1627 3361 procurandis
1649 3297 1693 3346 vlr
1711 3296 1811 3355 fueriti
1837 3297 1921 3349 nullo

232 3389 346 3426 sensum
371 3377 502 3439 eorrupit.
533 3374 605 3426 Cum
639 3381 754 3439 quanto,
785 3376 886 3439 inquit,
926 3377 1047 3426 nominis
1097 3368 1218 3432 suspicio
1245 3368 1360 3418 subesse
1389 3369 1506 3431 peterat,
1522 3367 1596 3432 qued
1624 3367 1648 3416 is
1669 3367 1768 3419 timide
1795 3369 1923 3420 consilio

232 3448 319 3498 vestri
342 3445 637 3510 pudoredeiinquitur,
659 3445 884 3510 quandeeliquis
902 3445 937 3496 ab
966 3447 1047 3511 aquis
1097 3439 1289 3503 episcopesuo
1312 3437 1506 3504 suggessisset.
1531 3438 1573 3489 its
1598 3450 1710 3490 omnem
1727 3451 1826 3490 ansam
1842 3442 1922 3492 arri-

232 3517 403 3569 temulentus
424 3521 453 3568 st
470 3517 618 3566 lasciviens
644 3515 823 3568 demoratur?
844 3517 887 3567 Ab
910 3517 998 3582 aquis,
1018 3516 1047 3567 id
1097 3511 1138 3573 pli
1156 3509 1313 3573 Cyprianus
1328 3513 1359 3559 lli
1378 3521 1520 3560 secessum
1538 3521 1621 3559 fluum
1638 3511 1772 3560 lueretur·

237 3592 319 3650 est,n
338 3587 483 3652 baptismo.
504 3587 559 3650 Qui
583 3601 685 3638 nemen
710 3587 820 3640 Cliriste
841 3586 927 3650 dedit,
949 3587 998 3652 qui
1017 3588 1046 3637 in
1129 3579 1238 3660 Discunt
1265 3578 1329 3644 aliid
1346 3579 1486 3662 terendum
1515 3579 1716 3644 scripturarum
1730 3581 1921 3646 mouistm'm

232 3671 334 3710 acmen
350 3657 451 3710 Christi
473 3660 576 3709 tinctus
599 3659 659 3709 slve
677 3657 832 3722 baptizatus
854 3661 904 3720 est,
928 3657 982 3708 bec
1002 3670 1048 3707 se·
1097 3649 1283 3702 Ecclesiastico
1317 3649 1458 3714 disciplina
1499 3649 1631 3714 demerui.
1671 3651 1807 3715 liigaltiue
1845 3653 1920 3704 eit:

236 3733 377 3780 eramento
401 3727 505 3795 obligat
521 3741 582 3780 sese
603 3729 729 3780 futurum
749 3729 893 3780 bominem
921 3728 994 3791 frugi
1014 3740 1047 3778 ae
1098 3737 1113 3768 ⁴¹
1140 3720 1267 3772 inculcat
1294 3720 1370 3784 quod
1393 3721 1451 3783 i'flm
1467 3720 1578 3771 m⁰¹1l¹st
1602 3720 1720 3784 θΡῘθῑθῙῑ
1740 3720 1921 3784 Ρΐθθθᾱθῡῑί,

233 3803 444 3864 temperantem,
486 3799 612 3852 Subinde
631 3801 724 3866 igitur,
752 3801 775 3850 ει
814 3799 992 3860 temulentus,
1024 3799 1048 3848 si
1097 3791 1262 3854 utquiiam
1288 3791 1472 3842 confessionis
1496 3791 1579 3842 titulo
1602 3791 1764 3855 glorientur,
1783 3793 1841 3842 sint
1867 3794 1921 3843 ni-

232 3883 354 3934 nequem
384 3875 505 3934 apparet,
541 3885 674 3936 magnum
709 3869 831 3922 dedecus
861 3873 889 3921 et
915 3868 1048 3934 probrum
1097 3861 1249 3912 hilemlnus
1273 3861 1403 3924 humiles,
1431 3859 1560 3925 modesti,
1590 3863 1687 3927 quieti.
1717 3861 1758 3914 Ne
1782 3862 1922 3944 superbia

233 3941 360 4006 reilgioni
371 3953 431 3993 sue
449 3941 628 4006 christinam
641 3955 706 3994 cum
724 3941 893 3992 temulentus
912 3954 927 3990 e
947 3943 1048 3992 semele
1098 3945 1150 3983 aui
1171 3935 1323 3995 provocent
1349 3932 1497 3983 adversum
1513 3945 1544 3984 aa
1575 3934 1750 3985 ethnicorum
1766 3935 1921 3994 aeviaeui,

239 4011 623 4070 dicatur,temeniumauiem
646 4015 726 4078 equis
743 4012 873 4075 diluatur,
886 4013 936 4062 ieie
954 4015 1048 4062 conire
1098 4007 1232 4067 unquam
1262 4003 1396 4055 adversus
1427 4003 1545 4056 rebelles
1571 4009 1600 4056 et
1618 4010 1807 4066 contumaces,
1823 4007 1854 4054 et
1874 4005 1922 4056 sio

235 4085 364 4132 naturum
395 4082 431 4133 ab
464 4085 544 4148 aquis
570 4085 664 4134 existit
698 4083 876 4146 temulentus,
897 4096 914 4132 a
938 4081 1048 4136 lavacro
1097 4075 1205 4126 nomini
1229 4073 1390 4127 Christiano
1415 4075 1548 4127 insidiam
1569 4077 1681 4128 fociant.
1710 4075 1791 4128 Curae
1816 4081 1920 4129 aulem

239 4152 363 4203 lascivus
382 4157 411 4203 et
433 4155 530 4217 turpis.
560 4152 740 4204 Renuntiavlt
761 4151 881 4215 Selene,
899 4156 928 4202 et
943 4152 973 4203 in
998 4151 1048 4205 Sa·
1097 4145 1218 4208 prelium
1234 4145 1328 4208 fuerit,
1346 4146 1433 4197 8611181
1445 4145 1491 4196 1110
1512 4147 1660 4199 obmitto
1679 4146 1824 4198 Cfflcilium
1849 4159 1922 4198 ¹1⁰⁸·

233 4226 308 4274 tanea
328 4225 417 4274 castra
447 4223 600 4274 revertitur.
630 4222 709 4274 Unde
749 4221 866 4273 extorris
895 4221 984 4272 fectus
1007 4223 1049 4272 est
1099 4221 1172 4267 trum
1206 4216 1267 4266 latis
1294 4217 1428 4281 epistolis,
1456 4217 1512 4269 boc
1544 4217 1701 4283 presertim
1729 4217 1921 4282 contendere,

234 4293 396 4358 regreditur.
420 4308 436 4341 s
455 4293 527 4344 Pace
563 4293 673 4356 Rigaltii
706 4291 841 4354 dixerim,
869 4305 925 4342 neu
953 4303 1049 4342 omnes
1098 4287 1273 4351 utpopulnm
1288 4288 1371 4339 faeiat
1396 4289 1534 4354 quietum,
1557 4302 1590 4340 ae
1605 4289 1691 4354 probe
1712 4287 1923 4342 Christianum.

234 4368 342 4416 veteres
364 4363 511 4427 editiones,
538 4363 587 4415 sed
618 4364 706 4428 ipsius
741 4364 962 4415 emendationem
987 4373 1049 4413 esse
1099 4357 1212 4410 Solebat
1228 4359 1303 4409 enirn
1318 4358 1465 4424 plerosque
1479 4364 1607 4424 proterva
1628 4360 1777 4412 Christiani
1790 4363 1923 4413 nominis

232 4435 494 4495 mendosissimum
529 4434 607 4485 nulla
635 4434 836 4498 exemplarium
873 4433 937 4496 fide,
970 4421 1248 4495 nulloDjectatieue
1262 4431 1447 4494 importunos,
1461 4431 1550 4495 ipsam
1570 4431 1653 4483 etiam
1677 4431 1774 4483 meoli
1792 4437 1922 4496 potesta·

233 4508 349 4558 rationis
372 4507 501 4572 praesidio
519 4507 746 4558 subnixam.ch
765 4507 841 4558 eniin
864 4505 919 4556 leci
934 4518 989 4554 non
1016 4505 1051 4556 de
1100 4503 1151 4563 tes,
1166 4514 1338 4566 sepersiepe
1359 4501 1437 4552 aliud
1459 4507 1582 4568 agentes,
1607 4503 1688 4554 toties
1704 4503 1874 4566 concitasse,
1889 4509 1922 4556 nt

235 4592 324 4643 nuper
351 4578 506 4643 baptizatis,
525 4578 575 4628 sed
596 4577 803 4629 confessoribus
821 4576 930 4639 agitur:
946 4575 981 4626 de
1009 4589 1051 4627 re-
1100 4585 1215 4624 neeesse
1238 4571 1388 4624 habuerint
1420 4572 1542 4638 publices
1575 4575 1678 4638 quietis
1701 4574 1922 4639 iparturbeteres

235 4649 409 4701 vertentibus
433 4649 564 4699 nimirum
592 4647 807 4714 aprooonsulis
830 4645 972 4710 tribunali,
993 4660 1050 4698 noir
1100 4645 1190 4708 pinnis
1231 4657 1315 4709 supra
1354 4643 1469 4696 medum
1510 4644 1682 4696 exacerbatis
1721 4644 1923 4698 crudelissime

234 4723 328 4770 autem
361 4719 396 4771 ab
432 4717 565 4770 Ecclesiae
605 4719 783 4782 baptisterio.
818 4717 948 4771 Selemne
990 4719 1050 4783 qui·
1100 4715 1372 4779 coercereouaeres
1385 4729 1520 4781 magnum
1532 4715 1777 4768 fldelChristisnie
1791 4715 1922 4770 dedeoim

235 4790 299 4842 dem
334 4795 385 4847 est,
412 4795 444 4842 ut
474 4803 540 4842 oum
573 4791 663 4842 critici
691 4790 850 4851 lectionem,
889 4801 953 4854 quae
983 4789 1050 4852 ipsis
1100 4786 1237 4838 attulerat
1262 4787 1323 4839 Hoc
1343 4787 1411 4838 item
1431 4786 1546 4848 sciebat,
1562 4788 1592 4838 lu
1612 4787 1738 4838 Ecclesia
1759 4801 1811 4838 sus
1840 4801 1925 4840 oem-

234 4865 331 4926 aiguta
349 4861 468 4924 videtur,
491 4865 644 4922 sectantur,
660 4861 814 4928 genuinam
833 4865 861 4912 et
875 4859 986 4912 obviam
1000 4859 1049 4911 de·
1098 4857 1194 4922 plures
1214 4869 1277 4909 esse
1293 4857 1397 4908 lavacri
1414 4856 1546 4910 salutaris
1569 4858 1674 4910 fiducie
1693 4858 1813 4910 nimium
1835 4873 1921 4914 seeu-

236 4933 337 4982 serant.
981 4979 983 4983 ,
1099 4941 1160 4988 res;
1176 4926 1331 4994 disciplinas
1351 4930 1493 4993 totiusque
1517 4929 1699 4980 fraternitatis
1724 4931 1921 4998 immemores,

268 5003 338 5052 Unde
351 5001 468 5055 extorris
499 5001 594 5064 fectus,
622 5006 675 5054 etc.
702 5001 842 5054 Pameiius
861 5004 899 5053 ait
913 5015 919 5050 :
934 5017 948 5052 e
964 5001 1050 5053 Vides
1099 5000 1170 5052 lucri
1211 4998 1337 5066 cupidos,
1379 4999 1525 5051 ambitioni
1569 4999 1729 5064 studentes,
1763 5001 1922 5066 frondosos,

233 5071 262 5121 in
277 5073 415 5136 expressis
436 5072 529 5125 verbis
552 5072 581 5124 in
602 5077 725 5125 extorres
745 5072 966 5138 objurgationem
992 5075 1049 5123 ten·
1098 5071 1218 5124 luxurias
1240 5069 1357 5132 deditos,
1384 5071 1504 5135 superbe
1524 5073 1736 5124 conversatione
1760 5071 1816 5124 sibi
1849 5074 1921 5140 pla-

236 5140 314 5202 dere;
348 5143 449 5194 alludit
468 5148 563 5195 autem
583 5145 617 5194 ad
645 5143 716 5196 illud
737 5144 750 5194 1
768 5145 840 5194 Petr.
870 5146 989 5207 11:0ua
1011 5147 1050 5195 eat
1099 5148 1205 5206 centes,
1217 5141 1349 5194 omnibus
1358 5141 1547 5207 displicentes,
1572 5147 1632 5195 sele
1655 5143 1778 5209 denique
1799 5149 1923 5201 nemine

234 5213 303 5264 enim
328 5213 411 5276 pierio
438 5217 463 5264 si
500 5218 634 5280 precautes
665 5221 688 5266 et
710 5213 877 5279 cetepbiaeti
909 5213 1050 5280 iussistis?
1100 5215 1283 5266 Christianos.
1301 5214 1338 5264 At
1353 5213 1436 5278 lgltur
1459 5212 1616 5278 Cyprianus
1638 5214 1690 5266 bes
1714 5227 1806 5268 mores
1825 5221 1925 5270 tanto·

236 5285 333 5345 utpote
352 5284 510 5348 significant
523 5284 595 5346 lllos,
609 5284 658 5348 qul
678 5285 778 5348 iniussi
799 5283 834 5335 ab
847 5285 931 5336 exilio
946 5285 1048 5336 reversi
1099 5299 1161 5336 rum
1176 5297 1275 5336 caum
1288 5295 1350 5335 esse
1373 5283 1510 5342 luctuum,
1530 5285 1637 5350 quibus
1650 5285 1776 5337 Ecclesia
1800 5291 1924 5352 protrita

234 5357 338 5414 essent,
360 5355 418 5418 jain
444 5356 547 5408 oceidit
567 5371 624 5407 non
638 5361 670 5407 ut
681 5356 862 5418 Christianos,
881 5357 931 5407 sed
956 5361 1050 5408 utne·
1098 5353 1275 5420 disperditur.
1311 5353 1359 5406 eit
1385 5352 1453 5418 quid
1479 5354 1542 5407 istie
1568 5355 1704 5407 miramur
1734 5358 1765 5407 in
1795 5357 1925 5412 duorum

236 5427 339 5476 centes.
366 5444 381 5471 »
407 5425 553 5490 Perperam
581 5427 643 5478 liaeo
677 5427 731 5478 alie
758 5425 880 5478 deflectit
904 5427 1048 5492 iilgaltius,
1096 5429 1155 5492 jain
1172 5424 1342 5477 seculorum
1362 5423 1499 5487 Ecclesia,
1529 5426 1577 5490 qui
1602 5430 1632 5478 et
1647 5427 1741 5491 pejora
1761 5425 1925 5482 Cedntbiis

236 5495 388 5561 quaslhaec
405 5509 485 5550 inens
507 5500 581 5548 esset
606 5496 737 5562 Cypriani
760 5511 766 5548 ι
788 5497 998 5550 «confessores
1012 5497 1048 5548 eb
1098 5498 1158 5549 suis
1178 5496 1298 5548 Panium
1326 5495 1508 5560 exprobrasse
1531 5498 1612 5549 toties
1645 5498 1774 5549 andimus
1800 5505 1853 5552 sut
1879 5503 1925 5555 le-

235 5581 349 5620 causam
367 5566 480 5634 quidem
505 5568 607 5620 Christi
628 5569 657 5618 iu
682 5570 796 5620 exilium
817 5568 982 5633 pulses,sed
1008 5567 1048 5620 ibi
1098 5569 1208 5632 &musi
1223 5587 1238 5616 «

234 5643 291 5689 tam
304 5639 429 5704 improbe
444 5642 673 5702 conversatos,ut
689 5643 753 5704 post
773 5640 895 5691 reditum
914 5639 1047 5691 cendem-
1127 5639 1169 5689 ie
1183 5639 1295 5702 tespites
1319 5642 1342 5690 ot
1366 5639 1523 5692 discordias.
1551 5639 1687 5706 Rigaltlus
1705 5641 1745 5692 sit
1767 5655 1775 5692 t
1800 5641 1927 5698 «Caret

232 5713 334 5764 nentur
354 5725 371 5763 a
395 5709 502 5775 iudice,
522 5712 654 5778 jamnon
686 5715 718 5766 ut
745 5709 898 5768 Christiani
922 5709 973 5762 sed
997 5723 1047 5764 no·
1098 5708 1257 5780 cyprianus
1273 5709 1482 5767 confessoribus
1494 5711 1566 5778 istis,
1579 5710 1817 5784 quemadmodum
1842 5715 1927 5784 Sep-
