3978 6204
228 265 280 322 423
690 267 718 322 S.
738 261 896 321 erculani
917 263 1056 320 OPERUE
1076 261 1162 321 PARS
1182 264 1202 321 l.
1218 294 1253 306 -·
1267 266 1448 324 EPISTOLAE.
1542 297 1546 305 =
1841 274 1887 331 lli

230 389 365 458 fuorunt3
381 385 477 460 410
492 402 564 459 quos
581 393 648 443 tunc
661 391 769 457 tamen,
784 388 819 444 ad
835 387 986 444 Ecclesiam
1000 404 1044 444 re·
1057 400 1086 473 Α
1097 389 1211 456 (Colat,
1225 406 1254 460 ιι,
1271 391 1333 462 ri);
1357 391 1560 448 documentum
1580 390 1686 448 seilicet
1704 393 1780 450 nobis
1791 399 1817 451 at
1829 414 1889 452 cun·

230 486 374 538 vertentes
393 484 422 535 et
437 481 632 552 paenitentiam
645 486 773 554 agentes,
786 497 901 538 necesse
915 487 1047 538 nouerat
1096 481 1204 537 cordia
1222 485 1250 536 et
1272 484 1421 555 patientiae
1442 484 1580 555 tribuens,
1602 489 1636 540 ut
1655 501 1711 541 non
1725 488 1891 558 pertinaciter
1913 527 1916 534 Δ

228 575 385 646 baptizare.
409 573 489 639 Quod
503 591 554 629 uos
570 591 681 647 quoque
700 576 785 631 hodie
807 576 998 646 observamus,
1016 581 1047 631 ut
1095 580 1192 631 nostra
1214 592 1353 648 amemus,
1374 577 1424 632 sed
1444 593 1508 649 quaa
1528 578 1678 650 aliquando
1699 596 1715 634 a
1734 581 1891 639 tratribuset

229 685 302 740 quos
319 671 429 724 constet
443 668 489 723 hic
511 669 665 740 baptizatos
678 684 739 725 essa
755 676 782 724 et
800 687 817 725 a
837 669 920 726 nobis
931 670 968 727 ad
986 671 1044 726 hae·
1097 669 1212 740 collegis
1233 671 1339 726 nostris
1360 671 1466 726 utiliter
1480 679 1507 728 et
1532 671 1682 728 salubriter
1706 679 1891 745 suggeruntur,

230 767 333 822 reticos
341 765 498 836 transiisse,
511 766 861 838 sipostmodum‚peccato
872 783 921 822 suo
932 769 1046 840 cognito
1097 761 1121 816 si
1135 762 1192 817 sint
1206 779 1272 818 vora
1294 770 1323 818 st
1348 764 1485 835 legitima,
1509 765 1571 837 ipsa
1599 765 1692 838 potius
1713 773 1804 822 nostra
1817 769 1891 824 duca-

233 864 262 914 et
273 875 370 916 errore
380 859 503 931 digesto,
516 859 711 916 adveritatem
721 863 749 914 et
759 857 906 916 matricem
917 860 1046 932 redeant,
1097 871 1161 910 mus
1172 857 1206 909 ⁴³.
1220 857 1270 914 Cui
1284 857 1324 912 rei
1336 858 1436 912 Paulus
1460 873 1573 930 quoque
1597 858 1778 930 prospiciens,
1793 865 1820 914 et
1834 877 1891 917 con-

234 952 301 1007 satis
314 953 351 1008 sit
362 953 391 1007 in
405 953 601 1024 paenitentiam
617 954 1047 1026 manumimponere;utquia
1096 948 1198 1004 cordiae
1221 950 1327 1020 etpaei
1349 949 1472 1007 fideliter
1495 952 1657 1018 consulens,
1675 952 1704 1006 in
1727 953 1895 1024 epistolasua
1955 975 1958 984 ⁴

234 1046 364 1118 ovisjam
382 1045 477 1101 luerat
490 1048 525 1115 ⁴⁸,
551 1047 624 1102 hanc
640 1046 717 1102 euim
736 1046 926 1102 abalienatam
946 1047 999 1118 (36)
1019 1051 1048 1104 et
1097 1042 1194 1113 posuit
1207 1041 1302 1098 dicens
1317 1059 1324 1098 :
1338 1045 1479 1115 Propheta
1491 1049 1582 1100 uatem
1597 1045 1650 1100 duo
1666 1051 1715 1100 uat
1726 1050 1775 1101 tres
1792 1047 1893 1116 loquun-

233 1139 424 1195 errabundam
445 1139 474 1194 in
495 1139 565 1196 ovile
585 1155 669 1196 suum
682 1143 780 1211 pastor
800 1141 927 1211 recipiat.
944 1140 974 1196 si
994 1157 1045 1196 au·
1097 1138 1153 1198 tur,
1168 1139 1193 1190 et
1205 1139 1293 1191 catari
1302 1139 1466 1192 examinent.
1476 1137 1603 1193 Siaaicm
1611 1139 1662 1192 otii
1672 1139 1894 1207 rmeiotamsucrit

233 1233 293 1287 tam
309 1231 358 1305 qui
371 1232 407 1286 ab
431 1232 570 1288 haereticis
592 1233 679 1300 venit,
702 1231 857 1303 baptizatus
870 1233 900 1288 in
924 1233 1047 1289 Ecclesia
1097 1228 1211 1292 sedenti,
1231 1229 1278 1284 iiic
1292 1231 1368 1300 prior
1382 1235 1471 1286 taceat
1486 1231 1505 1298 (ι
1518 1229 1591 1299 Con,
1607 1247 1662 1300 xiv,
1677 1234 1720 1299 ιιι,
1743 1232 1794 1303 30).
1807 1231 1891 1305 411

233 1325 311 1398 prius
333 1342 392 1382 non
413 1325 478 1393 luit,
499 1326 549 1381 sed
573 1325 684 1380 alienus
705 1326 736 1381 in
760 1331 895 1382 intumet
910 1327 1047 1399 profanus
1099 1320 1161 1386 Qua
1184 1322 1213 1376 in
1237 1327 1316 1394 parte
1337 1323 1433 1379 docuit
1454 1325 1484 1377 et
1498 1323 1727 1380 ostenditmulta
1740 1323 1851 1396 singulis
1869 1327 1894 1380 in

233 1420 321 1486 venit,
345 1417 529 1490 baptizandus
556 1424 598 1473 cst
613 1421 645 1474 ut
670 1419 728 1474 ovis
747 1419 814 1488 fiat,
835 1420 904 1491 quia
925 1437 984 1476 uua
1005 1425 1048 1477 cst
1097 1415 1201 1470 melius
1222 1416 1351 1484 revelari,
1375 1415 1519 1472 sidebere
1533 1433 1773 1490 unumquemque,
1788 1435 1895 1489 nonpro

235 1528 308 1585 aqua
323 1512 353 1566 in
369 1511 491 1568 Ecclesia
507 1515 606 1568 sancta
620 1528 683 1584 qum
696 1528 762 1567 oves
775 1513 870 1568 iaciat.
884 1515 917 1568 Et
931 1513 1046 1582 idcirco,
1098 1523 1131 1565 eo
1155 1508 1232 1580 quod
1254 1510 1342 1564 semel
1366 1508 1520 1566 imbiberat
1542 1513 1572 1565 et
1595 1510 1710 1567 tenebat
1729 1511 1896 1582 pertinaciter

233 1606 301 1677 quia
325 1605 396 1660 nihil
419 1608 584 1677 potestesse
603 1621 754 1662 commune
769 1606 919 1662 mendacio
932 1609 961 1662 et
972 1607 1045 1664 veri·
1097 1602 1243 1672 congredi,
1269 1601 1331 1671 sed,
1358 1602 1380 1657 δί
1395 1603 1466 1676 quid
1486 1603 1590 1659 ¹¹1⁰li¹is
1605 1609 1636 1660 01
1652 1605 1747 1659 Uillius
1761 1604 1895 1672 exstiterit,

233 1699 296 1766 tati,
319 1699 446 1754 tenebris
462 1701 491 1754 et
505 1699 571 1767 luci,
586 1699 715 1756 mortiet
734 1700 955 1768 immortalitati,
971 1701 1045 1756 anti·
1100 1695 1222 1750 libenter
1231 1696 1375 1766 amplecti.
1396 1697 1457 1752 Non
1472 1695 1550 1752 anim
1566 1697 1709 1754 vincimur
1719 1697 1827 1770 quando
1839 1698 1897 1752 otie-

236 1791 342 1848 christo
365 1795 394 1846 et
419 1791 540 1860 Christo,
570 1809 621 1864 per
643 1793 741 1849 omnia
763 1793 900 1850 debemus
921 1767 1088 1850 Ecclesiaess
1102 1794 1204 1844 rantur
1213 1788 1295 1844 nobis
1307 1789 1435 1858 meliora,
1447 1790 1498 1845 sed
1509 1791 1689 1859 instruimur,
1700 1791 1816 1846 maxime
1826 1792 1851 1846 in
1860 1791 1899 1846 his

235 1885 383 1966 catholica
408 1886 546 1942 ciuitatem
572 1891 681 1956 tenere,
702 1903 753 1944 nec
777 1887 806 1942 in
829 1887 922 1959 aliquo
939 1887 1006 1942 lidsi
1021 1891 1050 1941 et
1101 1898 1166 1953 quaa
1182 1882 1220 1937 ad
1233 1882 1367 1938 Ecclesia
1376 1883 1519 1939 unitatem
1534 1884 1681 1956 pertinent
1694 1888 1722 1940 et
1730 1883 1789 1956 spei
1801 1901 1831 1940 ac
1842 1884 1897 1940 Edei

232 1978 360 2035 veritatis
374 1978 504 2034 hostibus
517 1978 630 2035 cedere.
1100 1981 1205 2031 nostrae
1226 1977 1377 2032 veritatem
1389 1995 1398 2046 ;
1411 1981 1444 2032 ut
1455 1993 1507 2033 nos
1533 1977 1692 2034 sacerdotes
1706 1978 1764 2048 liei,
1779 1984 1805 2034 et
1817 1979 1897 2033 Eccle-

269 2073 311 2128 tii.
336 2073 399 2127 Non
425 2075 466 2128 est
479 2077 575 2126 autem
589 2072 624 2127 de
640 2072 845 2129 cousuetudine
860 2074 1046 2144 praescriben·
1100 2069 1149 2124 siae
1167 2069 1278 2140 ejusde
1293 2069 1381 2141 ipsius
1395 2070 1563 2143 dignatione
1575 2071 1721 2144 praepositi
1735 2070 1848 2128 sciamus
1860 2087 1898 2126 re·

234 2165 314 2233 dum,
332 2165 380 2220 sed
397 2165 504 2221 ratione
520 2165 700 2221 vincendum.
717 2167 789 2220 itam
802 2181 854 2222 nec
867 2167 966 2222 Petrus
981 2169 1047 2238 (37),
1101 2161 1218 2217 missam
1231 2167 1413 2235 peccatorum
1430 2181 1488 2220 non
1500 2164 1555 2220 nisi
1568 2165 1598 2220 iu
1611 2165 1734 2222 Ecclesia
1749 2165 1806 2220 dari
1820 2181 1897 2236 posse,

236 2275 322 2331 quem
338 2259 465 2331 primum
478 2258 619 2314 Dominus
630 2259 726 2329 elegit,
743 2262 772 2313 et
783 2275 868 2330 super
880 2275 966 2332 quem
980 2260 1048 2316 aedi·
1100 2271 1153 2312 uec
1168 2272 1251 2326 posse
1266 2256 1443 2314 adversarios
1465 2257 1568 2313 Christi
1590 2258 1750 2330 quidquam
1770 2257 1820 2314 sihi
1836 2259 1898 2312 circa

233 2352 327 2408 ficavit
349 2352 505 2408 Ecclesiam
519 2367 609 2419 stram,
629 2368 694 2407 curn
719 2368 814 2408 secum
828 2353 931 2408 Paulus
946 2353 980 2408 de
994 2354 1048 2409 cir·
1101 2349 1161 2420 ejus
1175 2349 1293 2421 gratiam
1309 2349 1462 2414 uindicare.

234 2446 409 2501 cumciaioue
433 2445 615 2518 postmodnm
630 2445 810 2516 disceptaret,
829 2445 982 2502 vindicavit
995 2447 1050 2503 sibi
1137 2443 1182 2497 lV·
1197 2442 1277 2507 Quod
1301 2443 1416 2515 quidem
1431 2447 1459 2500 et
1476 2443 1657 2517 Agrippinas,
1673 2445 1757 2502 bona
1770 2445 1899 2501 memorie

234 2537 339 2611 aliquid
356 2539 515 2594 insolenter
538 2544 586 2593 aut
600 2542 770 2610 arroganter
783 2540 945 2610 assumpsit,
961 2547 991 2596 ut
1005 2540 1049 2595 di·
1102 2535 1145 2590 vir
1172 2537 1239 2608 (aa),
1265 2553 1329 2592 cum
1352 2535 1461 2593 caeteris
1483 2537 1659 2610 coepiscopis
1673 2539 1730 2594 suis
1747 2539 1794 2611 qui
1812 2540 1856 2596 illo
1875 2540 1900 2592 in

235 2636 311 2688 caret
338 2648 367 2687 se
389 2632 543 2705 primatum
568 2636 665 2687 tenere
684 2632 738 2704 (38)
763 2636 792 2686 et
817 2632 1008 2704 obtemperari
1035 2651 1052 2688 a
1102 2634 1232 2701 tempore
1253 2630 1282 2684 in
1298 2631 1442 2702 provincia
1457 2631 1548 2688 Africa
1563 2635 1592 2688 et
1603 2633 1738 2688 Numidia
1764 2631 1899 2688 Ecclesiam

234 2726 352 2782 novellis
372 2729 401 2780 et
424 2726 545 2796 posteris
569 2725 623 2779 sibi
646 2725 739 2797 potius
752 2730 896 2797 oportere.
920 2727 976 2782 Nec
1001 2728 1050 2783 de·
1103 2721 1214 2777 Domini
1227 2723 1438 2794 gubernabant,
1453 2725 1550 2781 statuit
1569 2727 1597 2780 ct
1617 2726 1719 2782 librato
1734 2725 1789 2800 (io)
1803 2725 1899 2780 cunsdii

239 2821 331 2892 spexit
357 2820 477 2875 Paulum
508 2818 587 2890 quod
618 2819 749 2875 Ecclesia
783 2820 861 2890 prius
889 2825 1053 2891 persecutor
1102 2821 1901 2888 communisexsminellrmavit.Quorumsententiamct

234 2913 345 2980 luisset,
372 2914 421 2968 sed
445 2912 594 2969 consilium
616 2913 740 2968 veritatis
762 2912 887 2980 admisit,
901 2917 929 2968 et
950 2915 1052 2969 rationi
1103 2915 1265 2986 religiosam
1277 2922 1306 2972 et
1318 2916 1476 2990 legitimam
1491 2923 1519 2974 et
1528 2917 1691 2989 salutarem,
1702 2917 1768 2975 fidei
1785 2923 1811 2972 et
1822 2915 1901 2972 Eccle-

234 3006 370 3078 legitimae
392 3022 479 3079 quam
496 3006 599 3062 Paulus
621 3005 784 3061 vindicabat
807 3005 888 3061 tacite
911 3007 1053 3064 consensit
1103 3007 1151 3064 sioe
1173 3009 1322 3066 catholicas
1346 3015 1570 3084 congruentem,
1589 3029 1640 3068 uos
1667 3011 1753 3068 etiam
1766 3011 1899 3066 secutisu·

919 3130 1024 3196 Variae
1054 3132 1223 3198 lectiones.

266 3249 288 3284 ι*
305 3249 472 3301 Ovisluarat
486 3250 564 3300 Onon.
613 3251 635 3283 ⁴⁵
652 3249 711 3314 ipsa
726 3249 818 3314 potius
832 3249 1033 3314 amplectamur
1050 3251 1110 3302 Tha.
1125 3252 1179 3303 lata
1195 3253 1265 3304 an.

882 3353 993 3437 Steph.
1019 3354 1141 3419 Baiuaii
1162 3361 1262 3421 notae.

268 3475 318 3538 (36)
346 3473 541 3528 Aboiisnuiom.
565 3475 633 3527 Tres
654 3475 718 3526 libri
738 3479 847 3528 vetares
867 3475 972 3527 habent
991 3473 1091 3564 obi-C
1103 3480 1196 3529 mmeu
1222 3491 1278 3529 non
1303 3477 1338 3530 de
1358 3479 1441 3544 longa
1461 3477 1666 3530 consuetudine
1679 3475 1900 3544 prmscribeudum

237 3550 429 3612 auctomento
444 3546 492 3597 alii
509 3546 651 3609 abjectam,
670 3546 742 3596 alius
763 3545 896 3606 abactam,
916 3559 990 3596 unus
1010 3559 1053 3596 re·
1104 3554 1156 3612 est,
1184 3550 1238 3600 nisi
1266 3550 1303 3599 sit
1330 3549 1501 3601 rationabilis
1523 3553 1621 3614 siper
1653 3553 1761 3600 tantum
1785 3547 1901 3612 temporis

238 3621 300 3684 gius
313 3617 472 3682 «abjectam
489 3621 516 3667 et
529 3617 740 3669 tremebundam
753 3618 782 3667 in
794 3617 876 3668 ovile.
891 3635 905 3665 ι
918 3617 1055 3684 Rigaltius
1104 3620 1244 3672 duraverit
1258 3621 1333 3685 quod
1346 3624 1406 3685 ejus
1425 3622 1535 3672 initium
1554 3635 1610 3673 non
1631 3625 1759 3672 teneatur
1779 3621 1806 3670 in
1822 3619 1900 3669 homi·

237 3691 326 3756 magis
337 3689 436 3752 probat
447 3688 608 3753 abigentem.
1105 3703 1172 3741 num
1187 3691 1329 3742 memoria.
1343 3691 1583 3744 Consuetudinem
1595 3692 1670 3743 enim
1689 3692 1767 3744 aiunt
1779 3691 1900 3754 juriscon-

268 3760 316 3824 (37)
334 3762 401 3812 Nam
422 3773 469 3810 nac
489 3761 592 3810 Petrus.
612 3759 707 3810 Raiert
725 3758 802 3810 hunc
825 3760 918 3811 locum
940 3765 1055 3814 sauctus
1104 3763 1334 3813 sultiasseusum
1347 3761 1540 3814 rationabilem
1553 3763 1721 3827 competenti
1735 3767 1851 3825 tempora
1865 3757 1902 3807 iir-

238 3831 414 3897 Augustinus
432 3833 461 3882 in
478 3831 557 3882 initio
577 3830 640 3881 iibri
662 3831 778 3883 secundi
799 3831 832 3882 de
846 3833 979 3897 Bapiiamo
1002 3832 1055 3883 ad·
1104 3837 1219 3894 matum,
1234 3833 1312 3883 nulio
1324 3836 1387 3885 actu
1403 3835 1539 3885 contrario
1552 3835 1747 3899 interruptum.
1763 3831 1901 3896 Cyprianus

238 3915 336 3955 versus
348 3903 510 3954 Donatistas.
1105 3908 1200 3954 contra
1221 3904 1417 3955 consuetudini
1436 3905 1633 3967 Romanorum,
1648 3918 1734 3969 quam
1751 3902 1836 3954 aiebat
1853 3913 1900 3949 nou

270 3975 319 4036 (38)
345 3973 376 4024 Sc
399 3975 542 4036 primatum
566 3976 660 4022 tenera.
690 3975 721 4023 iu
748 3974 915 4038 glossemate
938 3973 1001 4024 iibri
1024 3975 1056 4025 dc
1105 3972 1248 4024 dimanare
1263 3972 1297 4024 de
1314 3974 1389 4024 tonte
1409 3975 1573 4039 apostolico,
1591 3979 1623 4025 ut
1638 3973 1753 4040 agnovit
1766 3974 1843 4025 eiiam
1860 3969 1901 4019 Ea·

242 4045 346 4095 Unitata
365 4042 486 4095 Ecclesia
503 4059 511 4093 :
537 4059 552 4091 a
577 4043 715 4094 Primatus
739 4044 819 4094 Petro
847 4043 929 4095 datur
950 4050 982 4095 ut
1000 4059 1056 4096 una
1105 4046 1211 4106 rouius,
1240 4045 1399 4109 opponebat
1422 4045 1652 4097 consuetudinem
1676 4045 1805 4106 veritatis,
1829 4053 1899 4104 quam

239 4113 343 4165 Christi
358 4115 484 4165 Ecclesia
503 4117 531 4166 ot
546 4127 602 4164 una
618 4111 756 4166 Cathedra
773 4127 835 4166 esse
849 4119 1024 4167 monstretur.
1041 4134 1055 4163 »
1105 4115 1222 4179 putabat
1234 4129 1297 4168 esse
1314 4117 1342 4167 in
1359 4115 1478 4169 ecclesia
1494 4117 1634 4168 Maeona.
1654 4116 1729 4168 Sane
1745 4112 1901 4178 hugoninus

238 4183 310 4235 Vide
325 4184 382 4234 illic
397 4184 736 4248 observationasiiigalrii.
1106 4185 1144 4236 ait
1173 4187 1403 4238 consuetudinem
1433 4188 1532 4240 cedere
1561 4186 1663 4242 debere
1694 4185 1797 4237 veritati
1825 4180 1901 4232 maui-

270 4255 319 4317 (3⁹)
350 4256 514 4320 Agrippinas
540 4255 614 4305 bonas
639 4256 771 4305 arenaria
796 4258 845 4305 uir.
874 4253 947 4307 Citat
978 4255 1054 4306 huuc
1106 4256 1220 4307 testatae.
1243 4257 1279 4308 Et
1302 4257 1367 4322 quia
1381 4257 1567 4308 iilanouerat
1587 4253 1763 4308 manifestata
1782 4267 1839 4306 avo
1855 4250 1901 4313 Cy·

239 4325 333 4378 locum
354 4331 468 4376 sanctus
488 4327 663 4390 Augustinus
678 4325 725 4376 lib.
745 4339 763 4376 ιι
782 4327 814 4376 dc
832 4327 966 4390 Baptismc
989 4341 1056 4378 con·
1105 4328 1205 4392 priani,
1225 4331 1256 4378 ut
1273 4341 1337 4393 quae
1358 4327 1484 4379 noudum
1506 4332 1672 4392 pertractata
1690 4328 1780 4378 lucrm
1799 4325 1900 4385 diiigen-

237 4397 279 4446 tra
294 4395 465 4459 Donatistae,
478 4410 537 4460 cap.
554 4398 578 4444 ii.
600 4397 655 4448 Sed
675 4410 726 4461 ego
743 4411 798 4447 non
822 4398 933 4448 invenio
954 4397 982 4447 iu
1002 4397 1056 4450 hoc
1107 4401 1157 4460 ter,
1173 4403 1316 4464 propterea
1329 4399 1408 4450 illum
1431 4405 1556 4462 excusat,
1573 4403 1600 4450 et
1623 4402 1702 4463 putat
1724 4398 1801 4449 illum
1820 4406 1901 4456 recep

238 4464 448 4532 locoCyprieni
465 4467 541 4531 quod
566 4468 742 4532 Augustinus
756 4467 840 4531 paulo
859 4470 923 4518 ante
942 4468 981 4518 ait
997 4466 1056 4532 Cy·
1106 4473 1200 4520 turum
1227 4470 1312 4521 luisse
1337 4471 1492 4534 veritatem,
1520 4471 1550 4522 si·
1567 4474 1627 4521 tum
1646 4484 1680 4522 aa
1700 4469 1797 4520 luisset
1821 4465 1901 4516 mani-

239 4538 367 4602 prianum
382 4536 486 4588 dixisse
505 4535 737 4588 consuetudinem
759 4537 793 4587 da
814 4537 979 4602 recipiendis
997 4538 1056 4590 haa-
1106 4540 1214 4602 testata,
1232 4543 1272 4592 uti
1296 4544 1391 4603 postea
1414 4542 1466 4592 ttrit
1488 4543 1516 4592 in
1540 4539 1658 4593 concilio
1682 4536 1900 4606 proconnesia

239 4607 333 4658 reticis
350 4606 456 4672 absque
474 4621 547 4658 novo
569 4608 711 4672 Baptismo
727 4609 807 4672 quasi
828 4610 933 4673 coepr'sse
956 4610 1056 4673 corripi
1106 4625 1168 4660 rum
1195 4612 1259 4663 istic
1290 4612 1480 4663 adnotandum
1508 4617 1550 4664 est
1578 4611 1626 4663 diu
1656 4616 1720 4664 ante
1748 4610 1900 4675 Cypriorum

238 4676 494 4744 peragrippiuum,
508 4680 536 4729 at
557 4691 621 4728 mox
636 4677 670 4728 de
686 4692 738 4729 suo
759 4679 797 4729 eit
817 4691 878 4730 eam
898 4693 945 4740 per
958 4680 1056 4744 Agrip·
1106 4686 1247 4746 receptam
1271 4683 1357 4734 luisse
1377 4683 1554 4748 disciplinam
1578 4683 1612 4735 de
1639 4681 1808 4747 baptizandis
1826 4679 1901 4730 haere-

237 4749 332 4812 pinam
362 4749 497 4813 corrumpi
532 4751 646 4814 coepisse,
675 4762 730 4799 non
758 4749 866 4814 aornim.
900 4750 939 4800 iia
969 4750 1057 4814 expli·
1105 4753 1169 4804 ticis
1184 4752 1219 4802 ad
1233 4754 1387 4805 Ecclesiam
1402 4755 1590 4816 venientibus,
1605 4757 1636 4805 ut
1650 4754 1776 4806 dieamus
1796 4753 1823 4801 in
1838 4747 1901 4798 notis

239 4819 329 4871 canda
351 4822 426 4870 suut,
448 4821 496 4870 Ait
518 4820 692 4885 Augustinus
718 4821 903 4884 questionem
924 4819 959 4869 de
978 4833 1056 4885 repe·
1107 4823 1141 4875 ad
1165 4824 1310 4875 Concilium
1333 4825 1553 4891 Carthaginenses,
1568 4824 1694 4890 adeoque
1714 4823 1811 4874 salsum
1828 4819 1901 4870 luisse

239 4891 336 4940 titione
349 4891 483 4956 Baptismi
495 4891 621 4942 nondum
633 4894 714 4942 aetata
737 4888 869 4955 Cypriani
887 4890 974 4939 luisse
992 4855 1292 4959 per-DNioaphorum
1328 4895 1473 4948 callistum
1510 4911 1573 4948 oum
1610 4897 1721 4960 scripsit
1749 4893 1900 4959 Cypriacam

240 4964 385 5012 tractatam
413 4960 570 5024 diiigenter,
594 4959 641 5012 sed
670 4964 762 5012 tamen
788 4959 969 5012 saluberrima
988 4973 1055 5010 eou-
1106 4968 1226 5030 primum
1245 4969 1331 5020 brisso
1346 4969 1395 5034 qui
1416 4967 1595 5034 baptizandos
1619 4981 1680 5019 osse
1700 4966 1832 5018 censuerit
1851 4961 1901 5012 ha-

240 5031 390 5082 suetudine
416 5032 539 5082 tenuisse
560 5030 726 5093 Ecclesiam,
749 5031 901 5084 itomanam
916 5030 1056 5090 videlicet,
1106 5038 1217 5088 reticos.
1233 5039 1342 5090 Addam
1362 5039 1390 5089 in
1410 5039 1464 5091 hoc
1486 5038 1548 5092 loco
1569 5039 1731 5102 Gregorium
1753 5037 1847 5100 Papam
1860 5027 1901 5080 Vii

239 5106 268 5152 ὓ(
298 5104 413 5166 Planum
442 5107 483 5155 eil
511 5117 545 5155 0¹
579 5102 699 5167 ⁸95⁸le
729 5103 902 5164 Firmiiiaai,
930 5104 958 5152 in
989 5103 1057 5165 ipsis
1106 5119 1191 5160 usum
1219 5121 1279 5160 esse
1303 5111 1466 5162 auctoritaie
1489 5109 1621 5175 Cypriani
1643 5109 1776 5161 advorsus
1797 5113 1901 5156 consue·

240 5185 351 5237 quoque
376 5172 563 5225 schismaticis
591 5177 618 5223 et
645 5173 786 5224 haereticis
815 5173 954 5238 corrigere
982 5170 1057 5237 quod
1107 5179 1233 5231 tudinem
1259 5184 1339 5246 cujus
1360 5195 1428 5233 ugus
1456 5181 1612 5233 contrarius
1634 5184 1677 5232 esa
1702 5179 1821 5238 veritati,
1846 5173 1900 5237 quia

239 5254 355 5306 pravum
379 5247 445 5306 erat,
467 5257 523 5294 non
547 5245 645 5294 iterare
668 5243 743 5308 quod
766 5244 862 5295 datum
887 5249 969 5296 esset.
995 5244 1058 5294 Alia
1108 5251 1241 5316 quelibet
1268 5253 1453 5316 consuetudo,
1480 5254 1660 5316 quantumvis
1681 5253 1797 5311 vetusta,
1824 5255 1900 5310 quan

241 5318 300 5364 erat
320 5314 493 5366 cousuetudo
517 5314 644 5366 ecclesiae
668 5316 816 5366 Africanae.
837 5315 873 5367 Et
894 5317 961 5380 quia
984 5315 1057 5379 Papa
1107 5323 1211 5372 tumvis
1228 5323 1349 5388 vulgata,
1363 5325 1474 5375 veritati
1492 5328 1535 5374 est
1551 5322 1750 5390 postponenda.
1770 5318 1861 5370 Exstat
1874 5323 1900 5362 ea

241 5383 401 5448 Stephanus
416 5386 485 5436 nihii
506 5383 639 5437 afferebat
657 5385 691 5436 ad
712 5386 930 5437 confirmandam
949 5387 1058 5451 opinio·
1107 5392 1232 5456 Gregorii
1256 5393 1380 5459 Epistola
1402 5393 1475 5460 apud
1494 5396 1663 5453 Gratianum,
1680 5394 1743 5444 dist.
1766 5393 1790 5454 8,
1812 5399 1864 5450 cap·
1878 5382 1901 5432 δι’

238 5468 306 5507 nem
332 5469 412 5507 suam
436 5471 520 5522 quam
542 5457 786 5518 consuetudinem,
808 5458 920 5522 sugillat
940 5457 1057 5522 Cypria·
1107 5465 1326 5516 maceriarum,
1795 5501 1798 5507 .

238 5539 294 5580 nus
322 5528 396 5580 hanc
421 5527 581 5594 disputandi
608 5528 781 5589 methodum,
808 5532 835 5580 at
859 5529 898 5579 ait
916 5529 995 5594 epist.
1016 5529 1056 5592 ti,
1138 5536 1187 5598 (ro)
1213 5536 1330 5587 Librcto.
1353 5537 1421 5590 'l'res
1455 5535 1517 5589 iibri
1543 5543 1661 5600 vetares,
1685 5533 1778 5586 librato
1804 5527 1901 5582 connita
1962 5575 1963 5582 ,

239 5610 267 5664 p.
297 5599 396 5662 tibet
420 5600 500 5663 epist.
527 5600 567 5656 it,
596 5613 656 5664 pag.
679 5599 735 5660 itt,
761 5599 901 5663 agendum
925 5612 986 5650 esso
1009 5614 1057 5649 ra·
1106 5607 1246 5656 mamurii.
1266 5608 1481 5672 Aliiseptemet
1502 5607 1587 5660 aditio
1604 5604 1830 5668 &aemiliana
1847 5611 1899 5648 ron-

239 5671 325 5734 tione‚
343 5683 399 5722 non
418 5668 630 5731 cousuetudine,
645 5682 728 5734 quam
746 5675 826 5720 vocat
844 5670 944 5721 erroris
963 5673 1056 5720 aetus·
1106 5676 1162 5728 iiiii
1183 5680 1328 5730 commum.
1349 5681 1556 5734 mmmmm,
1579 5679 1634 5742 Qui
1653 5675 1789 5730 ,orphanos
1813 5667 1900 5723 modus

241 5745 334 5794 tatem.
363 5743 431 5794 Nam
459 5742 587 5806 quamvis
616 5739 789 5791 cousuetudo
817 5741 906 5805 legem
932 5741 1057 5791 imitetur
1106 5751 1727 5820 exstaretiaminlnitioepistoloesequentls.

239 5816 267 5872 et
279 5827 336 5866 uon
356 5815 450 5864 minus
471 5825 555 5880 quam
578 5811 653 5878 quod
677 5813 810 5878 scriptum
836 5817 877 5863 esi
897 5816 1055 5878 usurpetur,
1299 5826 1301 5835 ¹
