<?xml version="1.0" encoding="UTF-8"?>
<!DOCTYPE html PUBLIC "-//W3C//DTD XHTML 1.0 Transitional//EN"
    "http://www.w3.org/TR/xhtml1/DTD/xhtml1-transitional.dtd">
<html xmlns="http://www.w3.org/1999/xhtml" xml:lang="en" lang="en">
 <head>
  <title>
</title>
<meta http-equiv="Content-Type" content="text/html;charset=utf-8" />
  <meta name='ocr-system' content='tesseract 3.04.00' />
  <meta name='ocr-capabilities' content='ocr_page ocr_carea ocr_par ocr_line ocrx_word'/>
</head>
<body>
  <div class='ocr_page' id='page_1' title='image "./patrologiaecurs85unkngoog_0234.png"; bbox 0 0 3978 6204; ppageno 0'>
   <div class='ocr_carea' id='block_1_1' title="bbox 4 225 1738 318">
    <p class='ocr_par' dir='ltr' id='par_1_1' title="bbox 4 225 1738 318">
     <span class='ocr_line' id='line_1_1' title="bbox 4 225 1738 318; baseline -0.001 -34"><span class='ocrx_word' id='word_1_1' title='bbox 4 309 5 318; x_wconf 9' lang='grc' dir='ltr'>ἵ</span> <span class='ocrx_word' id='word_1_2' title='bbox 85 231 127 284; x_wconf 80' lang='lat' dir='ltr'><strong>lii</strong></span> <span class='ocrx_word' id='word_1_3' title='bbox 653 225 749 286; x_wconf 80' lang='lat' dir='ltr'>LIBER</span> <span class='ocrx_word' id='word_1_4' title='bbox 768 225 815 284; x_wconf 87' lang='lat' dir='ltr'><strong>DE</strong></span> <span class='ocrx_word' id='word_1_5' title='bbox 836 227 956 284; x_wconf 79' lang='lat' dir='ltr'><strong>hautio</strong></span> <span class='ocrx_word' id='word_1_6' title='bbox 978 225 1150 283; x_wconf 70' lang='lat' dir='ltr'><strong>ttiiiciiititl.</strong></span> <span class='ocrx_word' id='word_1_7' title='bbox 1687 225 1738 282; x_wconf 79' lang='lat' dir='ltr'><strong>its</strong></span> 
     </span>
    </p>
   </div>
   <div class='ocr_carea' id='block_1_2' title="bbox 4 329 1742 1178">
    <p class='ocr_par' dir='ltr' id='par_1_2' title="bbox 4 329 1742 1178">
     <span class='ocr_line' id='line_1_2' title="bbox 4 329 1738 438; baseline -0.005 -22"><span class='ocrx_word' id='word_1_8' title='bbox 4 329 5 356; x_wconf 36' lang='lat'>¹</span> <span class='ocrx_word' id='word_1_9' title='bbox 85 367 107 416; x_wconf 86' lang='lat' dir='ltr'><strong>et</strong></span> <span class='ocrx_word' id='word_1_10' title='bbox 118 355 241 432; x_wconf 75' lang='lat' dir='ltr'><strong>pudicitia</strong></span> <span class='ocrx_word' id='word_1_11' title='bbox 255 353 378 424; x_wconf 69' lang='lat' dir='ltr'><strong>(illinon</strong></span> <span class='ocrx_word' id='word_1_12' title='bbox 394 353 422 406; x_wconf 91' lang='lat' dir='ltr'><strong>in</strong></span> <span class='ocrx_word' id='word_1_13' title='bbox 434 353 493 408; x_wconf 92' lang='lat' dir='ltr'><strong>sola</strong></span> <span class='ocrx_word' id='word_1_14' title='bbox 506 353 600 408; x_wconf 89' lang='lat' dir='ltr'><strong>carnis</strong></span> <span class='ocrx_word' id='word_1_15' title='bbox 610 353 776 426; x_wconf 78' lang='lat' dir='ltr'><strong>integritate</strong></span> <span class='ocrx_word' id='word_1_16' title='bbox 787 353 876 410; x_wconf 88' lang='lat' dir='ltr'><strong>eonsi-</strong></span> <span class='ocrx_word' id='word_1_17' title='bbox 886 365 916 438; x_wconf 69' lang='grc' dir='ltr'>Α</span> <span class='ocrx_word' id='word_1_18' title='bbox 926 360 977 416; x_wconf 83' lang='lat' dir='ltr'><strong>est,</strong></span> <span class='ocrx_word' id='word_1_19' title='bbox 993 357 1018 408; x_wconf 89' lang='lat' dir='ltr'><strong>ct</strong></span> <span class='ocrx_word' id='word_1_20' title='bbox 1033 367 1079 424; x_wconf 84' lang='lat' dir='ltr'><strong>epo</strong></span> <span class='ocrx_word' id='word_1_21' title='bbox 1094 352 1194 408; x_wconf 83' lang='lat' dir='ltr'><strong>mundo</strong></span> <span class='ocrx_word' id='word_1_22' title='bbox 1214 351 1328 424; x_wconf 78' lang='lat' dir='ltr'><strong>(Galat,</strong></span> <span class='ocrx_word' id='word_1_23' title='bbox 1343 367 1380 419; x_wconf 86' lang='lat' dir='ltr'><strong>vi,</strong></span> <span class='ocrx_word' id='word_1_24' title='bbox 1398 351 1441 424; x_wconf 85' lang='lat' dir='ltr'><strong>ii)</strong></span> <span class='ocrx_word' id='word_1_25' title='bbox 1457 369 1463 405; x_wconf 74' lang='grc' dir='ltr'>ε</span> <span class='ocrx_word' id='word_1_26' title='bbox 1488 353 1516 407; x_wconf 90' lang='lat' dir='ltr'><strong>et</strong></span> <span class='ocrx_word' id='word_1_27' title='bbox 1536 352 1616 425; x_wconf 80' lang='lat' dir='ltr'><strong>virgo</strong></span> <span class='ocrx_word' id='word_1_28' title='bbox 1638 353 1666 408; x_wconf 90' lang='lat' dir='ltr'><strong>iu</strong></span> <span class='ocrx_word' id='word_1_29' title='bbox 1689 353 1738 408; x_wconf 88' lang='lat' dir='ltr'><strong>Ec·</strong></span> 
     </span>
     <span class='ocr_line' id='line_1_3' title="bbox 83 445 1739 522; baseline -0.003 -15"><span class='ocrx_word' id='word_1_30' title='bbox 83 456 129 520; x_wconf 90' lang='lat' dir='ltr'><strong>stit,</strong></span> <span class='ocrx_word' id='word_1_31' title='bbox 141 449 185 505; x_wconf 90' lang='lat' dir='ltr'><strong>scd</strong></span> <span class='ocrx_word' id='word_1_32' title='bbox 197 447 280 504; x_wconf 89' lang='lat' dir='ltr'><strong>etiam</strong></span> <span class='ocrx_word' id='word_1_33' title='bbox 293 447 322 502; x_wconf 91' lang='lat' dir='ltr'><strong>in</strong></span> <span class='ocrx_word' id='word_1_34' title='bbox 333 449 426 503; x_wconf 86' lang='lat' dir='ltr'><strong>cultus</strong></span> <span class='ocrx_word' id='word_1_35' title='bbox 439 453 467 502; x_wconf 89' lang='lat' dir='ltr'><strong>et</strong></span> <span class='ocrx_word' id='word_1_36' title='bbox 479 450 597 502; x_wconf 89' lang='lat' dir='ltr'><strong>ornatus</strong></span> <span class='ocrx_word' id='word_1_37' title='bbox 606 449 715 504; x_wconf 89' lang='lat' dir='ltr'><strong>honore</strong></span> <span class='ocrx_word' id='word_1_38' title='bbox 724 449 834 522; x_wconf 86' lang='lat' dir='ltr'><strong>pariter</strong></span> <span class='ocrx_word' id='word_1_39' title='bbox 842 465 874 504; x_wconf 88' lang='lat' dir='ltr'><strong>ae</strong></span> <span class='ocrx_word' id='word_1_40' title='bbox 926 446 1013 502; x_wconf 87' lang='lat' dir='ltr'><strong>elesia</strong></span> <span class='ocrx_word' id='word_1_41' title='bbox 1027 447 1061 502; x_wconf 90' lang='lat' dir='ltr'><strong>de</strong></span> <span class='ocrx_word' id='word_1_42' title='bbox 1076 447 1167 517; x_wconf 89' lang='lat' dir='ltr'><strong>speeie</strong></span> <span class='ocrx_word' id='word_1_43' title='bbox 1182 447 1276 501; x_wconf 89' lang='lat' dir='ltr'><strong>camis</strong></span> <span class='ocrx_word' id='word_1_44' title='bbox 1289 463 1322 502; x_wconf 90' lang='lat' dir='ltr'><strong>ac</strong></span> <span class='ocrx_word' id='word_1_45' title='bbox 1339 445 1372 501; x_wconf 91' lang='lat' dir='ltr'><strong>de</strong></span> <span class='ocrx_word' id='word_1_46' title='bbox 1387 447 1515 518; x_wconf 89' lang='lat' dir='ltr'><strong>eorporis</strong></span> <span class='ocrx_word' id='word_1_47' title='bbox 1529 446 1739 518; x_wconf 78' lang='lat' dir='ltr'><strong>pulchritudine</strong></span> 
     </span>
     <span class='ocr_line' id='line_1_4' title="bbox 4 535 1742 618; baseline -0.003 -18"><span class='ocrx_word' id='word_1_48' title='bbox 4 535 5 586; x_wconf 67' lang='lat' dir='ltr'><strong>i</strong></span> <span class='ocrx_word' id='word_1_49' title='bbox 83 547 182 618; x_wconf 87' lang='lat' dir='ltr'><strong>pudore,</strong></span> <span class='ocrx_word' id='word_1_50' title='bbox 198 547 239 610; x_wconf 89' lang='lat' dir='ltr'><strong>ui,</strong></span> <span class='ocrx_word' id='word_1_51' title='bbox 253 542 413 597; x_wconf 87' lang='lat' dir='ltr'><strong>seeundum</strong></span> <span class='ocrx_word' id='word_1_52' title='bbox 428 542 607 612; x_wconf 79' lang='lat' dir='ltr'><strong>Apostolum,</strong></span> <span class='ocrx_word' id='word_1_53' title='bbox 620 557 685 614; x_wconf 80' lang='lat' dir='ltr'><strong>quae</strong></span> <span class='ocrx_word' id='word_1_54' title='bbox 700 541 819 614; x_wconf 86' lang='lat' dir='ltr'><strong>innupta</strong></span> <span class='ocrx_word' id='word_1_55' title='bbox 833 548 876 598; x_wconf 87' lang='lat' dir='ltr'><strong>est</strong></span> <span class='ocrx_word' id='word_1_56' title='bbox 926 541 1084 610; x_wconf 78' lang='lat' dir='ltr'><strong>gloriaturi</strong></span> <span class='ocrx_word' id='word_1_57' title='bbox 1112 540 1197 595; x_wconf 77' lang='lat' dir='ltr'><strong>Addit</strong></span> <span class='ocrx_word' id='word_1_58' title='bbox 1225 540 1327 594; x_wconf 84' lang='lat' dir='ltr'><strong>Paulus</strong></span> <span class='ocrx_word' id='word_1_59' title='bbox 1354 543 1382 596; x_wconf 82' lang='lat' dir='ltr'><strong>ei</strong></span> <span class='ocrx_word' id='word_1_60' title='bbox 1405 541 1493 595; x_wconf 89' lang='lat' dir='ltr'><strong>dieii:</strong></span> <span class='ocrx_word' id='word_1_61' title='bbox 1514 541 1568 608; x_wconf 83' lang='lat' dir='ltr'><strong>Qui</strong></span> <span class='ocrx_word' id='word_1_62' title='bbox 1587 543 1658 596; x_wconf 84' lang='lat' dir='ltr'><strong>enim</strong></span> <span class='ocrx_word' id='word_1_63' title='bbox 1677 547 1742 597; x_wconf 79' lang='lat' dir='ltr'><strong>aurci</strong></span> 
     </span>
     <span class='ocr_line' id='line_1_5' title="bbox 82 635 1740 708; baseline -0.002 -14"><span class='ocrx_word' id='word_1_64' title='bbox 82 637 206 694; x_wconf 77' lang='lat' dir='ltr'><strong>anctasit</strong></span> <span class='ocrx_word' id='word_1_65' title='bbox 223 640 250 692; x_wconf 89' lang='lat' dir='ltr'><strong>et</strong></span> <span class='ocrx_word' id='word_1_66' title='bbox 264 652 384 708; x_wconf 88' lang='lat' dir='ltr'><strong>corpore</strong></span> <span class='ocrx_word' id='word_1_67' title='bbox 397 639 426 692; x_wconf 90' lang='lat' dir='ltr'><strong>et</strong></span> <span class='ocrx_word' id='word_1_68' title='bbox 445 635 557 708; x_wconf 90' lang='lat' dir='ltr'><strong>spiritu.</strong></span> <span class='ocrx_word' id='word_1_69' title='bbox 572 635 689 692; x_wconf 77' lang='lat' dir='ltr'><strong>insinuit</strong></span> <span class='ocrx_word' id='word_1_70' title='bbox 708 653 759 692; x_wconf 91' lang='lat' dir='ltr'><strong>nos</strong></span> <span class='ocrx_word' id='word_1_71' title='bbox 773 638 876 694; x_wconf 84' lang='lat' dir='ltr'><strong>Paulus</strong></span> <span class='ocrx_word' id='word_1_72' title='bbox 925 635 1037 699; x_wconf 81' lang='lat' dir='ltr'><strong>Christi,</strong></span> <span class='ocrx_word' id='word_1_73' title='bbox 1064 651 1171 691; x_wconf 79' lang='lat' dir='ltr'><strong>earnem</strong></span> <span class='ocrx_word' id='word_1_74' title='bbox 1197 647 1275 689; x_wconf 75' lang='lat' dir='ltr'><strong>aarum</strong></span> <span class='ocrx_word' id='word_1_75' title='bbox 1305 637 1496 704; x_wconf 73' lang='lat' dir='ltr'><strong>crucifiacruat</strong></span> <span class='ocrx_word' id='word_1_76' title='bbox 1522 650 1581 691; x_wconf 82' lang='lat' dir='ltr'><strong>acm</strong></span> <span class='ocrx_word' id='word_1_77' title='bbox 1609 638 1684 692; x_wconf 88' lang='lat' dir='ltr'><strong>uitiis</strong></span> <span class='ocrx_word' id='word_1_78' title='bbox 1715 642 1740 692; x_wconf 88' lang='lat' dir='ltr'><strong>et</strong></span> 
     </span>
     <span class='ocr_line' id='line_1_6' title="bbox 4 727 1738 802; baseline -0.003 -13"><span class='ocrx_word' id='word_1_79' title='bbox 4 727 5 734; x_wconf 64' lang='lat'><em>&#39;</em></span> <span class='ocrx_word' id='word_1_80' title='bbox 81 740 102 790; x_wconf 89' lang='lat' dir='ltr'><strong>et</strong></span> <span class='ocrx_word' id='word_1_81' title='bbox 115 733 189 788; x_wconf 89' lang='lat' dir='ltr'><strong>ducet</strong></span> <span class='ocrx_word' id='word_1_82' title='bbox 203 730 298 786; x_wconf 88' lang='lat' dir='ltr'><strong>dicens</strong></span> <span class='ocrx_word' id='word_1_83' title='bbox 313 731 336 764; x_wconf 77' lang='lat'><strong>¹⁷</strong></span> <span class='ocrx_word' id='word_1_84' title='bbox 350 747 357 784; x_wconf 91' lang='lat'>:</span> <span class='ocrx_word' id='word_1_85' title='bbox 373 730 472 788; x_wconf 79' lang='lat' dir='ltr'><strong>Goelebs</strong></span> <span class='ocrx_word' id='word_1_86' title='bbox 490 732 590 800; x_wconf 79' lang='lat' dir='ltr'><strong>soptim</strong></span> <span class='ocrx_word' id='word_1_87' title='bbox 607 730 662 802; x_wconf 76' lang='lat' dir='ltr'><strong>iti)</strong></span> <span class='ocrx_word' id='word_1_88' title='bbox 681 747 714 786; x_wconf 89' lang='lat' dir='ltr'><strong>eo</strong></span> <span class='ocrx_word' id='word_1_89' title='bbox 734 746 794 802; x_wconf 75' lang='lat' dir='ltr'><strong>que</strong></span> <span class='ocrx_word' id='word_1_90' title='bbox 812 735 875 788; x_wconf 85' lang='lat' dir='ltr'><strong>suat</strong></span> <span class='ocrx_word' id='word_1_91' title='bbox 926 731 1148 800; x_wconf 83' lang='lat' dir='ltr'><strong>concupiscentiis</strong></span> <span class='ocrx_word' id='word_1_92' title='bbox 1166 727 1280 800; x_wconf 76' lang='lat' dir='ltr'><strong>(dolui,</strong></span> <span class='ocrx_word' id='word_1_93' title='bbox 1298 745 1323 796; x_wconf 80' lang='lat' dir='ltr'><strong>v,</strong></span> <span class='ocrx_word' id='word_1_94' title='bbox 1338 727 1383 800; x_wconf 79' lang='lat' dir='ltr'><strong>ii)</strong></span> <span class='ocrx_word' id='word_1_95' title='bbox 1399 745 1406 782; x_wconf 78' lang='lat' dir='ltr'><strong>t</strong></span> <span class='ocrx_word' id='word_1_96' title='bbox 1423 731 1451 784; x_wconf 87' lang='lat' dir='ltr'><strong>ct</strong></span> <span class='ocrx_word' id='word_1_97' title='bbox 1468 745 1531 800; x_wconf 77' lang='lat' dir='ltr'><strong>ques</strong></span> <span class='ocrx_word' id='word_1_98' title='bbox 1550 746 1580 784; x_wconf 90' lang='lat' dir='ltr'><strong>se</strong></span> <span class='ocrx_word' id='word_1_99' title='bbox 1602 729 1738 802; x_wconf 90' lang='lat' dir='ltr'><strong>concupi-</strong></span> 
     </span>
     <span class='ocr_line' id='line_1_7' title="bbox 4 821 1739 902; baseline -0.002 -18"><span class='ocrx_word' id='word_1_100' title='bbox 4 885 5 902; x_wconf 56' lang='lat'><strong>,</strong></span> <span class='ocrx_word' id='word_1_101' title='bbox 82 828 180 888; x_wconf 73' lang='lat' dir='ltr'><strong>Domita,</strong></span> <span class='ocrx_word' id='word_1_102' title='bbox 207 825 336 896; x_wconf 66' lang='lat' dir='ltr'><strong>monteclo</strong></span> <span class='ocrx_word' id='word_1_103' title='bbox 362 826 472 896; x_wconf 84' lang='lat' dir='ltr'><strong>placeat</strong></span> <span class='ocrx_word' id='word_1_104' title='bbox 495 827 571 880; x_wconf 89' lang='lat' dir='ltr'><strong>Deo:</strong></span> <span class='ocrx_word' id='word_1_105' title='bbox 595 827 644 894; x_wconf 87' lang='lat' dir='ltr'><strong>qui</strong></span> <span class='ocrx_word' id='word_1_106' title='bbox 664 823 762 897; x_wconf 86' lang='grc'><strong>445</strong></span> <span class='ocrx_word' id='word_1_107' title='bbox 785 831 876 882; x_wconf 82' lang='lat' dir='ltr'><strong>autera</strong></span> <span class='ocrx_word' id='word_1_108' title='bbox 926 823 1038 880; x_wconf 88' lang='lat' dir='ltr'><strong>scentiis</strong></span> <span class='ocrx_word' id='word_1_109' title='bbox 1060 823 1151 878; x_wconf 87' lang='lat' dir='ltr'><strong>carnis</strong></span> <span class='ocrx_word' id='word_1_110' title='bbox 1179 827 1208 878; x_wconf 89' lang='lat' dir='ltr'><strong>et</strong></span> <span class='ocrx_word' id='word_1_111' title='bbox 1228 821 1303 878; x_wconf 90' lang='lat' dir='ltr'><strong>vitiis</strong></span> <span class='ocrx_word' id='word_1_112' title='bbox 1324 822 1503 878; x_wconf 77' lang='lat' dir='ltr'><strong>renuntiasse</strong></span> <span class='ocrx_word' id='word_1_113' title='bbox 1527 823 1685 894; x_wconf 85' lang='lat' dir='ltr'><strong>profitetur,</strong></span> <span class='ocrx_word' id='word_1_114' title='bbox 1710 825 1739 880; x_wconf 91' lang='lat' dir='ltr'><strong>in</strong></span> 
     </span>
     <span class='ocr_line' id='line_1_8' title="bbox 81 915 1738 990; baseline -0.001 -15"><span class='ocrx_word' id='word_1_115' title='bbox 81 921 264 976; x_wconf 77' lang='lat' dir='ltr'><strong>mirtrimoaium</strong></span> <span class='ocrx_word' id='word_1_116' title='bbox 282 922 430 984; x_wconf 74' lang='lat' dir='ltr'><strong>cocrtraeit,</strong></span> <span class='ocrx_word' id='word_1_117' title='bbox 455 921 556 986; x_wconf 76' lang='lat' dir='ltr'><strong>sopitat</strong></span> <span class='ocrx_word' id='word_1_118' title='bbox 573 935 604 974; x_wconf 89' lang='lat' dir='ltr'><strong>eo</strong></span> <span class='ocrx_word' id='word_1_119' title='bbox 622 935 682 988; x_wconf 81' lang='lat' dir='ltr'><strong>quaa</strong></span> <span class='ocrx_word' id='word_1_120' title='bbox 698 925 763 974; x_wconf 86' lang='lat' dir='ltr'><strong>suut</strong></span> <span class='ocrx_word' id='word_1_121' title='bbox 780 919 877 974; x_wconf 87' lang='lat' dir='ltr'><strong>muudi</strong></span> <span class='ocrx_word' id='word_1_122' title='bbox 927 919 1027 974; x_wconf 89' lang='lat' dir='ltr'><strong>iisdem</strong></span> <span class='ocrx_word' id='word_1_123' title='bbox 1041 917 1145 990; x_wconf 87' lang='lat' dir='ltr'><strong>quihus</strong></span> <span class='ocrx_word' id='word_1_124' title='bbox 1159 916 1378 984; x_wconf 79' lang='lat' dir='ltr'><strong>renuntiaverat,</strong></span> <span class='ocrx_word' id='word_1_125' title='bbox 1394 915 1555 972; x_wconf 87' lang='lat' dir='ltr'><strong>invenitur!</strong></span> <span class='ocrx_word' id='word_1_126' title='bbox 1574 917 1738 989; x_wconf 87' lang='lat' dir='ltr'><strong>Deprehen-</strong></span> 
     </span>
     <span class='ocr_line' id='line_1_9' title="bbox 81 1009 1740 1084; baseline 0 -15"><span class='ocrx_word' id='word_1_127' title='bbox 81 1016 158 1084; x_wconf 70' lang='lat' dir='ltr'><strong>lujua</strong></span> <span class='ocrx_word' id='word_1_128' title='bbox 184 1014 314 1084; x_wconf 67' lang='lat' dir='ltr'><strong>maredo</strong></span> <span class='ocrx_word' id='word_1_129' title='bbox 338 1013 447 1084; x_wconf 81' lang='lat' dir='ltr'><strong>plirceat</strong></span> <span class='ocrx_word' id='word_1_130' title='bbox 471 1015 562 1068; x_wconf 73' lang='lat' dir='ltr'><strong>usuri.</strong></span> <span class='ocrx_word' id='word_1_131' title='bbox 589 1013 633 1070; x_wconf 90' lang='lat' dir='ltr'><strong>Sic</strong></span> <span class='ocrx_word' id='word_1_132' title='bbox 657 1018 682 1068; x_wconf 87' lang='lat' dir='ltr'><strong>et</strong></span> <span class='ocrx_word' id='word_1_133' title='bbox 713 1015 789 1084; x_wconf 86' lang='lat' dir='ltr'><strong>uirpo</strong></span> <span class='ocrx_word' id='word_1_134' title='bbox 823 1015 874 1084; x_wconf 76' lang='lat' dir='ltr'><strong>(iil</strong></span> <span class='ocrx_word' id='word_1_135' title='bbox 927 1012 1106 1084; x_wconf 79' lang='lat' dir='ltr'><strong>deriavirgo,</strong></span> <span class='ocrx_word' id='word_1_136' title='bbox 1122 1011 1278 1084; x_wconf 80' lang='lat' dir='ltr'><strong>detegeris.</strong></span> <span class='ocrx_word' id='word_1_137' title='bbox 1298 1009 1381 1066; x_wconf 83' lang='lat' dir='ltr'><strong>hliud</strong></span> <span class='ocrx_word' id='word_1_138' title='bbox 1396 1011 1609 1081; x_wconf 87' lang='lat' dir='ltr'><strong>essetejacias,</strong></span> <span class='ocrx_word' id='word_1_139' title='bbox 1624 1014 1740 1069; x_wconf 87' lang='lat' dir='ltr'><strong>etaliud</strong></span> 
     </span>
     <span class='ocr_line' id='line_1_10' title="bbox 79 1103 1739 1178; baseline -0.001 -15"><span class='ocrx_word' id='word_1_140' title='bbox 79 1109 203 1163; x_wconf 71' lang='lat' dir='ltr'><strong>atuatici</strong></span> <span class='ocrx_word' id='word_1_141' title='bbox 222 1110 341 1178; x_wconf 83' lang='lat' dir='ltr'><strong>innupta</strong></span> <span class='ocrx_word' id='word_1_142' title='bbox 363 1109 464 1176; x_wconf 76' lang='lat' dir='ltr'><strong>sopitat</strong></span> <span class='ocrx_word' id='word_1_143' title='bbox 492 1122 524 1161; x_wconf 89' lang='lat' dir='ltr'><strong>ca</strong></span> <span class='ocrx_word' id='word_1_144' title='bbox 545 1121 604 1176; x_wconf 77' lang='lat' dir='ltr'><strong>quae</strong></span> <span class='ocrx_word' id='word_1_145' title='bbox 625 1112 688 1164; x_wconf 85' lang='lat' dir='ltr'><strong>suut</strong></span> <span class='ocrx_word' id='word_1_146' title='bbox 708 1109 826 1172; x_wconf 79' lang='lat' dir='ltr'><strong>Doiuini,</strong></span> <span class='ocrx_word' id='word_1_147' title='bbox 847 1113 878 1164; x_wconf 88' lang='lat' dir='ltr'><strong>ut</strong></span> <span class='ocrx_word' id='word_1_148' title='bbox 928 1106 1052 1162; x_wconf 86' lang='lat' dir='ltr'><strong>allectas.</strong></span> <span class='ocrx_word' id='word_1_149' title='bbox 1072 1105 1185 1161; x_wconf 83' lang='lat' dir='ltr'><strong>Maeuiis</strong></span> <span class='ocrx_word' id='word_1_150' title='bbox 1201 1109 1229 1159; x_wconf 89' lang='lat' dir='ltr'><strong>te</strong></span> <span class='ocrx_word' id='word_1_151' title='bbox 1252 1103 1489 1176; x_wconf 87' lang='lat' dir='ltr'><strong>concupiscentiae</strong></span> <span class='ocrx_word' id='word_1_152' title='bbox 1506 1105 1624 1159; x_wconf 86' lang='lat' dir='ltr'><strong>carnalis</strong></span> <span class='ocrx_word' id='word_1_153' title='bbox 1643 1121 1739 1177; x_wconf 89' lang='lat' dir='ltr'><strong>asper-</strong></span> 
     </span>
    </p>
   </div>
   <div class='ocr_carea' id='block_1_3' title="bbox 79 1196 1834 1272">
    <p class='ocr_par' dir='ltr' id='par_1_3' title="bbox 79 1196 1834 1272">
     <span class='ocr_line' id='line_1_11' title="bbox 79 1196 1834 1272; baseline -0.001 -16"><span class='ocrx_word' id='word_1_154' title='bbox 79 1205 106 1256; x_wconf 84' lang='lat' dir='ltr'><strong>sit</strong></span> <span class='ocrx_word' id='word_1_155' title='bbox 116 1206 204 1256; x_wconf 85' lang='lat' dir='ltr'><strong>sanctu</strong></span> <span class='ocrx_word' id='word_1_156' title='bbox 227 1208 252 1256; x_wconf 89' lang='lat' dir='ltr'><strong>et</strong></span> <span class='ocrx_word' id='word_1_157' title='bbox 277 1216 389 1272; x_wconf 79' lang='lat' dir='ltr'><strong>empore</strong></span> <span class='ocrx_word' id='word_1_158' title='bbox 404 1205 429 1254; x_wconf 88' lang='lat' dir='ltr'><strong>et</strong></span> <span class='ocrx_word' id='word_1_159' title='bbox 451 1203 553 1272; x_wconf 83' lang='lat' dir='ltr'><strong>spiritu</strong></span> <span class='ocrx_word' id='word_1_160' title='bbox 575 1201 595 1272; x_wconf 79' lang='lat' dir='ltr'><strong>il</strong></span> <span class='ocrx_word' id='word_1_161' title='bbox 611 1201 684 1264; x_wconf 68' lang='lat' dir='ltr'><strong>Gor„</strong></span> <span class='ocrx_word' id='word_1_162' title='bbox 699 1217 746 1268; x_wconf 88' lang='lat' dir='ltr'><strong>vu,</strong></span> <span class='ocrx_word' id='word_1_163' title='bbox 768 1203 875 1270; x_wconf 79' lang='lat' dir='ltr'><strong>ai-ti).</strong></span> <span class='ocrx_word' id='word_1_164' title='bbox 928 1200 971 1272; x_wconf 82' lang='lat' dir='ltr'><strong>gis</strong></span> <span class='ocrx_word' id='word_1_165' title='bbox 988 1200 1022 1268; x_wconf 76' lang='lat'><strong>²⁹,</strong></span> <span class='ocrx_word' id='word_1_166' title='bbox 1047 1215 1112 1256; x_wconf 89' lang='lat' dir='ltr'><strong>cum</strong></span> <span class='ocrx_word' id='word_1_167' title='bbox 1131 1197 1303 1270; x_wconf 80' lang='lat' dir='ltr'><strong>integritatis</strong></span> <span class='ocrx_word' id='word_1_168' title='bbox 1329 1198 1381 1268; x_wconf 78' lang='lat' dir='ltr'><strong>iii)</strong></span> <span class='ocrx_word' id='word_1_169' title='bbox 1403 1196 1555 1253; x_wconf 89' lang='lat' dir='ltr'><strong>candidate</strong></span> <span class='ocrx_word' id='word_1_170' title='bbox 1576 1198 1632 1270; x_wconf 78' lang='lat' dir='ltr'><strong>(ie)</strong></span> <span class='ocrx_word' id='word_1_171' title='bbox 1653 1200 1690 1255; x_wconf 88' lang='lat' dir='ltr'><strong>sis</strong></span> <span class='ocrx_word' id='word_1_172' title='bbox 1712 1205 1741 1256; x_wconf 88' lang='lat' dir='ltr'><strong>et</strong></span> <span class='ocrx_word' id='word_1_173' title='bbox 1831 1266 1834 1272; x_wconf 71' lang='lat'><strong>,</strong></span> 
     </span>
    </p>
   </div>
   <div class='ocr_carea' id='block_1_4' title="bbox 4 1290 1742 1932">
    <p class='ocr_par' dir='ltr' id='par_1_4' title="bbox 4 1290 1742 1932">
     <span class='ocr_line' id='line_1_12' title="bbox 79 1290 1741 1366; baseline 0.001 -18"><span class='ocrx_word' id='word_1_174' title='bbox 79 1297 148 1366; x_wconf 75' lang='lat' dir='ltr'><strong>iirgo</strong></span> <span class='ocrx_word' id='word_1_175' title='bbox 167 1311 309 1350; x_wconf 79' lang='lat' dir='ltr'><strong>annesae</strong></span> <span class='ocrx_word' id='word_1_176' title='bbox 334 1297 456 1364; x_wconf 74' lang='lat' dir='ltr'><strong>hoium,</strong></span> <span class='ocrx_word' id='word_1_177' title='bbox 481 1295 530 1350; x_wconf 91' lang='lat' dir='ltr'><strong>sed</strong></span> <span class='ocrx_word' id='word_1_178' title='bbox 553 1298 583 1350; x_wconf 92' lang='lat' dir='ltr'><strong>et</strong></span> <span class='ocrx_word' id='word_1_179' title='bbox 602 1293 724 1366; x_wconf 82' lang='lat' dir='ltr'><strong>intelligi</strong></span> <span class='ocrx_word' id='word_1_180' title='bbox 746 1295 829 1352; x_wconf 87' lang='lat' dir='ltr'><strong>debet</strong></span> <span class='ocrx_word' id='word_1_181' title='bbox 849 1299 879 1351; x_wconf 89' lang='lat' dir='ltr'><strong>at</strong></span> <span class='ocrx_word' id='word_1_182' title='bbox 927 1293 1056 1365; x_wconf 90' lang='lat' dir='ltr'><strong>pudoris.</strong></span> <span class='ocrx_word' id='word_1_183' title='bbox 1072 1293 1177 1362; x_wconf 80' lang='lat' dir='ltr'><strong>Clamo,</strong></span> <span class='ocrx_word' id='word_1_184' title='bbox 1192 1290 1288 1364; x_wconf 86' lang='grc'><strong>446</strong></span> <span class='ocrx_word' id='word_1_185' title='bbox 1310 1291 1405 1363; x_wconf 90' lang='lat' dir='ltr'><strong>iuquit</strong></span> <span class='ocrx_word' id='word_1_186' title='bbox 1425 1291 1503 1348; x_wconf 75' lang='lat' dir='ltr'><strong>isaie</strong></span> <span class='ocrx_word' id='word_1_187' title='bbox 1528 1292 1621 1348; x_wconf 88' lang='lat' dir='ltr'><strong>Deus:</strong></span> <span class='ocrx_word' id='word_1_188' title='bbox 1649 1295 1741 1350; x_wconf 79' lang='lat' dir='ltr'><strong>Omnis</strong></span> 
     </span>
     <span class='ocr_line' id='line_1_13' title="bbox 78 1387 1741 1461; baseline 0.001 -19"><span class='ocrx_word' id='word_1_189' title='bbox 78 1389 148 1444; x_wconf 85' lang='lat' dir='ltr'><strong>credi.</strong></span> <span class='ocrx_word' id='word_1_190' title='bbox 169 1390 255 1444; x_wconf 77' lang='lat' dir='ltr'><strong>Nemo</strong></span> <span class='ocrx_word' id='word_1_191' title='bbox 275 1405 341 1445; x_wconf 90' lang='lat' dir='ltr'><strong>eum</strong></span> <span class='ocrx_word' id='word_1_192' title='bbox 366 1388 511 1461; x_wconf 80' lang='lat' dir='ltr'><strong>virginem</strong></span> <span class='ocrx_word' id='word_1_193' title='bbox 534 1389 638 1445; x_wconf 86' lang='lat' dir='ltr'><strong>viderit</strong></span> <span class='ocrx_word' id='word_1_194' title='bbox 650 1389 687 1457; x_wconf 76' lang='lat'><strong>²⁸,</strong></span> <span class='ocrx_word' id='word_1_195' title='bbox 706 1388 818 1446; x_wconf 90' lang='lat' dir='ltr'><strong>dubitet</strong></span> <span class='ocrx_word' id='word_1_196' title='bbox 840 1407 877 1446; x_wconf 87' lang='lat' dir='ltr'><strong>eu</strong></span> <span class='ocrx_word' id='word_1_197' title='bbox 928 1404 991 1444; x_wconf 88' lang='lat' dir='ltr'><strong>caro</strong></span> <span class='ocrx_word' id='word_1_198' title='bbox 1001 1389 1104 1456; x_wconf 73' lang='lat' dir='ltr'><strong>tenum,</strong></span> <span class='ocrx_word' id='word_1_199' title='bbox 1122 1393 1147 1443; x_wconf 89' lang='lat' dir='ltr'><strong>et</strong></span> <span class='ocrx_word' id='word_1_200' title='bbox 1161 1389 1248 1442; x_wconf 82' lang='lat' dir='ltr'><strong>omnis</strong></span> <span class='ocrx_word' id='word_1_201' title='bbox 1260 1387 1373 1442; x_wconf 81' lang='lat' dir='ltr'><strong>claritas</strong></span> <span class='ocrx_word' id='word_1_202' title='bbox 1391 1387 1449 1455; x_wconf 82' lang='lat' dir='ltr'><strong>ejus</strong></span> <span class='ocrx_word' id='word_1_203' title='bbox 1465 1392 1496 1442; x_wconf 87' lang='lat' dir='ltr'><strong>ut</strong></span> <span class='ocrx_word' id='word_1_204' title='bbox 1512 1389 1560 1455; x_wconf 79' lang='lat' dir='ltr'><strong>{ios</strong></span> <span class='ocrx_word' id='word_1_205' title='bbox 1576 1391 1647 1456; x_wconf 72' lang='lat' dir='ltr'><strong>ferri.</strong></span> <span class='ocrx_word' id='word_1_206' title='bbox 1658 1389 1741 1444; x_wconf 83' lang='lat' dir='ltr'><strong>Aruit</strong></span> 
     </span>
     <span class='ocr_line' id='line_1_14' title="bbox 79 1481 1742 1556; baseline 0.002 -21"><span class='ocrx_word' id='word_1_207' title='bbox 79 1481 145 1554; x_wconf 79' lang='lat' dir='ltr'><strong>virgo</strong></span> <span class='ocrx_word' id='word_1_208' title='bbox 157 1482 192 1536; x_wconf 87' lang='lat' dir='ltr'><strong>sit</strong></span> <span class='ocrx_word' id='word_1_209' title='bbox 207 1482 275 1554; x_wconf 78' lang='lat' dir='ltr'><strong>(ii).</strong></span> <span class='ocrx_word' id='word_1_210' title='bbox 292 1484 393 1539; x_wconf 88' lang='lat' dir='ltr'><strong>Parem</strong></span> <span class='ocrx_word' id='word_1_211' title='bbox 406 1483 463 1556; x_wconf 74' lang='lat' dir='ltr'><strong>iil)</strong></span> <span class='ocrx_word' id='word_1_212' title='bbox 485 1488 512 1538; x_wconf 92' lang='lat' dir='ltr'><strong>te</strong></span> <span class='ocrx_word' id='word_1_213' title='bbox 527 1483 676 1554; x_wconf 81' lang='lat' dir='ltr'><strong>integritas</strong></span> <span class='ocrx_word' id='word_1_214' title='bbox 694 1484 723 1539; x_wconf 92' lang='lat' dir='ltr'><strong>iu</strong></span> <span class='ocrx_word' id='word_1_215' title='bbox 745 1483 878 1539; x_wconf 89' lang='lat' dir='ltr'><strong>omnibus</strong></span> <span class='ocrx_word' id='word_1_216' title='bbox 927 1485 1031 1550; x_wconf 71' lang='lat' dir='ltr'><strong>fenum,</strong></span> <span class='ocrx_word' id='word_1_217' title='bbox 1059 1487 1083 1536; x_wconf 89' lang='lat' dir='ltr'><strong>et</strong></span> <span class='ocrx_word' id='word_1_218' title='bbox 1105 1484 1153 1550; x_wconf 77' lang='lat' dir='ltr'><strong>llus</strong></span> <span class='ocrx_word' id='word_1_219' title='bbox 1176 1481 1276 1536; x_wconf 85' lang='lat' dir='ltr'><strong>decidii</strong></span> <span class='ocrx_word' id='word_1_220' title='bbox 1298 1499 1306 1534; x_wconf 75' lang='grc' dir='ltr'><em>τ</em></span> <span class='ocrx_word' id='word_1_221' title='bbox 1330 1496 1415 1536; x_wconf 86' lang='lat' dir='ltr'><strong>sermo</strong></span> <span class='ocrx_word' id='word_1_222' title='bbox 1437 1481 1491 1552; x_wconf 81' lang='lat' dir='ltr'><strong>(ib)</strong></span> <span class='ocrx_word' id='word_1_223' title='bbox 1517 1488 1609 1538; x_wconf 85' lang='lat' dir='ltr'><strong>autem</strong></span> <span class='ocrx_word' id='word_1_224' title='bbox 1636 1485 1742 1539; x_wconf 84' lang='lat' dir='ltr'><strong>Domini</strong></span> 
     </span>
     <span class='ocr_line' id='line_1_15' title="bbox 81 1575 1742 1648; baseline 0.002 -18"><span class='ocrx_word' id='word_1_225' title='bbox 81 1581 190 1646; x_wconf 82' lang='lat' dir='ltr'><strong>prestet,</strong></span> <span class='ocrx_word' id='word_1_226' title='bbox 208 1591 261 1632; x_wconf 90' lang='lat' dir='ltr'><strong>nec</strong></span> <span class='ocrx_word' id='word_1_227' title='bbox 276 1576 386 1632; x_wconf 91' lang='lat' dir='ltr'><strong>bonum</strong></span> <span class='ocrx_word' id='word_1_228' title='bbox 398 1577 637 1648; x_wconf 87' lang='lat' dir='ltr'><strong>mentiscorporis</strong></span> <span class='ocrx_word' id='word_1_229' title='bbox 648 1577 876 1634; x_wconf 87' lang='lat' dir='ltr'><strong>cultusiuiamet.</strong></span> <span class='ocrx_word' id='word_1_230' title='bbox 928 1581 1020 1632; x_wconf 82' lang='lat' dir='ltr'><strong>mouet</strong></span> <span class='ocrx_word' id='word_1_231' title='bbox 1038 1579 1067 1630; x_wconf 85' lang='lat' dir='ltr'><strong>iri</strong></span> <span class='ocrx_word' id='word_1_232' title='bbox 1089 1579 1219 1631; x_wconf 73' lang='lat' dir='ltr'><strong>cresum</strong></span> <span class='ocrx_word' id='word_1_233' title='bbox 1238 1577 1313 1644; x_wconf 77' lang='lat' dir='ltr'><strong>(lea,</strong></span> <span class='ocrx_word' id='word_1_234' title='bbox 1339 1591 1382 1644; x_wconf 83' lang='lat' dir='ltr'><strong>xi,</strong></span> <span class='ocrx_word' id='word_1_235' title='bbox 1398 1578 1467 1646; x_wconf 77' lang='lat' dir='ltr'><strong>ii·8i.</strong></span> <span class='ocrx_word' id='word_1_236' title='bbox 1484 1575 1635 1632; x_wconf 81' lang='lat' dir='ltr'><strong>Neminem</strong></span> <span class='ocrx_word' id='word_1_237' title='bbox 1650 1577 1742 1634; x_wconf 87' lang='lat' dir='ltr'><strong>Chris·</strong></span> 
     </span>
     <span class='ocr_line' id='line_1_16' title="bbox 78 1668 1740 1744; baseline 0.001 -20"><span class='ocrx_word' id='word_1_238' title='bbox 78 1669 136 1734; x_wconf 84' lang='lat' dir='ltr'><strong>Ouid</strong></span> <span class='ocrx_word' id='word_1_239' title='bbox 149 1675 259 1737; x_wconf 89' lang='lat' dir='ltr'><strong>oruata,</strong></span> <span class='ocrx_word' id='word_1_240' title='bbox 274 1670 342 1743; x_wconf 90' lang='lat' dir='ltr'><strong>quid</strong></span> <span class='ocrx_word' id='word_1_241' title='bbox 359 1677 475 1742; x_wconf 85' lang='lat' dir='ltr'><strong>compta</strong></span> <span class='ocrx_word' id='word_1_242' title='bbox 488 1671 630 1742; x_wconf 91' lang='lat' dir='ltr'><strong>procedit,</strong></span> <span class='ocrx_word' id='word_1_243' title='bbox 646 1671 726 1744; x_wconf 89' lang='lat' dir='ltr'><strong>quasi</strong></span> <span class='ocrx_word' id='word_1_244' title='bbox 743 1672 877 1727; x_wconf 90' lang='lat' dir='ltr'><strong>maritum</strong></span> <span class='ocrx_word' id='word_1_245' title='bbox 930 1670 1040 1725; x_wconf 90' lang='lat' dir='ltr'><strong>tianum</strong></span> <span class='ocrx_word' id='word_1_246' title='bbox 1069 1668 1170 1737; x_wconf 88' lang='lat' dir='ltr'><strong>decet,</strong></span> <span class='ocrx_word' id='word_1_247' title='bbox 1193 1675 1220 1724; x_wconf 92' lang='lat' dir='ltr'><strong>et</strong></span> <span class='ocrx_word' id='word_1_248' title='bbox 1246 1669 1371 1724; x_wconf 83' lang='lat' dir='ltr'><strong>maxime</strong></span> <span class='ocrx_word' id='word_1_249' title='bbox 1397 1668 1537 1741; x_wconf 82' lang='lat' dir='ltr'><strong>virginem</strong></span> <span class='ocrx_word' id='word_1_250' title='bbox 1564 1687 1620 1725; x_wconf 91' lang='lat' dir='ltr'><strong>uon</strong></span> <span class='ocrx_word' id='word_1_251' title='bbox 1645 1671 1740 1742; x_wconf 90' lang='lat' dir='ltr'><strong>decet,</strong></span> 
     </span>
     <span class='ocr_line' id='line_1_17' title="bbox 78 1755 1740 1837; baseline 0.002 -21"><span class='ocrx_word' id='word_1_252' title='bbox 78 1769 115 1817; x_wconf 87' lang='lat' dir='ltr'><strong>sut</strong></span> <span class='ocrx_word' id='word_1_253' title='bbox 135 1763 234 1818; x_wconf 85' lang='lat' dir='ltr'><strong>habeat</strong></span> <span class='ocrx_word' id='word_1_254' title='bbox 257 1769 305 1819; x_wconf 87' lang='lat' dir='ltr'><strong>aui</strong></span> <span class='ocrx_word' id='word_1_255' title='bbox 321 1766 454 1836; x_wconf 77' lang='lat' dir='ltr'><strong>quaerat?</strong></span> <span class='ocrx_word' id='word_1_256' title='bbox 468 1764 579 1820; x_wconf 85' lang='lat' dir='ltr'><strong>Timeat</strong></span> <span class='ocrx_word' id='word_1_257' title='bbox 600 1765 697 1837; x_wconf 90' lang='lat' dir='ltr'><strong>potius</strong></span> <span class='ocrx_word' id='word_1_258' title='bbox 718 1765 839 1837; x_wconf 88' lang='lat' dir='ltr'><strong>placere,</strong></span> <span class='ocrx_word' id='word_1_259' title='bbox 854 1755 1089 1828; x_wconf 88' lang='lat' dir='ltr'><strong>schlaritatem</strong></span> <span class='ocrx_word' id='word_1_260' title='bbox 1103 1763 1190 1818; x_wconf 84' lang='lat' dir='ltr'><strong>ullam</strong></span> <span class='ocrx_word' id='word_1_261' title='bbox 1214 1769 1378 1834; x_wconf 88' lang='lat' dir='ltr'><strong>computare</strong></span> <span class='ocrx_word' id='word_1_262' title='bbox 1394 1763 1417 1796; x_wconf 82' lang='lat'><strong>³⁰</strong></span> <span class='ocrx_word' id='word_1_263' title='bbox 1438 1763 1531 1818; x_wconf 88' lang='lat' dir='ltr'><strong>cernis</strong></span> <span class='ocrx_word' id='word_1_264' title='bbox 1551 1768 1579 1820; x_wconf 88' lang='lat' dir='ltr'><strong>et</strong></span> <span class='ocrx_word' id='word_1_265' title='bbox 1591 1765 1740 1834; x_wconf 87' lang='lat' dir='ltr'><strong>honorem,</strong></span> 
     </span>
     <span class='ocr_line' id='line_1_18' title="bbox 4 1857 1741 1932; baseline 0.003 -22"><span class='ocrx_word' id='word_1_266' title='bbox 4 1905 5 1932; x_wconf 51' lang='lat'>3</span> <span class='ocrx_word' id='word_1_267' title='bbox 78 1857 277 1927; x_wconf 81' lang='lat' dir='ltr'><strong>rirgoest,nec</strong></span> <span class='ocrx_word' id='word_1_268' title='bbox 292 1858 452 1930; x_wconf 87' lang='lat' dir='ltr'><strong>perieulum</strong></span> <span class='ocrx_word' id='word_1_269' title='bbox 476 1860 519 1914; x_wconf 88' lang='lat' dir='ltr'><strong>sui</strong></span> <span class='ocrx_word' id='word_1_270' title='bbox 539 1864 654 1931; x_wconf 89' lang='lat' dir='ltr'><strong>appetat</strong></span> <span class='ocrx_word' id='word_1_271' title='bbox 676 1875 739 1932; x_wconf 80' lang='lat' dir='ltr'><strong>quae</strong></span> <span class='ocrx_word' id='word_1_272' title='bbox 760 1860 794 1914; x_wconf 91' lang='lat' dir='ltr'><strong>ad</strong></span> <span class='ocrx_word' id='word_1_273' title='bbox 818 1875 877 1916; x_wconf 90' lang='lat' dir='ltr'><strong>me·</strong></span> <span class='ocrx_word' id='word_1_274' title='bbox 929 1857 979 1912; x_wconf 90' lang='lat' dir='ltr'><strong>sed</strong></span> <span class='ocrx_word' id='word_1_275' title='bbox 1005 1858 1096 1912; x_wconf 91' lang='lat' dir='ltr'><strong>solum</strong></span> <span class='ocrx_word' id='word_1_276' title='bbox 1126 1861 1261 1929; x_wconf 86' lang='lat' dir='ltr'><strong>appetere</strong></span> <span class='ocrx_word' id='word_1_277' title='bbox 1288 1873 1459 1922; x_wconf 80' lang='lat' dir='ltr'><strong>sermonem¹</strong></span> <span class='ocrx_word' id='word_1_278' title='bbox 1478 1859 1499 1892; x_wconf 82' lang='lat'><strong>²¹</strong></span> <span class='ocrx_word' id='word_1_279' title='bbox 1527 1859 1586 1928; x_wconf 90' lang='lat' dir='ltr'><strong>Dei,</strong></span> <span class='ocrx_word' id='word_1_280' title='bbox 1612 1859 1687 1915; x_wconf 83' lang='lat' dir='ltr'><strong>bona</strong></span> <span class='ocrx_word' id='word_1_281' title='bbox 1711 1861 1741 1916; x_wconf 92' lang='lat' dir='ltr'><strong>in</strong></span> 
     </span>
    </p>
   </div>
   <div class='ocr_carea' id='block_1_5' title="bbox 4 1950 1744 2022">
    <p class='ocr_par' dir='ltr' id='par_1_5' title="bbox 4 1950 1744 2022">
     <span class='ocr_line' id='line_1_19' title="bbox 4 1950 1744 2022; baseline 0.005 -19"><span class='ocrx_word' id='word_1_282' title='bbox 4 1953 5 1970; x_wconf 67' lang='lat'>¹</span> <span class='ocrx_word' id='word_1_283' title='bbox 78 1951 172 2006; x_wconf 87' lang='lat' dir='ltr'><strong>lioract</strong></span> <span class='ocrx_word' id='word_1_284' title='bbox 190 1950 289 2007; x_wconf 87' lang='lat' dir='ltr'><strong>divina</strong></span> <span class='ocrx_word' id='word_1_285' title='bbox 310 1967 341 2006; x_wconf 87' lang='lat' dir='ltr'><strong>se</strong></span> <span class='ocrx_word' id='word_1_286' title='bbox 362 1955 464 2008; x_wconf 89' lang='lat' dir='ltr'><strong>servat.</strong></span> <span class='ocrx_word' id='word_1_287' title='bbox 481 1952 549 2018; x_wconf 76' lang='lat' dir='ltr'><strong>Quae</strong></span> <span class='ocrx_word' id='word_1_288' title='bbox 566 1952 659 2008; x_wconf 89' lang='lat' dir='ltr'><strong>virum</strong></span> <span class='ocrx_word' id='word_1_289' title='bbox 680 1969 737 2008; x_wconf 91' lang='lat' dir='ltr'><strong>nou</strong></span> <span class='ocrx_word' id='word_1_290' title='bbox 761 1953 877 2021; x_wconf 89' lang='lat' dir='ltr'><strong>hebent,</strong></span> <span class='ocrx_word' id='word_1_291' title='bbox 929 1955 1069 2008; x_wconf 82' lang='lat' dir='ltr'><strong>aeteruum</strong></span> <span class='ocrx_word' id='word_1_292' title='bbox 1096 1967 1232 2007; x_wconf 87' lang='lat' dir='ltr'><strong>mansura</strong></span> <span class='ocrx_word' id='word_1_293' title='bbox 1253 1951 1411 2022; x_wconf 88' lang='lat' dir='ltr'><strong>complecti.</strong></span> <span class='ocrx_word' id='word_1_294' title='bbox 1429 1953 1485 2007; x_wconf 83' lang='lat' dir='ltr'><strong>hut</strong></span> <span class='ocrx_word' id='word_1_295' title='bbox 1507 1951 1530 2006; x_wconf 90' lang='lat' dir='ltr'><strong>si</strong></span> <span class='ocrx_word' id='word_1_296' title='bbox 1552 1952 1580 2006; x_wconf 93' lang='lat' dir='ltr'><strong>in</strong></span> <span class='ocrx_word' id='word_1_297' title='bbox 1601 1969 1686 2010; x_wconf 88' lang='lat' dir='ltr'><strong>earne</strong></span> <span class='ocrx_word' id='word_1_298' title='bbox 1707 1955 1744 2010; x_wconf 90' lang='lat' dir='ltr'><strong>sit</strong></span> 
     </span>
    </p>
   </div>
   <div class='ocr_carea' id='block_1_6' title="bbox 78 2044 1744 2213">
    <p class='ocr_par' dir='ltr' id='par_1_6' title="bbox 78 2044 1744 2213">
     <span class='ocr_line' id='line_1_20' title="bbox 78 2044 1743 2120; baseline 0.003 -21"><span class='ocrx_word' id='word_1_299' title='bbox 78 2044 112 2100; x_wconf 89' lang='lat' dir='ltr'><strong>cui</strong></span> <span class='ocrx_word' id='word_1_300' title='bbox 123 2045 230 2117; x_wconf 88' lang='lat' dir='ltr'><strong>placere</strong></span> <span class='ocrx_word' id='word_1_301' title='bbox 247 2045 437 2116; x_wconf 82' lang='lat' dir='ltr'><strong>assimulent,</strong></span> <span class='ocrx_word' id='word_1_302' title='bbox 453 2047 576 2120; x_wconf 76' lang='lat' dir='ltr'><strong>integra</strong></span> <span class='ocrx_word' id='word_1_303' title='bbox 592 2051 621 2103; x_wconf 91' lang='lat' dir='ltr'><strong>et</strong></span> <span class='ocrx_word' id='word_1_304' title='bbox 641 2063 718 2119; x_wconf 79' lang='lat' dir='ltr'><strong>purae</strong></span> <span class='ocrx_word' id='word_1_305' title='bbox 734 2065 793 2104; x_wconf 88' lang='lat' dir='ltr'><strong>uon</strong></span> <span class='ocrx_word' id='word_1_306' title='bbox 812 2051 877 2103; x_wconf 91' lang='lat' dir='ltr'><strong>tan·</strong></span> <span class='ocrx_word' id='word_1_307' title='bbox 929 2046 1121 2118; x_wconf 80' lang='lat' dir='ltr'><strong>gloriandum,</strong></span> <span class='ocrx_word' id='word_1_308' title='bbox 1136 2049 1203 2100; x_wconf 91' lang='lat' dir='ltr'><strong>tune</strong></span> <span class='ocrx_word' id='word_1_309' title='bbox 1223 2046 1305 2117; x_wconf 86' lang='lat' dir='ltr'><strong>plene</strong></span> <span class='ocrx_word' id='word_1_310' title='bbox 1321 2045 1436 2117; x_wconf 88' lang='lat' dir='ltr'><strong>quando</strong></span> <span class='ocrx_word' id='word_1_311' title='bbox 1455 2045 1484 2100; x_wconf 92' lang='lat' dir='ltr'><strong>iu</strong></span> <span class='ocrx_word' id='word_1_312' title='bbox 1504 2047 1660 2104; x_wconf 81' lang='lat' dir='ltr'><strong>nominis³²</strong></span> <span class='ocrx_word' id='word_1_313' title='bbox 1678 2065 1743 2104; x_wconf 92' lang='lat' dir='ltr'><strong>con·</strong></span> 
     </span>
     <span class='ocr_line' id='line_1_21' title="bbox 78 2139 1744 2213; baseline 0.004 -21"><span class='ocrx_word' id='word_1_314' title='bbox 78 2143 125 2192; x_wconf 89' lang='lat' dir='ltr'><strong>tum</strong></span> <span class='ocrx_word' id='word_1_315' title='bbox 148 2153 267 2210; x_wconf 86' lang='lat' dir='ltr'><strong>corpore</strong></span> <span class='ocrx_word' id='word_1_316' title='bbox 290 2139 357 2210; x_wconf 76' lang='lat' dir='ltr'><strong>(ie),</strong></span> <span class='ocrx_word' id='word_1_317' title='bbox 381 2140 430 2194; x_wconf 89' lang='lat' dir='ltr'><strong>sed</strong></span> <span class='ocrx_word' id='word_1_318' title='bbox 453 2140 541 2196; x_wconf 89' lang='lat' dir='ltr'><strong>etiam</strong></span> <span class='ocrx_word' id='word_1_319' title='bbox 563 2140 664 2212; x_wconf 88' lang='lat' dir='ltr'><strong>spiritu</strong></span> <span class='ocrx_word' id='word_1_320' title='bbox 687 2144 877 2213; x_wconf 84' lang='lat' dir='ltr'><strong>perseverent.</strong></span> <span class='ocrx_word' id='word_1_321' title='bbox 928 2139 1052 2196; x_wconf 76' lang='lat' dir='ltr'><strong>sessione</strong></span> <span class='ocrx_word' id='word_1_322' title='bbox 1081 2139 1240 2209; x_wconf 89' lang='lat' dir='ltr'><strong>cruciatur,</strong></span> <span class='ocrx_word' id='word_1_323' title='bbox 1270 2139 1383 2212; x_wconf 86' lang='lat' dir='ltr'><strong>quando</strong></span> <span class='ocrx_word' id='word_1_324' title='bbox 1414 2139 1515 2196; x_wconf 89' lang='lat' dir='ltr'><strong>iortior</strong></span> <span class='ocrx_word' id='word_1_325' title='bbox 1545 2140 1652 2196; x_wconf 81' lang='lat' dir='ltr'><strong>femina</strong></span> <span class='ocrx_word' id='word_1_326' title='bbox 1679 2143 1744 2198; x_wconf 87' lang='lat' dir='ltr'><strong>viris</strong></span> 
     </span>
    </p>
   </div>
   <div class='ocr_carea' id='block_1_7' title="bbox 78 2231 1830 2308">
    <p class='ocr_par' dir='ltr' id='par_1_7' title="bbox 78 2231 1830 2308">
     <span class='ocr_line' id='line_1_22' title="bbox 78 2231 1830 2308; baseline 0.003 -23"><span class='ocrx_word' id='word_1_327' title='bbox 78 2231 158 2304; x_wconf 85' lang='lat' dir='ltr'><strong>licque</strong></span> <span class='ocrx_word' id='word_1_328' title='bbox 177 2233 253 2288; x_wconf 88' lang='lat' dir='ltr'><strong>enim</strong></span> <span class='ocrx_word' id='word_1_329' title='bbox 278 2233 320 2288; x_wconf 88' lang='lat' dir='ltr'><strong>ias</strong></span> <span class='ocrx_word' id='word_1_330' title='bbox 345 2236 387 2289; x_wconf 85' lang='lat' dir='ltr'><strong>esi</strong></span> <span class='ocrx_word' id='word_1_331' title='bbox 404 2233 545 2306; x_wconf 79' lang='lat' dir='ltr'><strong>virginem</strong></span> <span class='ocrx_word' id='word_1_332' title='bbox 568 2234 605 2289; x_wconf 93' lang='lat' dir='ltr'><strong>ad</strong></span> <span class='ocrx_word' id='word_1_333' title='bbox 631 2235 753 2308; x_wconf 87' lang='lat' dir='ltr'><strong>speciem</strong></span> <span class='ocrx_word' id='word_1_334' title='bbox 776 2235 879 2291; x_wconf 79' lang='lat' dir='ltr'><strong>turmae</strong></span> <span class='ocrx_word' id='word_1_335' title='bbox 930 2233 1130 2307; x_wconf 84' lang='lat' dir='ltr'><strong>torquentibus</strong></span> <span class='ocrx_word' id='word_1_336' title='bbox 1155 2233 1309 2303; x_wconf 87' lang='lat' dir='ltr'><strong>invenitur,</strong></span> <span class='ocrx_word' id='word_1_337' title='bbox 1329 2233 1445 2305; x_wconf 89' lang='lat' dir='ltr'><strong>quaudo</strong></span> <span class='ocrx_word' id='word_1_338' title='bbox 1471 2233 1554 2306; x_wconf 81' lang='lat' dir='ltr'><strong>ignes</strong></span> <span class='ocrx_word' id='word_1_339' title='bbox 1572 2241 1622 2290; x_wconf 87' lang='lat' dir='ltr'><strong>eut</strong></span> <span class='ocrx_word' id='word_1_340' title='bbox 1647 2253 1743 2294; x_wconf 88' lang='lat' dir='ltr'><strong>cruces</strong></span> <span class='ocrx_word' id='word_1_341' title='bbox 1820 2277 1830 2298; x_wconf 77' lang='lat'><strong>,</strong></span> 
     </span>
    </p>
   </div>
   <div class='ocr_carea' id='block_1_8' title="bbox 4 2326 1745 2970">
    <p class='ocr_par' dir='ltr' id='par_1_8' title="bbox 4 2326 1745 2589">
     <span class='ocr_line' id='line_1_23' title="bbox 78 2326 1744 2401; baseline 0.005 -23"><span class='ocrx_word' id='word_1_342' title='bbox 78 2342 122 2380; x_wconf 80' lang='lat' dir='ltr'><strong>sua</strong></span> <span class='ocrx_word' id='word_1_343' title='bbox 135 2326 203 2381; x_wconf 87' lang='lat' dir='ltr'><strong>comi</strong></span> <span class='ocrx_word' id='word_1_344' title='bbox 219 2329 276 2396; x_wconf 76' lang='lat' dir='ltr'><strong>iiii)</strong></span> <span class='ocrx_word' id='word_1_345' title='bbox 292 2333 341 2382; x_wconf 88' lang='lat' dir='ltr'><strong>aut</strong></span> <span class='ocrx_word' id='word_1_346' title='bbox 356 2327 491 2383; x_wconf 87' lang='lat' dir='ltr'><strong>decarne</strong></span> <span class='ocrx_word' id='word_1_347' title='bbox 506 2329 878 2401; x_wconf 88' lang='lat' dir='ltr'><strong>etdeejuspulehritudine</strong></span> <span class='ocrx_word' id='word_1_348' title='bbox 928 2333 977 2384; x_wconf 88' lang='lat' dir='ltr'><strong>aut</strong></span> <span class='ocrx_word' id='word_1_349' title='bbox 993 2327 1100 2382; x_wconf 84' lang='lat' dir='ltr'><strong>terrum</strong></span> <span class='ocrx_word' id='word_1_350' title='bbox 1122 2331 1171 2383; x_wconf 92' lang='lat' dir='ltr'><strong>aui</strong></span> <span class='ocrx_word' id='word_1_351' title='bbox 1193 2327 1297 2382; x_wconf 87' lang='lat' dir='ltr'><strong>bestias</strong></span> <span class='ocrx_word' id='word_1_352' title='bbox 1323 2327 1431 2398; x_wconf 89' lang='lat' dir='ltr'><strong>patitur</strong></span> <span class='ocrx_word' id='word_1_353' title='bbox 1454 2332 1486 2382; x_wconf 91' lang='lat' dir='ltr'><strong>ut</strong></span> <span class='ocrx_word' id='word_1_354' title='bbox 1507 2332 1671 2386; x_wconf 85' lang='lat' dir='ltr'><strong>coronetur.</strong></span> <span class='ocrx_word' id='word_1_355' title='bbox 1696 2331 1744 2386; x_wconf 89' lang='lat' dir='ltr'><strong>llla</strong></span> 
     </span>
     <span class='ocr_line' id='line_1_24' title="bbox 4 2419 1745 2496; baseline 0.008 -28"><span class='ocrx_word' id='word_1_356' title='bbox 4 2463 5 2468; x_wconf 73' lang='grc'>,</span> <span class='ocrx_word' id='word_1_357' title='bbox 78 2419 185 2488; x_wconf 84' lang='lat' dir='ltr'><strong>ploriari,</strong></span> <span class='ocrx_word' id='word_1_358' title='bbox 199 2437 268 2476; x_wconf 84' lang='lat' dir='ltr'><strong>erim</strong></span> <span class='ocrx_word' id='word_1_359' title='bbox 283 2419 880 2494; x_wconf 79' lang='lat' dir='ltr'><strong>nullasltillimagisquamadversuscar·</strong></span> <span class='ocrx_word' id='word_1_360' title='bbox 930 2425 996 2478; x_wconf 89' lang='lat' dir='ltr'><strong>sunt</strong></span> <span class='ocrx_word' id='word_1_361' title='bbox 1020 2422 1111 2478; x_wconf 88' lang='lat' dir='ltr'><strong>carnis</strong></span> <span class='ocrx_word' id='word_1_362' title='bbox 1140 2421 1261 2492; x_wconf 83' lang='lat' dir='ltr'><strong>pretiosa</strong></span> <span class='ocrx_word' id='word_1_363' title='bbox 1286 2422 1414 2492; x_wconf 90' lang='lat' dir='ltr'><strong>monilia,</strong></span> <span class='ocrx_word' id='word_1_364' title='bbox 1437 2421 1487 2476; x_wconf 90' lang='lat' dir='ltr'><strong>illa</strong></span> <span class='ocrx_word' id='word_1_365' title='bbox 1511 2425 1637 2496; x_wconf 86' lang='lat' dir='ltr'><strong>corporis</strong></span> <span class='ocrx_word' id='word_1_366' title='bbox 1661 2443 1745 2482; x_wconf 87' lang='lat' dir='ltr'><strong>orua-</strong></span> 
     </span>
     <span class='ocr_line' id='line_1_25' title="bbox 4 2514 1168 2589; baseline 0.003 -23"><span class='ocrx_word' id='word_1_367' title='bbox 4 2539 5 2566; x_wconf 89' lang='lat' dir='ltr'><strong>i</strong></span> <span class='ocrx_word' id='word_1_368' title='bbox 77 2529 128 2566; x_wconf 82' lang='lat' dir='ltr'><strong>urm</strong></span> <span class='ocrx_word' id='word_1_369' title='bbox 149 2514 311 2570; x_wconf 77' lang='lat' dir='ltr'><strong>colluctatio</strong></span> <span class='ocrx_word' id='word_1_370' title='bbox 332 2519 361 2569; x_wconf 90' lang='lat' dir='ltr'><strong>et</strong></span> <span class='ocrx_word' id='word_1_371' title='bbox 382 2515 512 2570; x_wconf 88' lang='lat' dir='ltr'><strong>vincendi</strong></span> <span class='ocrx_word' id='word_1_372' title='bbox 536 2516 664 2589; x_wconf 84' lang='lat' dir='ltr'><strong>corporis</strong></span> <span class='ocrx_word' id='word_1_373' title='bbox 685 2533 717 2572; x_wconf 89' lang='lat' dir='ltr'><strong>ac</strong></span> <span class='ocrx_word' id='word_1_374' title='bbox 743 2516 880 2572; x_wconf 87' lang='lat' dir='ltr'><strong>domandi</strong></span> <span class='ocrx_word' id='word_1_375' title='bbox 930 2521 1026 2572; x_wconf 81' lang='lat' dir='ltr'><strong>menia</strong></span> <span class='ocrx_word' id='word_1_376' title='bbox 1041 2516 1168 2571; x_wconf 88' lang='lat' dir='ltr'><strong>meliora.</strong></span> 
     </span>
    </p>

    <p class='ocr_par' dir='ltr' id='par_1_9' title="bbox 4 2605 1745 2970">
     <span class='ocr_line' id='line_1_26' title="bbox 4 2605 1745 2679; baseline 0.007 -22"><span class='ocrx_word' id='word_1_377' title='bbox 4 2615 5 2640; x_wconf 72' lang='lat' dir='ltr'><strong>t</strong></span> <span class='ocrx_word' id='word_1_378' title='bbox 77 2605 202 2662; x_wconf 78' lang='lat' dir='ltr'><strong>obstinata</strong></span> <span class='ocrx_word' id='word_1_379' title='bbox 214 2608 346 2665; x_wconf 85' lang='lat' dir='ltr'><strong>certatio.</strong></span> <span class='ocrx_word' id='word_1_380' title='bbox 965 2611 1021 2666; x_wconf 87' lang='lat' dir='ltr'><strong>Vll.</strong></span> <span class='ocrx_word' id='word_1_381' title='bbox 1034 2610 1089 2665; x_wconf 89' lang='lat' dir='ltr'><strong>Sed</strong></span> <span class='ocrx_word' id='word_1_382' title='bbox 1103 2615 1168 2664; x_wconf 90' lang='lat' dir='ltr'><strong>sunt</strong></span> <span class='ocrx_word' id='word_1_383' title='bbox 1183 2609 1288 2679; x_wconf 80' lang='lat' dir='ltr'><strong>aliquae</strong></span> <span class='ocrx_word' id='word_1_384' title='bbox 1304 2609 1405 2666; x_wconf 86' lang='lat' dir='ltr'><strong>divites</strong></span> <span class='ocrx_word' id='word_1_385' title='bbox 1424 2613 1453 2666; x_wconf 89' lang='lat' dir='ltr'><strong>ei</strong></span> <span class='ocrx_word' id='word_1_386' title='bbox 1472 2610 1639 2668; x_wconf 77' lang='lat' dir='ltr'><strong>facultatum</strong></span> <span class='ocrx_word' id='word_1_387' title='bbox 1657 2615 1745 2670; x_wconf 92' lang='lat' dir='ltr'><strong>uber·</strong></span> 
     </span>
     <span class='ocr_line' id='line_1_27' title="bbox 4 2700 1745 2780; baseline 0.006 -29"><span class='ocrx_word' id='word_1_388' title='bbox 4 2763 5 2780; x_wconf 66' lang='lat'><strong>,</strong></span> <span class='ocrx_word' id='word_1_389' title='bbox 105 2700 141 2754; x_wconf 87' lang='lat' dir='ltr'><strong>i&#39;t.</strong></span> <span class='ocrx_word' id='word_1_390' title='bbox 174 2703 281 2757; x_wconf 85' lang='lat' dir='ltr'><strong>Paulus</strong></span> <span class='ocrx_word' id='word_1_391' title='bbox 304 2702 372 2758; x_wconf 85' lang='lat' dir='ltr'><strong>forti</strong></span> <span class='ocrx_word' id='word_1_392' title='bbox 399 2719 430 2758; x_wconf 92' lang='lat' dir='ltr'><strong>ac</strong></span> <span class='ocrx_word' id='word_1_393' title='bbox 456 2703 569 2760; x_wconf 88' lang='lat' dir='ltr'><strong>sublimi</strong></span> <span class='ocrx_word' id='word_1_394' title='bbox 595 2721 661 2758; x_wconf 92' lang='lat' dir='ltr'><strong>voce</strong></span> <span class='ocrx_word' id='word_1_395' title='bbox 688 2706 845 2776; x_wconf 89' lang='lat' dir='ltr'><strong>proclamat</strong></span> <span class='ocrx_word' id='word_1_396' title='bbox 871 2723 878 2760; x_wconf 90' lang='lat'>:</span> <span class='ocrx_word' id='word_1_397' title='bbox 930 2709 988 2760; x_wconf 88' lang='lat' dir='ltr'><strong>tate</strong></span> <span class='ocrx_word' id='word_1_398' title='bbox 1004 2704 1174 2775; x_wconf 87' lang='lat' dir='ltr'><strong>locupletes,</strong></span> <span class='ocrx_word' id='word_1_399' title='bbox 1189 2705 1745 2775; x_wconf 78' lang='lat' dir='ltr'><strong>qumopessuospraelersntetsebonis</strong></span> 
     </span>
     <span class='ocr_line' id='line_1_28' title="bbox 4 2791 1745 2871; baseline 0.005 -21"><span class='ocrx_word' id='word_1_400' title='bbox 4 2791 5 2850; x_wconf 76' lang='lat' dir='ltr'><strong>j</strong></span> <span class='ocrx_word' id='word_1_401' title='bbox 77 2793 227 2851; x_wconf 83' lang='lat' dir='ltr'><strong>iiiiiuutrm</strong></span> <span class='ocrx_word' id='word_1_402' title='bbox 241 2796 443 2864; x_wconf 75' lang='lat' dir='ltr'><strong>uisitatoriori</strong></span> <span class='ocrx_word' id='word_1_403' title='bbox 463 2800 517 2854; x_wconf 86' lang='lat' dir='ltr'><strong>nisi</strong></span> <span class='ocrx_word' id='word_1_404' title='bbox 539 2801 660 2854; x_wconf 83' lang='lat' dir='ltr'><strong>inorucc</strong></span> <span class='ocrx_word' id='word_1_405' title='bbox 679 2801 789 2854; x_wconf 84' lang='lat' dir='ltr'><strong>Domini</strong></span> <span class='ocrx_word' id='word_1_406' title='bbox 813 2815 877 2854; x_wconf 83' lang='lat' dir='ltr'><strong>aes·</strong></span> <span class='ocrx_word' id='word_1_407' title='bbox 929 2799 987 2852; x_wconf 91' lang='lat' dir='ltr'><strong>sois</strong></span> <span class='ocrx_word' id='word_1_408' title='bbox 1014 2797 1053 2852; x_wconf 95' lang='lat' dir='ltr'><strong>uti</strong></span> <span class='ocrx_word' id='word_1_409' title='bbox 1080 2797 1186 2852; x_wconf 89' lang='lat' dir='ltr'><strong>debere</strong></span> <span class='ocrx_word' id='word_1_410' title='bbox 1209 2797 1397 2853; x_wconf 89' lang='lat' dir='ltr'><strong>contendant.</strong></span> <span class='ocrx_word' id='word_1_411' title='bbox 1423 2798 1519 2854; x_wconf 85' lang='lat' dir='ltr'><strong>Sciant</strong></span> <span class='ocrx_word' id='word_1_412' title='bbox 1546 2799 1641 2871; x_wconf 90' lang='lat' dir='ltr'><strong>primo</strong></span> <span class='ocrx_word' id='word_1_413' title='bbox 1667 2801 1745 2858; x_wconf 87' lang='lat' dir='ltr'><strong>illam</strong></span> 
     </span>
     <span class='ocr_line' id='line_1_29' title="bbox 4 2891 1744 2970; baseline 0.007 -30"><span class='ocrx_word' id='word_1_414' title='bbox 4 2965 5 2970; x_wconf 7' lang='grc' dir='ltr'>η</span> <span class='ocrx_word' id='word_1_415' title='bbox 77 2891 106 2940; x_wconf 85' lang='lat' dir='ltr'><strong>iri</strong></span> <span class='ocrx_word' id='word_1_416' title='bbox 121 2891 177 2944; x_wconf 81' lang='lat' dir='ltr'><strong>iasa</strong></span> <span class='ocrx_word' id='word_1_417' title='bbox 202 2891 323 2953; x_wconf 77' lang='lat' dir='ltr'><strong>Christi,</strong></span> <span class='ocrx_word' id='word_1_418' title='bbox 345 2906 397 2962; x_wconf 86' lang='lat' dir='ltr'><strong>per</strong></span> <span class='ocrx_word' id='word_1_419' title='bbox 414 2907 490 2962; x_wconf 84' lang='lat' dir='ltr'><strong>quem</strong></span> <span class='ocrx_word' id='word_1_420' title='bbox 513 2891 581 2947; x_wconf 84' lang='lat' dir='ltr'><strong>milii</strong></span> <span class='ocrx_word' id='word_1_421' title='bbox 602 2893 717 2950; x_wconf 76' lang='lat' dir='ltr'><strong>mulidus</strong></span> <span class='ocrx_word' id='word_1_422' title='bbox 736 2896 879 2964; x_wconf 66' lang='lat' dir='ltr'><strong>amicus</strong></span> <span class='ocrx_word' id='word_1_423' title='bbox 930 2891 1047 2948; x_wconf 90' lang='lat' dir='ltr'><strong>divitem</strong></span> <span class='ocrx_word' id='word_1_424' title='bbox 1062 2907 1121 2948; x_wconf 89' lang='lat' dir='ltr'><strong>esse</strong></span> <span class='ocrx_word' id='word_1_425' title='bbox 1142 2907 1206 2963; x_wconf 82' lang='lat' dir='ltr'><strong>quie</strong></span> <span class='ocrx_word' id='word_1_426' title='bbox 1228 2891 1256 2946; x_wconf 91' lang='lat' dir='ltr'><strong>in</strong></span> <span class='ocrx_word' id='word_1_427' title='bbox 1280 2891 1336 2948; x_wconf 90' lang='lat' dir='ltr'><strong>Deo</strong></span> <span class='ocrx_word' id='word_1_428' title='bbox 1356 2891 1435 2948; x_wconf 89' lang='lat' dir='ltr'><strong>dives</strong></span> <span class='ocrx_word' id='word_1_429' title='bbox 1451 2899 1504 2960; x_wconf 90' lang='lat' dir='ltr'><strong>est,</strong></span> <span class='ocrx_word' id='word_1_430' title='bbox 1519 2893 1597 2949; x_wconf 87' lang='lat' dir='ltr'><strong>illem</strong></span> <span class='ocrx_word' id='word_1_431' title='bbox 1619 2910 1680 2952; x_wconf 89' lang='lat' dir='ltr'><strong>esse</strong></span> <span class='ocrx_word' id='word_1_432' title='bbox 1702 2896 1744 2952; x_wconf 92' lang='lat' dir='ltr'><strong>lo·</strong></span> 
     </span>
    </p>
   </div>
   <div class='ocr_carea' id='block_1_9' title="bbox 757 3038 1050 3104">
    <p class='ocr_par' dir='ltr' id='par_1_10' title="bbox 757 3038 1050 3104">
     <span class='ocr_line' id='line_1_30' title="bbox 757 3038 1050 3104; baseline -0.014 0"><span class='ocrx_word' id='word_1_433' title='bbox 757 3039 861 3104; x_wconf 81' lang='lat' dir='ltr'><strong>Variae</strong></span> <span class='ocrx_word' id='word_1_434' title='bbox 882 3038 1050 3104; x_wconf 86' lang='lat' dir='ltr'><strong>lectiones.</strong></span> 
     </span>
    </p>
   </div>
   <div class='ocr_carea' id='block_1_10' title="bbox 100 3174 1737 3244">
    <p class='ocr_par' dir='ltr' id='par_1_11' title="bbox 100 3174 1737 3244">
     <span class='ocr_line' id='line_1_31' title="bbox 100 3174 1737 3244; baseline 0.005 -19"><span class='ocrx_word' id='word_1_435' title='bbox 100 3174 441 3229; x_wconf 68' lang='lat' dir='ltr'><strong>inanissimarum.</strong></span> <span class='ocrx_word' id='word_1_436' title='bbox 480 3176 655 3242; x_wconf 75' lang='lat' dir='ltr'><strong>¹⁸Virginem</strong></span> <span class='ocrx_word' id='word_1_437' title='bbox 670 3177 1029 3230; x_wconf 80' lang='lat' dir='ltr'><strong>ridetOeoa.VideretLirr.</strong></span> <span class='ocrx_word' id='word_1_438' title='bbox 1047 3177 1113 3226; x_wconf 85' lang='lat' dir='ltr'><strong>Voss.</strong></span> <span class='ocrx_word' id='word_1_439' title='bbox 1130 3180 1152 3228; x_wconf 91' lang='lat' dir='ltr'><strong>l.</strong></span> <span class='ocrx_word' id='word_1_440' title='bbox 1166 3179 1235 3230; x_wconf 70' lang='lat' dir='ltr'><strong>um.</strong></span> <span class='ocrx_word' id='word_1_441' title='bbox 1252 3178 1327 3229; x_wconf 77' lang='lat' dir='ltr'><strong>Ebur.</strong></span> <span class='ocrx_word' id='word_1_442' title='bbox 1361 3179 1382 3212; x_wconf 82' lang='lat'><strong>¹⁹</strong></span> <span class='ocrx_word' id='word_1_443' title='bbox 1393 3178 1491 3230; x_wconf 88' lang='lat' dir='ltr'><strong>Carnis</strong></span> <span class='ocrx_word' id='word_1_444' title='bbox 1505 3181 1628 3244; x_wconf 82' lang='lat' dir='ltr'><strong>aspergis</strong></span> <span class='ocrx_word' id='word_1_445' title='bbox 1641 3182 1737 3234; x_wconf 80' lang='lat' dir='ltr'><strong>iterii¹</strong></span> 
     </span>
    </p>
   </div>
   <div class='ocr_carea' id='block_1_11' title="bbox 5 3241 1738 3365">
    <p class='ocr_par' dir='ltr' id='par_1_12' title="bbox 5 3241 1738 3365">
     <span class='ocr_line' id='line_1_32' title="bbox 5 3241 1738 3365; baseline 0.013 -71"><span class='ocrx_word' id='word_1_446' title='bbox 5 3241 6 3268; x_wconf 65' lang='lat'><em>²</em></span> <span class='ocrx_word' id='word_1_447' title='bbox 79 3247 242 3365; x_wconf 42' lang='lat' dir='ltr'><strong>gessonas</strong></span> <span class='ocrx_word' id='word_1_448' title='bbox 257 3250 304 3300; x_wconf 71' lang='lat' dir='ltr'><strong>ar.</strong></span> <span class='ocrx_word' id='word_1_449' title='bbox 319 3249 391 3300; x_wconf 78' lang='lat' dir='ltr'><strong>iam.</strong></span> <span class='ocrx_word' id='word_1_450' title='bbox 405 3248 458 3299; x_wconf 83' lang='lat' dir='ltr'><strong>uc.</strong></span> <span class='ocrx_word' id='word_1_451' title='bbox 474 3251 496 3299; x_wconf 84' lang='lat' dir='ltr'><strong>i.</strong></span> <span class='ocrx_word' id='word_1_452' title='bbox 517 3249 591 3300; x_wconf 68' lang='lat' dir='ltr'><strong>neor.</strong></span> <span class='ocrx_word' id='word_1_453' title='bbox 606 3250 631 3300; x_wconf 83' lang='lat' dir='ltr'><strong>s.</strong></span> <span class='ocrx_word' id='word_1_454' title='bbox 648 3251 707 3302; x_wconf 73' lang='lat' dir='ltr'><strong>aen.</strong></span> <span class='ocrx_word' id='word_1_455' title='bbox 742 3252 895 3306; x_wconf 65' lang='lat' dir='ltr'><strong>³merium</strong></span> <span class='ocrx_word' id='word_1_456' title='bbox 909 3259 1007 3309; x_wconf 74' lang='lat' dir='ltr'><strong>soit.</strong></span> <span class='ocrx_word' id='word_1_457' title='bbox 1028 3259 1095 3308; x_wconf 62' lang='lat' dir='ltr'><strong>aas.</strong></span> <span class='ocrx_word' id='word_1_458' title='bbox 1129 3247 1287 3303; x_wconf 75' lang='lat' dir='ltr'><strong>uuomims</strong></span> <span class='ocrx_word' id='word_1_459' title='bbox 1308 3249 1410 3302; x_wconf 78' lang='lat' dir='ltr'><strong>Christi</strong></span> <span class='ocrx_word' id='word_1_460' title='bbox 1431 3250 1484 3302; x_wconf 77' lang='lat' dir='ltr'><strong>NC-</strong></span> <span class='ocrx_word' id='word_1_461' title='bbox 1501 3253 1523 3301; x_wconf 80' lang='lat' dir='ltr'><strong>i·</strong></span> <span class='ocrx_word' id='word_1_462' title='bbox 1543 3251 1612 3302; x_wconf 78' lang='lat' dir='ltr'><strong>iam.</strong></span> <span class='ocrx_word' id='word_1_463' title='bbox 1636 3253 1699 3304; x_wconf 73' lang='lat' dir='ltr'><strong>iod·</strong></span> <span class='ocrx_word' id='word_1_464' title='bbox 1714 3253 1738 3305; x_wconf 63' lang='grc' dir='ltr'><strong>Ξ·</strong></span> 
     </span>
    </p>
   </div>
   <div class='ocr_carea' id='block_1_12' title="bbox 723 3405 1104 3487">
    <p class='ocr_par' dir='ltr' id='par_1_13' title="bbox 723 3405 1104 3487">
     <span class='ocr_line' id='line_1_33' title="bbox 723 3405 1104 3487; baseline 0 -17"><span class='ocrx_word' id='word_1_465' title='bbox 723 3405 835 3487; x_wconf 89' lang='lat' dir='ltr'><strong>Steph.</strong></span> <span class='ocrx_word' id='word_1_466' title='bbox 859 3407 982 3473; x_wconf 84' lang='lat' dir='ltr'><strong>llaluzii</strong></span> <span class='ocrx_word' id='word_1_467' title='bbox 1004 3414 1104 3474; x_wconf 85' lang='lat' dir='ltr'><strong>notae.</strong></span> 
     </span>
    </p>
   </div>
   <div class='ocr_carea' id='block_1_13' title="bbox 7 3525 1748 5892">
    <p class='ocr_par' dir='ltr' id='par_1_14' title="bbox 76 3525 1743 3672">
     <span class='ocr_line' id='line_1_34' title="bbox 100 3525 1743 3601; baseline 0.006 -27"><span class='ocrx_word' id='word_1_468' title='bbox 100 3525 139 3588; x_wconf 69' lang='lat' dir='ltr'><strong>tili</strong></span> <span class='ocrx_word' id='word_1_469' title='bbox 167 3527 336 3578; x_wconf 78' lang='lat' dir='ltr'><strong>continentia</strong></span> <span class='ocrx_word' id='word_1_470' title='bbox 359 3539 422 3579; x_wconf 84' lang='lat' dir='ltr'><strong>vero</strong></span> <span class='ocrx_word' id='word_1_471' title='bbox 449 3534 472 3579; x_wconf 87' lang='lat' dir='ltr'><strong>et</strong></span> <span class='ocrx_word' id='word_1_472' title='bbox 499 3529 639 3593; x_wconf 78' lang='lat' dir='ltr'><strong>pudicitia.</strong></span> <span class='ocrx_word' id='word_1_473' title='bbox 663 3531 733 3584; x_wconf 89' lang='lat' dir='ltr'><strong>Vide</strong></span> <span class='ocrx_word' id='word_1_474' title='bbox 753 3547 818 3598; x_wconf 76' lang='lat' dir='ltr'><strong>ques</strong></span> <span class='ocrx_word' id='word_1_475' title='bbox 842 3535 877 3586; x_wconf 92' lang='lat' dir='ltr'><strong>de</strong></span> <span class='ocrx_word' id='word_1_476' title='bbox 927 3540 1032 3601; x_wconf 86' lang='lat' dir='ltr'><strong>peccet,</strong></span> <span class='ocrx_word' id='word_1_477' title='bbox 1047 3534 1095 3586; x_wconf 88' lang='lat' dir='ltr'><strong>sed</strong></span> <span class='ocrx_word' id='word_1_478' title='bbox 1120 3546 1156 3584; x_wconf 91' lang='lat' dir='ltr'><strong>ue</strong></span> <span class='ocrx_word' id='word_1_479' title='bbox 1183 3529 1371 3596; x_wconf 76' lang='lat' dir='ltr'><strong>suspicionem</strong></span> <span class='ocrx_word' id='word_1_480' title='bbox 1393 3527 1506 3593; x_wconf 89' lang='lat' dir='ltr'><strong>quidem</strong></span> <span class='ocrx_word' id='word_1_481' title='bbox 1529 3528 1615 3581; x_wconf 87' lang='lat' dir='ltr'><strong>uliam</strong></span> <span class='ocrx_word' id='word_1_482' title='bbox 1635 3531 1743 3596; x_wconf 86' lang='lat' dir='ltr'><strong>turpem</strong></span> 
     </span>
     <span class='ocr_line' id='line_1_35' title="bbox 76 3597 1148 3672; baseline 0.008 -27"><span class='ocrx_word' id='word_1_483' title='bbox 76 3597 225 3650; x_wconf 89' lang='lat' dir='ltr'><strong>coutinentia</strong></span> <span class='ocrx_word' id='word_1_484' title='bbox 238 3599 364 3650; x_wconf 81' lang='lat' dir='ltr'><strong>diximus</strong></span> <span class='ocrx_word' id='word_1_485' title='bbox 376 3612 469 3664; x_wconf 86' lang='lat' dir='ltr'><strong>supra,</strong></span> <span class='ocrx_word' id='word_1_486' title='bbox 484 3600 518 3651; x_wconf 87' lang='lat' dir='ltr'><strong>ad</strong></span> <span class='ocrx_word' id='word_1_487' title='bbox 533 3602 677 3665; x_wconf 89' lang='lat' dir='ltr'><strong>epistotam</strong></span> <span class='ocrx_word' id='word_1_488' title='bbox 688 3603 729 3654; x_wconf 77' lang='lat' dir='ltr'><strong>si.</strong></span> <span class='ocrx_word' id='word_1_489' title='bbox 887 3597 914 3671; x_wconf 88' lang='lat' dir='ltr'>C</span> <span class='ocrx_word' id='word_1_490' title='bbox 927 3607 963 3660; x_wconf 87' lang='lat' dir='ltr'><strong>de</strong></span> <span class='ocrx_word' id='word_1_491' title='bbox 975 3621 1006 3660; x_wconf 85' lang='lat' dir='ltr'><strong>se</strong></span> <span class='ocrx_word' id='word_1_492' title='bbox 1018 3607 1148 3672; x_wconf 81' lang='lat' dir='ltr'><strong>prebeat.</strong></span> 
     </span>
    </p>

    <p class='ocr_par' dir='ltr' id='par_1_15' title="bbox 77 3670 1743 3814">
     <span class='ocr_line' id='line_1_36' title="bbox 99 3670 1743 3742; baseline 0.004 -22"><span class='ocrx_word' id='word_1_493' title='bbox 99 3671 139 3730; x_wconf 78' lang='lat' dir='ltr'><strong>{itt</strong></span> <span class='ocrx_word' id='word_1_494' title='bbox 163 3670 258 3722; x_wconf 80' lang='lat' dir='ltr'><strong>Catsbs</strong></span> <span class='ocrx_word' id='word_1_495' title='bbox 281 3672 385 3736; x_wconf 76' lang='lat' dir='ltr'><strong>sopitat.</strong></span> <span class='ocrx_word' id='word_1_496' title='bbox 414 3672 455 3722; x_wconf 84' lang='lat' dir='ltr'><strong>lte</strong></span> <span class='ocrx_word' id='word_1_497' title='bbox 483 3673 566 3722; x_wconf 89' lang='lat' dir='ltr'><strong>etlam</strong></span> <span class='ocrx_word' id='word_1_498' title='bbox 588 3673 636 3725; x_wconf 91' lang='lat' dir='ltr'><strong>lib.</strong></span> <span class='ocrx_word' id='word_1_499' title='bbox 658 3687 686 3725; x_wconf 85' lang='lat'><strong>111</strong></span> <span class='ocrx_word' id='word_1_500' title='bbox 708 3677 873 3728; x_wconf 79' lang='lat' dir='ltr'><strong>Testimonio-</strong></span> <span class='ocrx_word' id='word_1_501' title='bbox 959 3679 1007 3742; x_wconf 79' lang='lat' dir='ltr'><strong>(it)</strong></span> <span class='ocrx_word' id='word_1_502' title='bbox 1034 3679 1137 3728; x_wconf 82' lang='lat' dir='ltr'><strong>Parem.</strong></span> <span class='ocrx_word' id='word_1_503' title='bbox 1164 3673 1259 3737; x_wconf 85' lang='lat' dir='ltr'><strong>Codex</strong></span> <span class='ocrx_word' id='word_1_504' title='bbox 1291 3671 1499 3736; x_wconf 79' lang='lat' dir='ltr'><strong>Seguierianus,</strong></span> <span class='ocrx_word' id='word_1_505' title='bbox 1528 3670 1613 3722; x_wconf 76' lang='lat' dir='ltr'><strong>lolem</strong></span> <span class='ocrx_word' id='word_1_506' title='bbox 1637 3678 1660 3724; x_wconf 89' lang='lat' dir='ltr'><strong>ts</strong></span> <span class='ocrx_word' id='word_1_507' title='bbox 1682 3675 1743 3726; x_wconf 85' lang='lat' dir='ltr'><strong>iaic-</strong></span> 
     </span>
     <span class='ocr_line' id='line_1_37' title="bbox 77 3741 1022 3814; baseline 0.008 -24"><span class='ocrx_word' id='word_1_508' title='bbox 77 3755 196 3806; x_wconf 83' lang='lat' dir='ltr'><strong>rum,cep.</strong></span> <span class='ocrx_word' id='word_1_509' title='bbox 210 3741 250 3794; x_wconf 75' lang='lat'><strong>32.</strong></span> <span class='ocrx_word' id='word_1_510' title='bbox 279 3745 314 3793; x_wconf 74' lang='lat' dir='ltr'><strong>At</strong></span> <span class='ocrx_word' id='word_1_511' title='bbox 339 3743 528 3808; x_wconf 81' lang='lat' dir='ltr'><strong>Hieronymus</strong></span> <span class='ocrx_word' id='word_1_512' title='bbox 549 3745 578 3795; x_wconf 92' lang='lat' dir='ltr'><strong>in</strong></span> <span class='ocrx_word' id='word_1_513' title='bbox 598 3745 724 3810; x_wconf 81' lang='lat' dir='ltr'><strong>Epistola</strong></span> <span class='ocrx_word' id='word_1_514' title='bbox 749 3748 783 3799; x_wconf 94' lang='lat' dir='ltr'><strong>ad</strong></span> <span class='ocrx_word' id='word_1_515' title='bbox 804 3750 876 3800; x_wconf 82' lang='lat' dir='ltr'><strong>llus-</strong></span> <span class='ocrx_word' id='word_1_516' title='bbox 925 3752 1022 3814; x_wconf 76' lang='lat' dir='ltr'><strong>pritus.</strong></span> 
     </span>
    </p>

    <p class='ocr_par' dir='ltr' id='par_1_16' title="bbox 75 3813 1741 4885">
     <span class='ocr_line' id='line_1_38' title="bbox 77 3813 1741 3883; baseline 0.005 -21"><span class='ocrx_word' id='word_1_517' title='bbox 77 3813 235 3876; x_wconf 86' lang='lat' dir='ltr'><strong>tuehium,rls</strong></span> <span class='ocrx_word' id='word_1_518' title='bbox 263 3814 417 3878; x_wconf 79' lang='lat' dir='ltr'><strong>i&#39;irpiaitate</strong></span> <span class='ocrx_word' id='word_1_519' title='bbox 437 3817 579 3876; x_wconf 75' lang='lat' dir='ltr'><strong>camarado,</strong></span> <span class='ocrx_word' id='word_1_520' title='bbox 592 3819 672 3870; x_wconf 87' lang='lat' dir='ltr'><strong>aliter</strong></span> <span class='ocrx_word' id='word_1_521' title='bbox 695 3821 779 3871; x_wconf 79' lang='lat' dir='ltr'><strong>refert</strong></span> <span class='ocrx_word' id='word_1_522' title='bbox 799 3820 877 3872; x_wconf 91' lang='lat' dir='ltr'><strong>hune</strong></span> <span class='ocrx_word' id='word_1_523' title='bbox 958 3821 1008 3883; x_wconf 74' lang='lat' dir='ltr'><strong>iiiii</strong></span> <span class='ocrx_word' id='word_1_524' title='bbox 1025 3821 1082 3870; x_wconf 84' lang='lat' dir='ltr'><strong>Nou</strong></span> <span class='ocrx_word' id='word_1_525' title='bbox 1103 3822 1206 3870; x_wconf 79' lang='lat' dir='ltr'><strong>tuntum</strong></span> <span class='ocrx_word' id='word_1_526' title='bbox 1227 3827 1345 3880; x_wconf 83' lang='lat' dir='ltr'><strong>corpore.</strong></span> <span class='ocrx_word' id='word_1_527' title='bbox 1372 3814 1553 3866; x_wconf 85' lang='lat' dir='ltr'><strong>Dissimulare</strong></span> <span class='ocrx_word' id='word_1_528' title='bbox 1574 3828 1631 3866; x_wconf 91' lang='lat' dir='ltr'><strong>non</strong></span> <span class='ocrx_word' id='word_1_529' title='bbox 1653 3817 1741 3870; x_wconf 86' lang='lat' dir='ltr'><strong>debeo</strong></span> 
     </span>
     <span class='ocr_line' id='line_1_39' title="bbox 76 3883 1739 3952; baseline 0.008 -20"><span class='ocrx_word' id='word_1_530' title='bbox 76 3883 151 3934; x_wconf 88' lang='lat' dir='ltr'><strong>iocum</strong></span> <span class='ocrx_word' id='word_1_531' title='bbox 177 3897 210 3936; x_wconf 84' lang='lat' dir='ltr'><strong>ex</strong></span> <span class='ocrx_word' id='word_1_532' title='bbox 239 3885 364 3950; x_wconf 85' lang='lat' dir='ltr'><strong>quedam</strong></span> <span class='ocrx_word' id='word_1_533' title='bbox 393 3889 478 3937; x_wconf 87' lang='lat' dir='ltr'><strong>veteri</strong></span> <span class='ocrx_word' id='word_1_534' title='bbox 517 3889 647 3940; x_wconf 87' lang='lat' dir='ltr'><strong>versione</strong></span> <span class='ocrx_word' id='word_1_535' title='bbox 675 3889 728 3942; x_wconf 91' lang='lat' dir='ltr'><strong>hoe</strong></span> <span class='ocrx_word' id='word_1_536' title='bbox 762 3892 845 3942; x_wconf 89' lang='lat' dir='ltr'><strong>modo</strong></span> <span class='ocrx_word' id='word_1_537' title='bbox 868 3908 873 3942; x_wconf 92' lang='lat'>:</span> <span class='ocrx_word' id='word_1_538' title='bbox 926 3891 1022 3944; x_wconf 89' lang='lat' dir='ltr'><strong>decem</strong></span> <span class='ocrx_word' id='word_1_539' title='bbox 1046 3897 1073 3943; x_wconf 93' lang='lat' dir='ltr'><strong>et</strong></span> <span class='ocrx_word' id='word_1_540' title='bbox 1094 3903 1194 3942; x_wconf 88' lang='lat' dir='ltr'><strong>novem</strong></span> <span class='ocrx_word' id='word_1_541' title='bbox 1215 3891 1307 3940; x_wconf 90' lang='lat' dir='ltr'><strong>vetera</strong></span> <span class='ocrx_word' id='word_1_542' title='bbox 1332 3887 1558 3952; x_wconf 87' lang='lat' dir='ltr'><strong>exemplarie,et</strong></span> <span class='ocrx_word' id='word_1_543' title='bbox 1580 3889 1669 3941; x_wconf 88' lang='lat' dir='ltr'><strong>ineis</strong></span> <span class='ocrx_word' id='word_1_544' title='bbox 1690 3891 1739 3945; x_wconf 90' lang='lat' dir='ltr'><strong>Se·</strong></span> 
     </span>
     <span class='ocr_line' id='line_1_40' title="bbox 78 3954 1741 4029; baseline 0.009 -28"><span class='ocrx_word' id='word_1_545' title='bbox 78 3954 116 4014; x_wconf 80' lang='lat' dir='ltr'><strong>Qui</strong></span> <span class='ocrx_word' id='word_1_546' title='bbox 133 3957 284 4008; x_wconf 71' lang='lat' dir='ltr'><strong>accusare</strong></span> <span class='ocrx_word' id='word_1_547' title='bbox 301 3962 338 4007; x_wconf 87' lang='lat' dir='ltr'><strong>est</strong></span> <span class='ocrx_word' id='word_1_548' title='bbox 355 3956 482 4010; x_wconf 85' lang='lat' dir='ltr'><strong>sollicitus</strong></span> <span class='ocrx_word' id='word_1_549' title='bbox 501 3965 537 4009; x_wconf 85' lang='lat' dir='ltr'><strong>est</strong></span> <span class='ocrx_word' id='word_1_550' title='bbox 556 3973 585 4008; x_wconf 85' lang='lat' dir='ltr'><strong>eu</strong></span> <span class='ocrx_word' id='word_1_551' title='bbox 600 3972 658 4024; x_wconf 76' lang='lat' dir='ltr'><strong>que</strong></span> <span class='ocrx_word' id='word_1_552' title='bbox 683 3962 788 4012; x_wconf 81' lang='lat' dir='ltr'><strong>Domini</strong></span> <span class='ocrx_word' id='word_1_553' title='bbox 805 3969 875 4022; x_wconf 84' lang='lat' dir='ltr'><strong>suat,</strong></span> <span class='ocrx_word' id='word_1_554' title='bbox 925 3965 1116 4029; x_wconf 81' lang='lat' dir='ltr'><strong>guierianum,</strong></span> <span class='ocrx_word' id='word_1_555' title='bbox 1145 3960 1250 4012; x_wconf 89' lang='lat' dir='ltr'><strong>habere</strong></span> <span class='ocrx_word' id='word_1_556' title='bbox 1286 3972 1341 4010; x_wconf 83' lang='lat' dir='ltr'><strong>ooo</strong></span> <span class='ocrx_word' id='word_1_557' title='bbox 1372 3958 1456 4009; x_wconf 88' lang='lat' dir='ltr'><strong>solum</strong></span> <span class='ocrx_word' id='word_1_558' title='bbox 1489 3959 1666 4023; x_wconf 73' lang='lat' dir='ltr'><strong>corporaliter</strong></span> <span class='ocrx_word' id='word_1_559' title='bbox 1696 3965 1741 4016; x_wconf 84' lang='lat' dir='ltr'><strong>sed</strong></span> 
     </span>
     <span class='ocr_line' id='line_1_41' title="bbox 77 4028 1739 4100; baseline 0.005 -26"><span class='ocrx_word' id='word_1_560' title='bbox 77 4029 186 4087; x_wconf 78' lang='lat' dir='ltr'><strong>quomado</strong></span> <span class='ocrx_word' id='word_1_561' title='bbox 206 4028 314 4090; x_wconf 84' lang='lat' dir='ltr'><strong>ploesot</strong></span> <span class='ocrx_word' id='word_1_562' title='bbox 339 4030 458 4080; x_wconf 82' lang='lat' dir='ltr'><strong>Domino.</strong></span> <span class='ocrx_word' id='word_1_563' title='bbox 482 4031 533 4092; x_wconf 79' lang='lat' dir='ltr'><strong>Qui</strong></span> <span class='ocrx_word' id='word_1_564' title='bbox 551 4035 641 4081; x_wconf 85' lang='lat' dir='ltr'><strong>autem</strong></span> <span class='ocrx_word' id='word_1_565' title='bbox 662 4045 718 4083; x_wconf 87' lang='lat' dir='ltr'><strong>cum</strong></span> <span class='ocrx_word' id='word_1_566' title='bbox 738 4046 820 4084; x_wconf 78' lang='lat' dir='ltr'><strong>uxore</strong></span> <span class='ocrx_word' id='word_1_567' title='bbox 839 4040 876 4086; x_wconf 84' lang='lat' dir='ltr'><strong>est</strong></span> <span class='ocrx_word' id='word_1_568' title='bbox 924 4035 1092 4100; x_wconf 78' lang='lat' dir='ltr'><strong>spiritaliter.</strong></span> <span class='ocrx_word' id='word_1_569' title='bbox 1116 4033 1275 4100; x_wconf 83' lang='lat' dir='ltr'><strong>Lectionem</strong></span> <span class='ocrx_word' id='word_1_570' title='bbox 1296 4031 1436 4094; x_wconf 78' lang='lat' dir='ltr'><strong>vulgatam</strong></span> <span class='ocrx_word' id='word_1_571' title='bbox 1456 4042 1512 4079; x_wconf 93' lang='lat' dir='ltr'><strong>non</strong></span> <span class='ocrx_word' id='word_1_572' title='bbox 1530 4032 1617 4095; x_wconf 89' lang='lat' dir='ltr'><strong>reperi</strong></span> <span class='ocrx_word' id='word_1_573' title='bbox 1636 4035 1688 4084; x_wconf 90' lang='lat' dir='ltr'><strong>nisi</strong></span> <span class='ocrx_word' id='word_1_574' title='bbox 1711 4038 1739 4086; x_wconf 86' lang='lat' dir='ltr'><strong>in</strong></span> 
     </span>
     <span class='ocr_line' id='line_1_42' title="bbox 77 4097 1739 4170; baseline 0.007 -26"><span class='ocrx_word' id='word_1_575' title='bbox 77 4097 184 4150; x_wconf 83' lang='lat' dir='ltr'><strong>sollicitus</strong></span> <span class='ocrx_word' id='word_1_576' title='bbox 209 4103 248 4149; x_wconf 81' lang='lat' dir='ltr'><strong>eet</strong></span> <span class='ocrx_word' id='word_1_577' title='bbox 278 4112 312 4149; x_wconf 87' lang='lat' dir='ltr'><strong>sa</strong></span> <span class='ocrx_word' id='word_1_578' title='bbox 335 4113 392 4164; x_wconf 83' lang='lat' dir='ltr'><strong>quas</strong></span> <span class='ocrx_word' id='word_1_579' title='bbox 415 4105 477 4150; x_wconf 83' lang='lat' dir='ltr'><strong>suat</strong></span> <span class='ocrx_word' id='word_1_580' title='bbox 502 4099 583 4164; x_wconf 67' lang='lat' dir='ltr'><strong>huius</strong></span> <span class='ocrx_word' id='word_1_581' title='bbox 616 4103 719 4162; x_wconf 82' lang='lat' dir='ltr'><strong>masidi,</strong></span> <span class='ocrx_word' id='word_1_582' title='bbox 745 4105 875 4168; x_wconf 85' lang='lat' dir='ltr'><strong>quomodo</strong></span> <span class='ocrx_word' id='word_1_583' title='bbox 925 4107 1048 4170; x_wconf 86' lang='lat' dir='ltr'><strong>antiquis</strong></span> <span class='ocrx_word' id='word_1_584' title='bbox 1069 4101 1239 4155; x_wconf 86' lang='lat' dir='ltr'><strong>editionibus</strong></span> <span class='ocrx_word' id='word_1_585' title='bbox 1263 4103 1291 4152; x_wconf 87' lang='lat' dir='ltr'><strong>et</strong></span> <span class='ocrx_word' id='word_1_586' title='bbox 1312 4101 1340 4150; x_wconf 91' lang='lat' dir='ltr'><strong>in</strong></span> <span class='ocrx_word' id='word_1_587' title='bbox 1364 4099 1475 4150; x_wconf 88' lang='lat' dir='ltr'><strong>duobus</strong></span> <span class='ocrx_word' id='word_1_588' title='bbox 1495 4099 1573 4150; x_wconf 89' lang='lat' dir='ltr'><strong>libris</strong></span> <span class='ocrx_word' id='word_1_589' title='bbox 1587 4103 1739 4156; x_wconf 89' lang='lat' dir='ltr'><strong>veteribus.</strong></span> 
     </span>
     <span class='ocr_line' id='line_1_43' title="bbox 76 4167 1739 4240; baseline 0.006 -22"><span class='ocrx_word' id='word_1_590' title='bbox 76 4167 159 4230; x_wconf 85' lang='lat' dir='ltr'><strong>placeat</strong></span> <span class='ocrx_word' id='word_1_591' title='bbox 181 4173 272 4222; x_wconf 76' lang='lat' dir='ltr'><strong>umori.</strong></span> <span class='ocrx_word' id='word_1_592' title='bbox 297 4171 391 4222; x_wconf 85' lang='lat' dir='ltr'><strong>Divisa</strong></span> <span class='ocrx_word' id='word_1_593' title='bbox 414 4177 450 4224; x_wconf 83' lang='lat' dir='ltr'><strong>est</strong></span> <span class='ocrx_word' id='word_1_594' title='bbox 476 4173 572 4222; x_wconf 85' lang='lat' dir='ltr'><strong>mulier</strong></span> <span class='ocrx_word' id='word_1_595' title='bbox 594 4180 618 4225; x_wconf 87' lang='lat' dir='ltr'><strong>et</strong></span> <span class='ocrx_word' id='word_1_596' title='bbox 636 4176 719 4240; x_wconf 79' lang='lat' dir='ltr'><strong>oirpo.</strong></span> <span class='ocrx_word' id='word_1_597' title='bbox 743 4177 803 4238; x_wconf 73' lang='lat' dir='ltr'><strong>Qun</strong></span> <span class='ocrx_word' id='word_1_598' title='bbox 821 4190 876 4228; x_wconf 81' lang='lat' dir='ltr'><strong>noa</strong></span> <span class='ocrx_word' id='word_1_599' title='bbox 925 4175 1037 4228; x_wconf 85' lang='lat' dir='ltr'><strong>Retinui</strong></span> <span class='ocrx_word' id='word_1_600' title='bbox 1059 4180 1150 4227; x_wconf 85' lang='lat' dir='ltr'><strong>iameu</strong></span> <span class='ocrx_word' id='word_1_601' title='bbox 1175 4185 1237 4224; x_wconf 87' lang='lat' dir='ltr'><strong>eam</strong></span> <span class='ocrx_word' id='word_1_602' title='bbox 1266 4171 1332 4237; x_wconf 90' lang='lat' dir='ltr'><strong>quia</strong></span> <span class='ocrx_word' id='word_1_603' title='bbox 1359 4174 1401 4222; x_wconf 88' lang='lat' dir='ltr'><strong>est</strong></span> <span class='ocrx_word' id='word_1_604' title='bbox 1424 4171 1585 4234; x_wconf 80' lang='lat' dir='ltr'><strong>elegantior,</strong></span> <span class='ocrx_word' id='word_1_605' title='bbox 1609 4178 1739 4238; x_wconf 88' lang='lat' dir='ltr'><strong>quamvis</strong></span> 
     </span>
     <span class='ocr_line' id='line_1_44' title="bbox 76 4242 1739 4312; baseline 0.007 -24"><span class='ocrx_word' id='word_1_606' title='bbox 76 4245 190 4306; x_wconf 78' lang='lat' dir='ltr'><strong>sinapio</strong></span> <span class='ocrx_word' id='word_1_607' title='bbox 204 4244 307 4307; x_wconf 75' lang='lat' dir='ltr'><strong>sopitat</strong></span> <span class='ocrx_word' id='word_1_608' title='bbox 327 4255 387 4306; x_wconf 72' lang='lat' dir='ltr'><strong>qua</strong></span> <span class='ocrx_word' id='word_1_609' title='bbox 399 4247 460 4292; x_wconf 80' lang='lat' dir='ltr'><strong>urat</strong></span> <span class='ocrx_word' id='word_1_610' title='bbox 478 4245 591 4307; x_wconf 80' lang='lat' dir='ltr'><strong>Domini,</strong></span> <span class='ocrx_word' id='word_1_611' title='bbox 608 4250 637 4296; x_wconf 86' lang='lat' dir='ltr'><strong>ut</strong></span> <span class='ocrx_word' id='word_1_612' title='bbox 661 4248 696 4298; x_wconf 88' lang='lat' dir='ltr'><strong>sit</strong></span> <span class='ocrx_word' id='word_1_613' title='bbox 715 4252 809 4299; x_wconf 77' lang='lat' dir='ltr'><strong>sanctu</strong></span> <span class='ocrx_word' id='word_1_614' title='bbox 821 4262 875 4298; x_wconf 83' lang='lat' dir='ltr'><strong>ecr-</strong></span> <span class='ocrx_word' id='word_1_615' title='bbox 924 4250 1012 4300; x_wconf 85' lang='lat' dir='ltr'><strong>aciem</strong></span> <span class='ocrx_word' id='word_1_616' title='bbox 1032 4249 1060 4298; x_wconf 90' lang='lat' dir='ltr'><strong>in</strong></span> <span class='ocrx_word' id='word_1_617' title='bbox 1084 4246 1156 4298; x_wconf 90' lang='lat' dir='ltr'><strong>libro</strong></span> <span class='ocrx_word' id='word_1_618' title='bbox 1180 4245 1212 4295; x_wconf 80' lang='lat' dir='ltr'><strong>ds</strong></span> <span class='ocrx_word' id='word_1_619' title='bbox 1234 4245 1360 4294; x_wconf 76' lang='lat' dir='ltr'><strong>Oratione</strong></span> <span class='ocrx_word' id='word_1_620' title='bbox 1380 4242 1526 4306; x_wconf 77' lang='lat' dir='ltr'><strong>Dominioa,</strong></span> <span class='ocrx_word' id='word_1_621' title='bbox 1540 4257 1589 4307; x_wconf 89' lang='lat' dir='ltr'><strong>pro</strong></span> <span class='ocrx_word' id='word_1_622' title='bbox 1609 4259 1642 4296; x_wconf 89' lang='lat' dir='ltr'><strong>co</strong></span> <span class='ocrx_word' id='word_1_623' title='bbox 1662 4249 1739 4312; x_wconf 88' lang='lat' dir='ltr'><strong>quod</strong></span> 
     </span>
     <span class='ocr_line' id='line_1_45' title="bbox 76 4312 1739 4383; baseline 0.011 -25"><span class='ocrx_word' id='word_1_624' title='bbox 76 4323 127 4372; x_wconf 82' lang='lat' dir='ltr'><strong>pore</strong></span> <span class='ocrx_word' id='word_1_625' title='bbox 144 4319 164 4362; x_wconf 83' lang='lat' dir='ltr'><strong>st</strong></span> <span class='ocrx_word' id='word_1_626' title='bbox 182 4315 290 4378; x_wconf 85' lang='lat' dir='ltr'><strong>spiritu.</strong></span> <span class='ocrx_word' id='word_1_627' title='bbox 318 4312 422 4364; x_wconf 88' lang='lat' dir='ltr'><strong>Verum</strong></span> <span class='ocrx_word' id='word_1_628' title='bbox 446 4314 522 4366; x_wconf 90' lang='lat' dir='ltr'><strong>idem</strong></span> <span class='ocrx_word' id='word_1_629' title='bbox 544 4315 732 4382; x_wconf 76' lang='lat' dir='ltr'><strong>Hieronymus</strong></span> <span class='ocrx_word' id='word_1_630' title='bbox 751 4319 780 4369; x_wconf 92' lang='lat' dir='ltr'><strong>in</strong></span> <span class='ocrx_word' id='word_1_631' title='bbox 804 4318 875 4370; x_wconf 92' lang='lat' dir='ltr'><strong>libro</strong></span> <span class='ocrx_word' id='word_1_632' title='bbox 924 4319 982 4371; x_wconf 89' lang='lat' dir='ltr'><strong>illie</strong></span> <span class='ocrx_word' id='word_1_633' title='bbox 999 4320 1133 4383; x_wconf 89' lang='lat' dir='ltr'><strong>seriptum</strong></span> <span class='ocrx_word' id='word_1_634' title='bbox 1153 4320 1196 4368; x_wconf 88' lang='lat' dir='ltr'><strong>est</strong></span> <span class='ocrx_word' id='word_1_635' title='bbox 1217 4318 1303 4380; x_wconf 78' lang='lat' dir='ltr'><strong>inopis</strong></span> <span class='ocrx_word' id='word_1_636' title='bbox 1323 4314 1462 4380; x_wconf 66' lang='lat' dir='ltr'><strong>spiritallis</strong></span> <span class='ocrx_word' id='word_1_637' title='bbox 1475 4315 1610 4380; x_wconf 63' lang='lat' dir='ltr'><strong>quosdam</strong></span> <span class='ocrx_word' id='word_1_638' title='bbox 1632 4321 1739 4372; x_wconf 69' lang='lat' dir='ltr'><strong>veleris</strong></span> 
     </span>
     <span class='ocr_line' id='line_1_46' title="bbox 75 4383 1302 4454; baseline 0.003 -23"><span class='ocrx_word' id='word_1_639' title='bbox 75 4383 147 4443; x_wconf 87' lang='lat' dir='ltr'><strong>prino</strong></span> <span class='ocrx_word' id='word_1_640' title='bbox 158 4385 285 4437; x_wconf 72' lang='lat' dir='ltr'><strong>adieretis</strong></span> <span class='ocrx_word' id='word_1_641' title='bbox 299 4384 472 4436; x_wconf 73' lang='lat' dir='ltr'><strong>lucinianum</strong></span> <span class='ocrx_word' id='word_1_642' title='bbox 484 4387 622 4451; x_wconf 88' lang='lat' dir='ltr'><strong>improbat</strong></span> <span class='ocrx_word' id='word_1_643' title='bbox 634 4388 708 4440; x_wconf 89' lang='lat' dir='ltr'><strong>hane</strong></span> <span class='ocrx_word' id='word_1_644' title='bbox 719 4390 875 4442; x_wconf 85' lang='lat' dir='ltr'><strong>versionem</strong></span> <span class='ocrx_word' id='word_1_645' title='bbox 924 4389 1011 4441; x_wconf 88' lang='lat' dir='ltr'><strong>libros</strong></span> <span class='ocrx_word' id='word_1_646' title='bbox 1027 4389 1129 4440; x_wconf 90' lang='lat' dir='ltr'><strong>habere</strong></span> <span class='ocrx_word' id='word_1_647' title='bbox 1145 4387 1302 4454; x_wconf 81' lang='lat' dir='ltr'><strong>spiritalior.</strong></span> 
     </span>
     <span class='ocr_line' id='line_1_47' title="bbox 75 4455 1738 4524; baseline 0.008 -24"><span class='ocrx_word' id='word_1_648' title='bbox 75 4455 223 4508; x_wconf 84' lang='lat' dir='ltr'><strong>stultitiam</strong></span> <span class='ocrx_word' id='word_1_649' title='bbox 238 4470 296 4508; x_wconf 90' lang='lat' dir='ltr'><strong>non</strong></span> <span class='ocrx_word' id='word_1_650' title='bbox 314 4469 375 4509; x_wconf 87' lang='lat' dir='ltr'><strong>esse</strong></span> <span class='ocrx_word' id='word_1_651' title='bbox 393 4458 555 4522; x_wconf 81' lang='lat' dir='ltr'><strong>apostolieae</strong></span> <span class='ocrx_word' id='word_1_652' title='bbox 575 4461 708 4512; x_wconf 85' lang='lat' dir='ltr'><strong>raritatis.</strong></span> <span class='ocrx_word' id='word_1_653' title='bbox 723 4461 760 4512; x_wconf 86' lang='lat' dir='ltr'><strong>itt</strong></span> <span class='ocrx_word' id='word_1_654' title='bbox 782 4464 875 4512; x_wconf 89' lang='lat' dir='ltr'><strong>tamen</strong></span> <span class='ocrx_word' id='word_1_655' title='bbox 957 4462 1005 4524; x_wconf 78' lang='lat' dir='ltr'><strong>iiiii</strong></span> <span class='ocrx_word' id='word_1_656' title='bbox 1034 4461 1113 4512; x_wconf 83' lang='lat' dir='ltr'><strong>Comi.</strong></span> <span class='ocrx_word' id='word_1_657' title='bbox 1141 4461 1180 4510; x_wconf 90' lang='lat' dir='ltr'><strong>lte</strong></span> <span class='ocrx_word' id='word_1_658' title='bbox 1206 4459 1332 4523; x_wconf 82' lang='lat' dir='ltr'><strong>plerique</strong></span> <span class='ocrx_word' id='word_1_659' title='bbox 1360 4457 1423 4507; x_wconf 86' lang='lat' dir='ltr'><strong>iibri</strong></span> <span class='ocrx_word' id='word_1_660' title='bbox 1445 4461 1559 4509; x_wconf 85' lang='lat' dir='ltr'><strong>veteres.</strong></span> <span class='ocrx_word' id='word_1_661' title='bbox 1583 4459 1630 4511; x_wconf 88' lang='lat' dir='ltr'><strong>Sic</strong></span> <span class='ocrx_word' id='word_1_662' title='bbox 1655 4464 1738 4514; x_wconf 88' lang='lat' dir='ltr'><strong>etiam</strong></span> 
     </span>
     <span class='ocr_line' id='line_1_48' title="bbox 77 4522 1737 4598; baseline 0.008 -26"><span class='ocrx_word' id='word_1_663' title='bbox 77 4522 312 4582; x_wconf 81' lang='lat' dir='ltr'><strong>inlibreodusrsus</strong></span> <span class='ocrx_word' id='word_1_664' title='bbox 321 4529 472 4582; x_wconf 83' lang='lat' dir='ltr'><strong>Heluidium</strong></span> <span class='ocrx_word' id='word_1_665' title='bbox 486 4533 610 4584; x_wconf 85' lang='lat' dir='ltr'><strong>reterens</strong></span> <span class='ocrx_word' id='word_1_666' title='bbox 629 4531 760 4585; x_wconf 88' lang='lat' dir='ltr'><strong>eumdem</strong></span> <span class='ocrx_word' id='word_1_667' title='bbox 781 4535 875 4586; x_wconf 89' lang='lat' dir='ltr'><strong>locum</strong></span> <span class='ocrx_word' id='word_1_668' title='bbox 925 4534 998 4598; x_wconf 88' lang='lat' dir='ltr'><strong>apud</strong></span> <span class='ocrx_word' id='word_1_669' title='bbox 1031 4531 1189 4583; x_wconf 74' lang='lat' dir='ltr'><strong>aldelmum</strong></span> <span class='ocrx_word' id='word_1_670' title='bbox 1213 4531 1242 4581; x_wconf 89' lang='lat' dir='ltr'><strong>in</strong></span> <span class='ocrx_word' id='word_1_671' title='bbox 1276 4529 1347 4580; x_wconf 91' lang='lat' dir='ltr'><strong>libro</strong></span> <span class='ocrx_word' id='word_1_672' title='bbox 1376 4529 1409 4578; x_wconf 88' lang='lat' dir='ltr'><strong>ds</strong></span> <span class='ocrx_word' id='word_1_673' title='bbox 1439 4529 1525 4580; x_wconf 70' lang='lat' dir='ltr'><strong>mods</strong></span> <span class='ocrx_word' id='word_1_674' title='bbox 1559 4531 1737 4593; x_wconf 82' lang='lat' dir='ltr'><strong>Virpiaitutis.</strong></span> 
     </span>
     <span class='ocr_line' id='line_1_49' title="bbox 77 4599 1737 4672; baseline 0.005 -25"><span class='ocrx_word' id='word_1_675' title='bbox 77 4599 121 4648; x_wconf 88' lang='lat' dir='ltr'><strong>ait:</strong></span> <span class='ocrx_word' id='word_1_676' title='bbox 137 4603 233 4666; x_wconf 83' lang='lat' dir='ltr'><strong>«Quid</strong></span> <span class='ocrx_word' id='word_1_677' title='bbox 250 4604 383 4669; x_wconf 86' lang='lat' dir='ltr'><strong>oblatras,</strong></span> <span class='ocrx_word' id='word_1_678' title='bbox 398 4605 467 4672; x_wconf 87' lang='lat' dir='ltr'><strong>quid</strong></span> <span class='ocrx_word' id='word_1_679' title='bbox 483 4603 644 4672; x_wconf 82' lang='lat' dir='ltr'><strong>repugnasi</strong></span> <span class='ocrx_word' id='word_1_680' title='bbox 657 4607 714 4659; x_wconf 86' lang='lat' dir='ltr'><strong>vas</strong></span> <span class='ocrx_word' id='word_1_681' title='bbox 730 4608 875 4660; x_wconf 88' lang='lat' dir='ltr'><strong>electionis</strong></span> <span class='ocrx_word' id='word_1_682' title='bbox 925 4606 985 4656; x_wconf 88' lang='lat' dir='ltr'><strong>Non</strong></span> <span class='ocrx_word' id='word_1_683' title='bbox 1005 4604 1134 4669; x_wconf 86' lang='lat' dir='ltr'><strong>displicet</strong></span> <span class='ocrx_word' id='word_1_684' title='bbox 1153 4607 1245 4654; x_wconf 67' lang='lat' dir='ltr'><strong>umen</strong></span> <span class='ocrx_word' id='word_1_685' title='bbox 1263 4601 1316 4651; x_wconf 89' lang='lat' dir='ltr'><strong>elia</strong></span> <span class='ocrx_word' id='word_1_686' title='bbox 1335 4599 1427 4660; x_wconf 89' lang='lat' dir='ltr'><strong>lectio,</strong></span> <span class='ocrx_word' id='word_1_687' title='bbox 1446 4611 1546 4650; x_wconf 86' lang='lat' dir='ltr'><strong>comam</strong></span> <span class='ocrx_word' id='word_1_688' title='bbox 1566 4606 1678 4653; x_wconf 76' lang='lat' dir='ltr'><strong>nutrire.</strong></span> <span class='ocrx_word' id='word_1_689' title='bbox 1694 4605 1737 4655; x_wconf 90' lang='lat' dir='ltr'><strong>ln-</strong></span> 
     </span>
     <span class='ocr_line' id='line_1_50' title="bbox 77 4665 1739 4744; baseline 0.003 -23"><span class='ocrx_word' id='word_1_690' title='bbox 77 4665 204 4733; x_wconf 82' lang='lat' dir='ltr'><strong>loquitur:</strong></span> <span class='ocrx_word' id='word_1_691' title='bbox 221 4675 315 4726; x_wconf 82' lang='lat' dir='ltr'><strong>Divisa</strong></span> <span class='ocrx_word' id='word_1_692' title='bbox 330 4681 375 4736; x_wconf 86' lang='lat' dir='ltr'><strong>est,</strong></span> <span class='ocrx_word' id='word_1_693' title='bbox 387 4674 492 4738; x_wconf 89' lang='lat' dir='ltr'><strong>dicens,</strong></span> <span class='ocrx_word' id='word_1_694' title='bbox 507 4678 637 4731; x_wconf 84' lang='lat' dir='ltr'><strong>mutieret</strong></span> <span class='ocrx_word' id='word_1_695' title='bbox 650 4678 758 4744; x_wconf 78' lang='lat' dir='ltr'><strong>sirpo.»</strong></span> <span class='ocrx_word' id='word_1_696' title='bbox 771 4679 875 4730; x_wconf 84' lang='lat' dir='ltr'><strong>Eadem</strong></span> <span class='ocrx_word' id='word_1_697' title='bbox 925 4677 976 4739; x_wconf 86' lang='lat' dir='ltr'><strong>ira,</strong></span> <span class='ocrx_word' id='word_1_698' title='bbox 996 4678 1025 4727; x_wconf 93' lang='lat' dir='ltr'><strong>in</strong></span> <span class='ocrx_word' id='word_1_699' title='bbox 1049 4675 1103 4726; x_wconf 92' lang='lat' dir='ltr'><strong>hoe</strong></span> <span class='ocrx_word' id='word_1_700' title='bbox 1121 4677 1180 4739; x_wconf 90' lang='lat' dir='ltr'><strong>ipso</strong></span> <span class='ocrx_word' id='word_1_701' title='bbox 1201 4671 1282 4734; x_wconf 90' lang='lat' dir='ltr'><strong>libro,</strong></span> <span class='ocrx_word' id='word_1_702' title='bbox 1304 4685 1365 4736; x_wconf 79' lang='lat' dir='ltr'><strong>pag.</strong></span> <span class='ocrx_word' id='word_1_703' title='bbox 1380 4672 1447 4720; x_wconf 81' lang='lat' dir='ltr'><strong>l‘l8:</strong></span> <span class='ocrx_word' id='word_1_704' title='bbox 1467 4687 1480 4716; x_wconf 82' lang='lat' dir='ltr'><strong>s</strong></span> <span class='ocrx_word' id='word_1_705' title='bbox 1502 4670 1583 4733; x_wconf 90' lang='lat' dir='ltr'><strong>Quod</strong></span> <span class='ocrx_word' id='word_1_706' title='bbox 1601 4677 1692 4726; x_wconf 88' lang='lat' dir='ltr'><strong>umeri</strong></span> <span class='ocrx_word' id='word_1_707' title='bbox 1713 4679 1739 4726; x_wconf 93' lang='lat' dir='ltr'><strong>te</strong></span> 
     </span>
     <span class='ocr_line' id='line_1_51' title="bbox 78 4743 1739 4814; baseline 0.004 -25"><span class='ocrx_word' id='word_1_708' title='bbox 78 4743 187 4796; x_wconf 75' lang='lat' dir='ltr'><strong>teutone</strong></span> <span class='ocrx_word' id='word_1_709' title='bbox 211 4758 295 4796; x_wconf 90' lang='lat' dir='ltr'><strong>usum</strong></span> <span class='ocrx_word' id='word_1_710' title='bbox 320 4759 382 4798; x_wconf 87' lang='lat' dir='ltr'><strong>esse</strong></span> <span class='ocrx_word' id='word_1_711' title='bbox 406 4747 608 4800; x_wconf 86' lang='lat' dir='ltr'><strong>Tertullianum</strong></span> <span class='ocrx_word' id='word_1_712' title='bbox 636 4751 726 4814; x_wconf 85' lang='lat' dir='ltr'><strong>liquet</strong></span> <span class='ocrx_word' id='word_1_713' title='bbox 748 4763 782 4802; x_wconf 83' lang='lat' dir='ltr'><strong>ex</strong></span> <span class='ocrx_word' id='word_1_714' title='bbox 804 4750 875 4802; x_wconf 91' lang='lat' dir='ltr'><strong>libro</strong></span> <span class='ocrx_word' id='word_1_715' title='bbox 925 4753 1016 4812; x_wconf 91' lang='lat' dir='ltr'><strong>putas,</strong></span> <span class='ocrx_word' id='word_1_716' title='bbox 1034 4747 1110 4812; x_wconf 89' lang='lat' dir='ltr'><strong>quod</strong></span> <span class='ocrx_word' id='word_1_717' title='bbox 1127 4751 1209 4811; x_wconf 89' lang='lat' dir='ltr'><strong>putas</strong></span> <span class='ocrx_word' id='word_1_718' title='bbox 1228 4744 1311 4804; x_wconf 87' lang='lat' dir='ltr'><strong>comi,</strong></span> <span class='ocrx_word' id='word_1_719' title='bbox 1331 4743 1504 4808; x_wconf 78' lang='lat' dir='ltr'><strong>impugnatio</strong></span> <span class='ocrx_word' id='word_1_720' title='bbox 1525 4746 1568 4793; x_wconf 86' lang='lat' dir='ltr'><strong>est</strong></span> <span class='ocrx_word' id='word_1_721' title='bbox 1586 4744 1639 4794; x_wconf 85' lang='lat' dir='ltr'><strong>ista</strong></span> <span class='ocrx_word' id='word_1_722' title='bbox 1653 4745 1739 4798; x_wconf 85' lang='lat' dir='ltr'><strong>divini</strong></span> 
     </span>
     <span class='ocr_line' id='line_1_52' title="bbox 77 4811 1052 4885; baseline 0.008 -23"><span class='ocrx_word' id='word_1_723' title='bbox 77 4811 165 4872; x_wconf 81' lang='lat' dir='ltr'><strong>eiusde</strong></span> <span class='ocrx_word' id='word_1_724' title='bbox 182 4817 332 4881; x_wconf 76' lang='lat' dir='ltr'><strong>Vir-pinibus</strong></span> <span class='ocrx_word' id='word_1_725' title='bbox 347 4816 477 4872; x_wconf 70' lang='lat' dir='ltr'><strong>ueiarmis.</strong></span> <span class='ocrx_word' id='word_1_726' title='bbox 926 4821 1023 4885; x_wconf 88' lang='lat' dir='ltr'><strong>operis.</strong></span> <span class='ocrx_word' id='word_1_727' title='bbox 1038 4839 1052 4864; x_wconf 73' lang='lat' dir='ltr'><strong>v</strong></span> 
     </span>
    </p>

    <p class='ocr_par' dir='ltr' id='par_1_17' title="bbox 78 4885 1740 5099">
     <span class='ocr_line' id='line_1_53' title="bbox 102 4885 1739 4962; baseline 0.006 -27"><span class='ocrx_word' id='word_1_728' title='bbox 102 4885 145 4948; x_wconf 75' lang='lat' dir='ltr'><strong>iiii</strong></span> <span class='ocrx_word' id='word_1_729' title='bbox 169 4889 209 4939; x_wconf 85' lang='lat' dir='ltr'><strong>Sic</strong></span> <span class='ocrx_word' id='word_1_730' title='bbox 234 4895 258 4940; x_wconf 84' lang='lat' dir='ltr'><strong>ct</strong></span> <span class='ocrx_word' id='word_1_731' title='bbox 278 4891 361 4955; x_wconf 78' lang='lat' dir='ltr'><strong>uirpo.</strong></span> <span class='ocrx_word' id='word_1_732' title='bbox 386 4891 416 4940; x_wconf 90' lang='lat' dir='ltr'><strong>ln</strong></span> <span class='ocrx_word' id='word_1_733' title='bbox 440 4892 538 4944; x_wconf 88' lang='lat' dir='ltr'><strong>codiee</strong></span> <span class='ocrx_word' id='word_1_734' title='bbox 559 4895 649 4947; x_wconf 87' lang='lat' dir='ltr'><strong>sancti</strong></span> <span class='ocrx_word' id='word_1_735' title='bbox 676 4897 824 4962; x_wconf 76' lang='lat' dir='ltr'><strong>arnulphi,</strong></span> <span class='ocrx_word' id='word_1_736' title='bbox 847 4899 875 4949; x_wconf 94' lang='lat' dir='ltr'><strong>in</strong></span> <span class='ocrx_word' id='word_1_737' title='bbox 956 4893 1007 4954; x_wconf 64' lang='lat' dir='ltr'><strong>(Til</strong></span> <span class='ocrx_word' id='word_1_738' title='bbox 1042 4890 1105 4940; x_wconf 68' lang='lat' dir='ltr'><strong>Cim</strong></span> <span class='ocrx_word' id='word_1_739' title='bbox 1134 4887 1306 4952; x_wconf 58' lang='lat' dir='ltr'><strong>‘&#39;iiiii&#39;&#39;fflll&#39;i·</strong></span> <span class='ocrx_word' id='word_1_740' title='bbox 1342 4887 1404 4938; x_wconf 72' lang='lat' dir='ltr'><strong>DUO</strong></span> <span class='ocrx_word' id='word_1_741' title='bbox 1441 4885 1503 4936; x_wconf 70' lang='lat' dir='ltr'><strong>libii</strong></span> <span class='ocrx_word' id='word_1_742' title='bbox 1533 4890 1651 4944; x_wconf 66' lang='lat' dir='ltr'><strong>veteres.</strong></span> <span class='ocrx_word' id='word_1_743' title='bbox 1682 4903 1739 4941; x_wconf 79' lang='lat' dir='ltr'><strong>cum</strong></span> 
     </span>
     <span class='ocr_line' id='line_1_54' title="bbox 78 4951 1740 5048; baseline 0.005 -44"><span class='ocrx_word' id='word_1_744' title='bbox 78 4951 202 5022; x_wconf 83' lang='lat' dir='ltr'><strong>Beoeensi,</strong></span> <span class='ocrx_word' id='word_1_745' title='bbox 229 4966 258 5014; x_wconf 87' lang='lat' dir='ltr'><strong>et</strong></span> <span class='ocrx_word' id='word_1_746' title='bbox 286 4963 314 5013; x_wconf 89' lang='lat' dir='ltr'><strong>in</strong></span> <span class='ocrx_word' id='word_1_747' title='bbox 339 4962 463 5016; x_wconf 89' lang='lat' dir='ltr'><strong>editione</strong></span> <span class='ocrx_word' id='word_1_748' title='bbox 489 4965 605 5018; x_wconf 83' lang='lat' dir='ltr'><strong>Moreilii</strong></span> <span class='ocrx_word' id='word_1_749' title='bbox 626 4967 751 5031; x_wconf 77' lang='lat' dir='ltr'><strong>legitur:</strong></span> <span class='ocrx_word' id='word_1_750' title='bbox 782 4969 824 5018; x_wconf 80' lang='lat' dir='ltr'><strong>Sic</strong></span> <span class='ocrx_word' id='word_1_751' title='bbox 851 4963 1019 5048; x_wconf 70' lang='lat' dir='ltr'><strong>stDuffsctu</strong></span> <span class='ocrx_word' id='word_1_752' title='bbox 1037 4961 1206 5025; x_wconf 80' lang='lat' dir='ltr'><strong>i&#39;aisqritatis.</strong></span> <span class='ocrx_word' id='word_1_753' title='bbox 1226 4958 1282 5009; x_wconf 82' lang='lat' dir='ltr'><strong>lilii</strong></span> <span class='ocrx_word' id='word_1_754' title='bbox 1299 4961 1362 5020; x_wconf 86' lang='lat' dir='ltr'><strong>tres,</strong></span> <span class='ocrx_word' id='word_1_755' title='bbox 1378 4971 1437 5008; x_wconf 86' lang='lat' dir='ltr'><strong>eum</strong></span> <span class='ocrx_word' id='word_1_756' title='bbox 1452 4957 1605 5021; x_wconf 81' lang='lat' dir='ltr'><strong>iateqritais</strong></span> <span class='ocrx_word' id='word_1_757' title='bbox 1623 4961 1740 5012; x_wconf 82' lang='lat' dir='ltr'><strong>eandida</strong></span> 
     </span>
     <span class='ocr_line' id='line_1_55' title="bbox 78 5027 1124 5099; baseline 0.008 -25"><span class='ocrx_word' id='word_1_758' title='bbox 78 5027 157 5078; x_wconf 80' lang='lat' dir='ltr'><strong>maier</strong></span> <span class='ocrx_word' id='word_1_759' title='bbox 169 5035 192 5080; x_wconf 85' lang='lat' dir='ltr'><strong>et</strong></span> <span class='ocrx_word' id='word_1_760' title='bbox 209 5034 289 5098; x_wconf 78' lang='lat' dir='ltr'><strong>sirpo</strong></span> <span class='ocrx_word' id='word_1_761' title='bbox 302 5034 423 5098; x_wconf 79' lang='lat' dir='ltr'><strong>innupta.</strong></span> <span class='ocrx_word' id='word_1_762' title='bbox 925 5039 962 5088; x_wconf 91' lang='lat' dir='ltr'><strong>sis</strong></span> <span class='ocrx_word' id='word_1_763' title='bbox 978 5039 1002 5084; x_wconf 85' lang='lat' dir='ltr'><strong>et</strong></span> <span class='ocrx_word' id='word_1_764' title='bbox 1014 5033 1124 5099; x_wconf 85' lang='lat' dir='ltr'><strong>pudore.</strong></span> 
     </span>
    </p>

    <p class='ocr_par' dir='ltr' id='par_1_18' title="bbox 78 5097 1745 5748">
     <span class='ocr_line' id='line_1_56' title="bbox 88 5097 1742 5176; baseline 0.007 -30"><span class='ocrx_word' id='word_1_765' title='bbox 88 5097 144 5176; x_wconf 77' lang='lat' dir='ltr'><strong>¹titii</strong></span> <span class='ocrx_word' id='word_1_766' title='bbox 167 5101 274 5154; x_wconf 79' lang='lat' dir='ltr'><strong>Dubitat</strong></span> <span class='ocrx_word' id='word_1_767' title='bbox 297 5117 333 5154; x_wconf 84' lang='lat' dir='ltr'><strong>an</strong></span> <span class='ocrx_word' id='word_1_768' title='bbox 357 5108 432 5171; x_wconf 83' lang='lat' dir='ltr'><strong>virpo</strong></span> <span class='ocrx_word' id='word_1_769' title='bbox 453 5108 496 5157; x_wconf 86' lang='lat' dir='ltr'><strong>sit.</strong></span> <span class='ocrx_word' id='word_1_770' title='bbox 519 5108 551 5158; x_wconf 93' lang='lat' dir='ltr'><strong>ln</strong></span> <span class='ocrx_word' id='word_1_771' title='bbox 577 5109 672 5161; x_wconf 88' lang='lat' dir='ltr'><strong>codiee</strong></span> <span class='ocrx_word' id='word_1_772' title='bbox 695 5109 877 5176; x_wconf 86' lang='lat' dir='ltr'><strong>Gratianopo-</strong></span> <span class='ocrx_word' id='word_1_773' title='bbox 960 5107 1008 5168; x_wconf 75' lang='lat' dir='ltr'><strong>iiiii</strong></span> <span class='ocrx_word' id='word_1_774' title='bbox 1043 5104 1203 5156; x_wconf 83' lang='lat' dir='ltr'><strong>candidata.</strong></span> <span class='ocrx_word' id='word_1_775' title='bbox 1232 5102 1272 5152; x_wconf 90' lang='lat' dir='ltr'><strong>lta</strong></span> <span class='ocrx_word' id='word_1_776' title='bbox 1302 5101 1387 5154; x_wconf 91' lang='lat' dir='ltr'><strong>editio</strong></span> <span class='ocrx_word' id='word_1_777' title='bbox 1414 5101 1532 5161; x_wconf 72' lang='lat' dir='ltr'><strong>thermi,</strong></span> <span class='ocrx_word' id='word_1_778' title='bbox 1563 5116 1627 5155; x_wconf 88' lang='lat' dir='ltr'><strong>oum</strong></span> <span class='ocrx_word' id='word_1_779' title='bbox 1660 5109 1742 5157; x_wconf 86' lang='lat' dir='ltr'><strong>antee</strong></span> 
     </span>
     <span class='ocr_line' id='line_1_57' title="bbox 78 5165 1741 5246; baseline 0.008 -31"><span class='ocrx_word' id='word_1_780' title='bbox 78 5165 149 5220; x_wconf 82' lang='lat' dir='ltr'><strong>hhno</strong></span> <span class='ocrx_word' id='word_1_781' title='bbox 168 5172 279 5237; x_wconf 77' lang='lat' dir='ltr'><strong>iegitur,</strong></span> <span class='ocrx_word' id='word_1_782' title='bbox 296 5194 310 5221; x_wconf 78' lang='lat' dir='ltr'><strong>s</strong></span> <span class='ocrx_word' id='word_1_783' title='bbox 329 5175 444 5227; x_wconf 85' lang='lat' dir='ltr'><strong>Dubitat</strong></span> <span class='ocrx_word' id='word_1_784' title='bbox 466 5191 501 5228; x_wconf 89' lang='lat' dir='ltr'><strong>au</strong></span> <span class='ocrx_word' id='word_1_785' title='bbox 523 5183 609 5244; x_wconf 88' lang='lat' dir='ltr'><strong>nupta</strong></span> <span class='ocrx_word' id='word_1_786' title='bbox 630 5183 677 5231; x_wconf 90' lang='lat' dir='ltr'><strong>eut</strong></span> <span class='ocrx_word' id='word_1_787' title='bbox 700 5181 777 5246; x_wconf 78' lang='lat' dir='ltr'><strong>virge</strong></span> <span class='ocrx_word' id='word_1_788' title='bbox 796 5181 840 5232; x_wconf 91' lang='lat' dir='ltr'><strong>sit.</strong></span> <span class='ocrx_word' id='word_1_789' title='bbox 864 5198 878 5227; x_wconf 78' lang='lat' dir='ltr'><strong>s</strong></span> <span class='ocrx_word' id='word_1_790' title='bbox 929 5179 1065 5244; x_wconf 84' lang='lat' dir='ltr'><strong>legeretur</strong></span> <span class='ocrx_word' id='word_1_791' title='bbox 1083 5173 1207 5226; x_wconf 82' lang='lat' dir='ltr'><strong>candida.</strong></span> <span class='ocrx_word' id='word_1_792' title='bbox 1227 5174 1318 5237; x_wconf 91' lang='lat' dir='ltr'><strong>Quem</strong></span> <span class='ocrx_word' id='word_1_793' title='bbox 1335 5173 1484 5224; x_wconf 85' lang='lat' dir='ltr'><strong>lectionem</strong></span> <span class='ocrx_word' id='word_1_794' title='bbox 1503 5186 1555 5239; x_wconf 76' lang='lat' dir='ltr'><strong>ego</strong></span> <span class='ocrx_word' id='word_1_795' title='bbox 1572 5175 1741 5240; x_wconf 90' lang='lat' dir='ltr'><strong>deprehendi</strong></span> 
     </span>
     <span class='ocr_line' id='line_1_58' title="bbox 81 5235 1742 5315; baseline 0.009 -29"><span class='ocrx_word' id='word_1_796' title='bbox 81 5235 277 5308; x_wconf 80' lang='lat' dir='ltr'><strong>Tertullianus,</strong></span> <span class='ocrx_word' id='word_1_797' title='bbox 308 5247 336 5296; x_wconf 91' lang='lat' dir='ltr'><strong>in</strong></span> <span class='ocrx_word' id='word_1_798' title='bbox 371 5246 443 5298; x_wconf 89' lang='lat' dir='ltr'><strong>libro</strong></span> <span class='ocrx_word' id='word_1_799' title='bbox 472 5249 503 5299; x_wconf 86' lang='lat' dir='ltr'><strong>de</strong></span> <span class='ocrx_word' id='word_1_800' title='bbox 544 5250 697 5315; x_wconf 81' lang='lat' dir='ltr'><strong>i&#39;irpinidas</strong></span> <span class='ocrx_word' id='word_1_801' title='bbox 725 5251 847 5304; x_wconf 82' lang='lat' dir='ltr'><strong>colandis</strong></span> <span class='ocrx_word' id='word_1_802' title='bbox 872 5269 877 5301; x_wconf 92' lang='lat'>:</span> <span class='ocrx_word' id='word_1_803' title='bbox 929 5250 957 5300; x_wconf 89' lang='lat' dir='ltr'><strong>in</strong></span> <span class='ocrx_word' id='word_1_804' title='bbox 974 5247 1104 5300; x_wconf 90' lang='lat' dir='ltr'><strong>undecim</strong></span> <span class='ocrx_word' id='word_1_805' title='bbox 1130 5246 1208 5297; x_wconf 85' lang='lat' dir='ltr'><strong>libris</strong></span> <span class='ocrx_word' id='word_1_806' title='bbox 1228 5244 1378 5297; x_wconf 87' lang='lat' dir='ltr'><strong>veteribus.</strong></span> <span class='ocrx_word' id='word_1_807' title='bbox 1405 5245 1496 5296; x_wconf 77' lang='lat' dir='ltr'><strong>hlium</strong></span> <span class='ocrx_word' id='word_1_808' title='bbox 1519 5248 1608 5310; x_wconf 88' lang='lat' dir='ltr'><strong>reperi</strong></span> <span class='ocrx_word' id='word_1_809' title='bbox 1632 5248 1660 5298; x_wconf 91' lang='lat' dir='ltr'><strong>in</strong></span> <span class='ocrx_word' id='word_1_810' title='bbox 1683 5249 1742 5301; x_wconf 90' lang='lat' dir='ltr'><strong>edi·</strong></span> 
     </span>
     <span class='ocr_line' id='line_1_59' title="bbox 79 5311 1742 5385; baseline 0.007 -24"><span class='ocrx_word' id='word_1_811' title='bbox 79 5311 225 5367; x_wconf 87' lang='lat' dir='ltr'><strong>‹Diliieile</strong></span> <span class='ocrx_word' id='word_1_812' title='bbox 251 5317 352 5368; x_wconf 87' lang='lat' dir='ltr'><strong>mulier</strong></span> <span class='ocrx_word' id='word_1_813' title='bbox 373 5319 459 5370; x_wconf 88' lang='lat' dir='ltr'><strong>semel</strong></span> <span class='ocrx_word' id='word_1_814' title='bbox 487 5319 517 5370; x_wconf 88' lang='lat' dir='ltr'><strong>iit</strong></span> <span class='ocrx_word' id='word_1_815' title='bbox 545 5335 608 5385; x_wconf 74' lang='lat' dir='ltr'><strong>qum</strong></span> <span class='ocrx_word' id='word_1_816' title='bbox 636 5337 692 5374; x_wconf 89' lang='lat' dir='ltr'><strong>non</strong></span> <span class='ocrx_word' id='word_1_817' title='bbox 717 5325 795 5375; x_wconf 91' lang='lat' dir='ltr'><strong>timet</strong></span> <span class='ocrx_word' id='word_1_818' title='bbox 820 5324 879 5376; x_wconf 86' lang='lat' dir='ltr'><strong>iteri</strong></span> <span class='ocrx_word' id='word_1_819' title='bbox 930 5320 1054 5372; x_wconf 85' lang='lat' dir='ltr'><strong>tionibus</strong></span> <span class='ocrx_word' id='word_1_820' title='bbox 1076 5318 1192 5370; x_wconf 86' lang='lat' dir='ltr'><strong>lianutii</strong></span> <span class='ocrx_word' id='word_1_821' title='bbox 1207 5320 1235 5369; x_wconf 91' lang='lat' dir='ltr'><strong>et</strong></span> <span class='ocrx_word' id='word_1_822' title='bbox 1257 5316 1374 5370; x_wconf 85' lang='lat' dir='ltr'><strong>blorellii</strong></span> <span class='ocrx_word' id='word_1_823' title='bbox 1394 5322 1422 5368; x_wconf 90' lang='lat' dir='ltr'><strong>et</strong></span> <span class='ocrx_word' id='word_1_824' title='bbox 1442 5319 1471 5368; x_wconf 89' lang='lat' dir='ltr'><strong>in</strong></span> <span class='ocrx_word' id='word_1_825' title='bbox 1493 5317 1556 5369; x_wconf 86' lang='lat' dir='ltr'><strong>eliis</strong></span> <span class='ocrx_word' id='word_1_826' title='bbox 1578 5323 1641 5370; x_wconf 88' lang='lat' dir='ltr'><strong>ueto</strong></span> <span class='ocrx_word' id='word_1_827' title='bbox 1664 5321 1742 5373; x_wconf 91' lang='lat' dir='ltr'><strong>cedi-</strong></span> 
     </span>
     <span class='ocr_line' id='line_1_60' title="bbox 82 5389 1742 5458; baseline 0.004 -22"><span class='ocrx_word' id='word_1_828' title='bbox 82 5393 186 5448; x_wconf 73' lang='lat' dir='ltr'><strong>viiaeque</strong></span> <span class='ocrx_word' id='word_1_829' title='bbox 211 5390 271 5452; x_wconf 85' lang='lat' dir='ltr'><strong>jam</strong></span> <span class='ocrx_word' id='word_1_830' title='bbox 301 5389 375 5441; x_wconf 90' lang='lat' dir='ltr'><strong>iacta</strong></span> <span class='ocrx_word' id='word_1_831' title='bbox 405 5393 496 5456; x_wconf 90' lang='lat' dir='ltr'><strong>potest</strong></span> <span class='ocrx_word' id='word_1_832' title='bbox 526 5393 661 5458; x_wconf 78' lang='lat' dir='ltr'><strong>virginem</strong></span> <span class='ocrx_word' id='word_1_833' title='bbox 690 5395 799 5447; x_wconf 88' lang='lat' dir='ltr'><strong>mentiri</strong></span> <span class='ocrx_word' id='word_1_834' title='bbox 827 5395 880 5446; x_wconf 85' lang='lat' dir='ltr'><strong>sub</strong></span> <span class='ocrx_word' id='word_1_835' title='bbox 930 5392 1018 5444; x_wconf 86' lang='lat' dir='ltr'><strong>cibus.</strong></span> <span class='ocrx_word' id='word_1_836' title='bbox 1044 5390 1234 5442; x_wconf 85' lang='lat' dir='ltr'><strong>Tertullianus</strong></span> <span class='ocrx_word' id='word_1_837' title='bbox 1255 5389 1283 5440; x_wconf 88' lang='lat' dir='ltr'><strong>in</strong></span> <span class='ocrx_word' id='word_1_838' title='bbox 1309 5389 1380 5440; x_wconf 91' lang='lat' dir='ltr'><strong>libro</strong></span> <span class='ocrx_word' id='word_1_839' title='bbox 1406 5402 1425 5439; x_wconf 88' lang='lat' dir='ltr'><strong>u</strong></span> <span class='ocrx_word' id='word_1_840' title='bbox 1450 5389 1486 5440; x_wconf 89' lang='lat' dir='ltr'><strong>ad</strong></span> <span class='ocrx_word' id='word_1_841' title='bbox 1512 5391 1622 5440; x_wconf 76' lang='lat' dir='ltr'><strong>Daoi-sm</strong></span> <span class='ocrx_word' id='word_1_842' title='bbox 1647 5390 1742 5442; x_wconf 83' lang='lat' dir='ltr'><strong>dixit:</strong></span> 
     </span>
     <span class='ocr_line' id='line_1_61' title="bbox 83 5451 1745 5531; baseline 0.005 -27"><span class='ocrx_word' id='word_1_843' title='bbox 83 5451 137 5504; x_wconf 70' lang='lat' dir='ltr'><strong>Deo.</strong></span> <span class='ocrx_word' id='word_1_844' title='bbox 152 5476 165 5502; x_wconf 76' lang='lat' dir='ltr'><strong>s</strong></span> <span class='ocrx_word' id='word_1_845' title='bbox 180 5460 264 5524; x_wconf 79' lang='lat' dir='ltr'><strong>Apud</strong></span> <span class='ocrx_word' id='word_1_846' title='bbox 278 5459 395 5512; x_wconf 76' lang='lat' dir='ltr'><strong>Dionem</strong></span> <span class='ocrx_word' id='word_1_847' title='bbox 410 5461 549 5528; x_wconf 67' lang='lat' dir='ltr'><strong>Cassium,</strong></span> <span class='ocrx_word' id='word_1_848' title='bbox 568 5465 615 5516; x_wconf 84' lang='lat' dir='ltr'><strong>lib,</strong></span> <span class='ocrx_word' id='word_1_849' title='bbox 629 5477 744 5528; x_wconf 76' lang='lat' dir='ltr'><strong>xxxvii,</strong></span> <span class='ocrx_word' id='word_1_850' title='bbox 762 5467 881 5531; x_wconf 74' lang='lat' dir='ltr'><strong>legimus</strong></span> <span class='ocrx_word' id='word_1_851' title='bbox 931 5482 945 5510; x_wconf 81' lang='lat' dir='ltr'><strong>s</strong></span> <span class='ocrx_word' id='word_1_852' title='bbox 962 5464 1023 5529; x_wconf 83' lang='lat' dir='ltr'><strong>lpse</strong></span> <span class='ocrx_word' id='word_1_853' title='bbox 1040 5463 1091 5514; x_wconf 77' lang='lat' dir='ltr'><strong>Dei</strong></span> <span class='ocrx_word' id='word_1_854' title='bbox 1108 5459 1274 5512; x_wconf 75' lang='lat' dir='ltr'><strong>candidatus</strong></span> <span class='ocrx_word' id='word_1_855' title='bbox 1293 5462 1335 5510; x_wconf 81' lang='lat' dir='ltr'><strong>esi</strong></span> <span class='ocrx_word' id='word_1_856' title='bbox 1354 5461 1460 5510; x_wconf 77' lang='lat' dir='ltr'><strong>timore.</strong></span> <span class='ocrx_word' id='word_1_857' title='bbox 1483 5479 1496 5506; x_wconf 88' lang='lat'>»</span> <span class='ocrx_word' id='word_1_858' title='bbox 1522 5460 1558 5511; x_wconf 78' lang='lat' dir='ltr'><strong>iit</strong></span> <span class='ocrx_word' id='word_1_859' title='bbox 1575 5462 1602 5510; x_wconf 83' lang='lat' dir='ltr'><strong>in</strong></span> <span class='ocrx_word' id='word_1_860' title='bbox 1626 5461 1696 5512; x_wconf 83' lang='lat' dir='ltr'><strong>libro</strong></span> <span class='ocrx_word' id='word_1_861' title='bbox 1713 5462 1745 5512; x_wconf 76' lang='lat' dir='ltr'><strong>de</strong></span> 
     </span>
     <span class='ocr_line' id='line_1_62' title="bbox 85 5519 1744 5604; baseline 0.014 -26"><span class='ocrx_word' id='word_1_862' title='bbox 85 5519 207 5604; x_wconf 70' lang='lat' dir='ltr'><strong>Cassiam</strong></span> <span class='ocrx_word' id='word_1_863' title='bbox 231 5544 347 5584; x_wconf 87' lang='lat' dir='ltr'><strong>uxorem</strong></span> <span class='ocrx_word' id='word_1_864' title='bbox 369 5545 449 5585; x_wconf 88' lang='lat' dir='ltr'><strong>suam</strong></span> <span class='ocrx_word' id='word_1_865' title='bbox 470 5541 630 5600; x_wconf 84' lang='lat' dir='ltr'><strong>suspectam</strong></span> <span class='ocrx_word' id='word_1_866' title='bbox 649 5539 776 5590; x_wconf 87' lang='lat' dir='ltr'><strong>adulterii</strong></span> <span class='ocrx_word' id='word_1_867' title='bbox 798 5553 880 5603; x_wconf 90' lang='lat' dir='ltr'><strong>repu-</strong></span> <span class='ocrx_word' id='word_1_868' title='bbox 930 5536 1087 5598; x_wconf 77' lang='lat' dir='ltr'><strong>baptismo:</strong></span> <span class='ocrx_word' id='word_1_869' title='bbox 1105 5530 1273 5596; x_wconf 65' lang='lat' dir='ltr'><strong>,Agebatur</strong></span> <span class='ocrx_word' id='word_1_870' title='bbox 1288 5531 1382 5594; x_wconf 63' lang='lat' dir='ltr'><strong>ilique</strong></span> <span class='ocrx_word' id='word_1_871' title='bbox 1402 5530 1559 5594; x_wconf 61' lang='lat' dir='ltr'><strong>Billssmus</strong></span> <span class='ocrx_word' id='word_1_872' title='bbox 1575 5533 1744 5595; x_wconf 54' lang='lat' dir='ltr'><strong>mimmii*</strong></span> 
     </span>
     <span class='ocr_line' id='line_1_63' title="bbox 82 5592 1744 5674; baseline 0.007 -34"><span class='ocrx_word' id='word_1_873' title='bbox 82 5592 166 5660; x_wconf 67' lang='lat' dir='ltr'><strong>drame,</strong></span> <span class='ocrx_word' id='word_1_874' title='bbox 187 5615 243 5654; x_wconf 75' lang='lat' dir='ltr'><strong>narn</strong></span> <span class='ocrx_word' id='word_1_875' title='bbox 266 5603 340 5667; x_wconf 90' lang='lat' dir='ltr'><strong>quod</strong></span> <span class='ocrx_word' id='word_1_876' title='bbox 366 5605 493 5658; x_wconf 87' lang='lat' dir='ltr'><strong>erederet</strong></span> <span class='ocrx_word' id='word_1_877' title='bbox 514 5621 578 5672; x_wconf 80' lang='lat' dir='ltr'><strong>quae</strong></span> <span class='ocrx_word' id='word_1_878' title='bbox 599 5609 634 5660; x_wconf 89' lang='lat' dir='ltr'><strong>de</strong></span> <span class='ocrx_word' id='word_1_879' title='bbox 656 5623 687 5661; x_wconf 91' lang='lat' dir='ltr'><strong>ea</strong></span> <span class='ocrx_word' id='word_1_880' title='bbox 711 5609 881 5674; x_wconf 83' lang='lat' dir='ltr'><strong>terebantur,</strong></span> <span class='ocrx_word' id='word_1_881' title='bbox 931 5608 1010 5674; x_wconf 87' lang='lat' dir='ltr'><strong>quasi</strong></span> <span class='ocrx_word' id='word_1_882' title='bbox 1037 5604 1200 5660; x_wconf 88' lang='lat' dir='ltr'><strong>candidatus</strong></span> <span class='ocrx_word' id='word_1_883' title='bbox 1221 5603 1394 5654; x_wconf 88' lang='lat' dir='ltr'><strong>remissionis</strong></span> <span class='ocrx_word' id='word_1_884' title='bbox 1417 5605 1444 5651; x_wconf 90' lang='lat' dir='ltr'><strong>ot</strong></span> <span class='ocrx_word' id='word_1_885' title='bbox 1468 5601 1694 5653; x_wconf 83' lang='lat' dir='ltr'><strong>sanctificationis</strong></span> <span class='ocrx_word' id='word_1_886' title='bbox 1715 5604 1744 5652; x_wconf 90' lang='lat' dir='ltr'><strong>in</strong></span> 
     </span>
     <span class='ocr_line' id='line_1_64' title="bbox 82 5667 1295 5748; baseline 0.002 -28"><span class='ocrx_word' id='word_1_887' title='bbox 82 5667 121 5715; x_wconf 86' lang='lat' dir='ltr'><strong>sed</strong></span> <span class='ocrx_word' id='word_1_888' title='bbox 140 5672 211 5734; x_wconf 90' lang='lat' dir='ltr'><strong>quod</strong></span> <span class='ocrx_word' id='word_1_889' title='bbox 228 5673 332 5726; x_wconf 85' lang='lat' dir='ltr'><strong>diceret</strong></span> <span class='ocrx_word' id='word_1_890' title='bbox 356 5689 412 5727; x_wconf 89' lang='lat' dir='ltr'><strong>uon</strong></span> <span class='ocrx_word' id='word_1_891' title='bbox 437 5690 519 5743; x_wconf 89' lang='lat' dir='ltr'><strong>posse</strong></span> <span class='ocrx_word' id='word_1_892' title='bbox 537 5692 567 5730; x_wconf 90' lang='lat' dir='ltr'><strong>se</strong></span> <span class='ocrx_word' id='word_1_893' title='bbox 581 5693 642 5732; x_wconf 89' lang='lat' dir='ltr'><strong>eam</strong></span> <span class='ocrx_word' id='word_1_894' title='bbox 665 5684 814 5748; x_wconf 79' lang='lat' dir='ltr'><strong>conjugem</strong></span> <span class='ocrx_word' id='word_1_895' title='bbox 832 5682 881 5733; x_wconf 87' lang='lat' dir='ltr'><strong>ha·</strong></span> <span class='ocrx_word' id='word_1_896' title='bbox 932 5681 1042 5733; x_wconf 89' lang='lat' dir='ltr'><strong>Christo</strong></span> <span class='ocrx_word' id='word_1_897' title='bbox 1059 5677 1261 5729; x_wconf 78' lang='lat' dir='ltr'><strong>subsecuturae.</strong></span> <span class='ocrx_word' id='word_1_898' title='bbox 1280 5691 1295 5722; x_wconf 72' lang='lat' dir='ltr'><strong>s</strong></span> 
     </span>
    </p>

    <p class='ocr_par' dir='ltr' id='par_1_19' title="bbox 7 5733 1748 5892">
     <span class='ocr_line' id='line_1_65' title="bbox 82 5733 1746 5818; baseline 0.004 -33"><span class='ocrx_word' id='word_1_899' title='bbox 82 5733 211 5806; x_wconf 82' lang='lat' dir='ltr'><strong>berequre</strong></span> <span class='ocrx_word' id='word_1_900' title='bbox 228 5746 314 5796; x_wconf 88' lang='lat' dir='ltr'><strong>semel</strong></span> <span class='ocrx_word' id='word_1_901' title='bbox 336 5747 466 5800; x_wconf 84' lang='lat' dir='ltr'><strong>adulterii</strong></span> <span class='ocrx_word' id='word_1_902' title='bbox 486 5753 628 5802; x_wconf 83' lang='lat' dir='ltr'><strong>commissi</strong></span> <span class='ocrx_word' id='word_1_903' title='bbox 648 5758 776 5818; x_wconf 86' lang='lat' dir='ltr'><strong>suspecta</strong></span> <span class='ocrx_word' id='word_1_904' title='bbox 792 5753 883 5806; x_wconf 89' lang='lat' dir='ltr'><strong>habe-</strong></span> <span class='ocrx_word' id='word_1_905' title='bbox 963 5752 1012 5816; x_wconf 73' lang='lat' dir='ltr'><strong>(iv)</strong></span> <span class='ocrx_word' id='word_1_906' title='bbox 1042 5751 1139 5802; x_wconf 60' lang='lat' dir='ltr'><strong>Samo.</strong></span> <span class='ocrx_word' id='word_1_907' title='bbox 1163 5748 1291 5812; x_wconf 86' lang='lat' dir='ltr'><strong>Plerique</strong></span> <span class='ocrx_word' id='word_1_908' title='bbox 1318 5745 1380 5796; x_wconf 89' lang='lat' dir='ltr'><strong>libri</strong></span> <span class='ocrx_word' id='word_1_909' title='bbox 1398 5749 1514 5806; x_wconf 85' lang='lat' dir='ltr'><strong>veteres,</strong></span> <span class='ocrx_word' id='word_1_910' title='bbox 1534 5749 1564 5795; x_wconf 94' lang='lat' dir='ltr'><strong>ut</strong></span> <span class='ocrx_word' id='word_1_911' title='bbox 1588 5745 1746 5808; x_wconf 83' lang='lat' dir='ltr'><strong>frequenter</strong></span> 
     </span>
     <span class='ocr_line' id='line_1_66' title="bbox 7 5811 1748 5892; baseline 0.007 -37"><span class='ocrx_word' id='word_1_912' title='bbox 7 5841 8 5850; x_wconf 64' lang='lat'><strong>.</strong></span> <span class='ocrx_word' id='word_1_913' title='bbox 84 5811 161 5874; x_wconf 86' lang='lat' dir='ltr'><strong>retur;</strong></span> <span class='ocrx_word' id='word_1_914' title='bbox 186 5815 295 5880; x_wconf 75' lang='lat' dir='ltr'><strong>pudicas</strong></span> <span class='ocrx_word' id='word_1_915' title='bbox 318 5818 392 5870; x_wconf 90' lang='lat' dir='ltr'><strong>enlm</strong></span> <span class='ocrx_word' id='word_1_916' title='bbox 423 5833 485 5874; x_wconf 81' lang='lat' dir='ltr'><strong>esse</strong></span> <span class='ocrx_word' id='word_1_917' title='bbox 509 5836 565 5875; x_wconf 92' lang='lat' dir='ltr'><strong>non</strong></span> <span class='ocrx_word' id='word_1_918' title='bbox 588 5825 671 5876; x_wconf 89' lang='lat' dir='ltr'><strong>modo</strong></span> <span class='ocrx_word' id='word_1_919' title='bbox 697 5831 729 5876; x_wconf 92' lang='lat' dir='ltr'><strong>ui</strong></span> <span class='ocrx_word' id='word_1_920' title='bbox 752 5839 789 5878; x_wconf 90' lang='lat' dir='ltr'><strong>ne</strong></span> <span class='ocrx_word' id='word_1_921' title='bbox 814 5825 882 5892; x_wconf 89' lang='lat' dir='ltr'><strong>quid</strong></span> <span class='ocrx_word' id='word_1_922' title='bbox 935 5825 1011 5888; x_wconf 88' lang='lat' dir='ltr'><strong>alibi,</strong></span> <span class='ocrx_word' id='word_1_923' title='bbox 1035 5823 1140 5874; x_wconf 85' lang='lat' dir='ltr'><strong>habent</strong></span> <span class='ocrx_word' id='word_1_924' title='bbox 1161 5819 1275 5872; x_wconf 83' lang='lat' dir='ltr'><strong>uerbum.</strong></span> <span class='ocrx_word' id='word_1_925' title='bbox 1292 5819 1362 5870; x_wconf 86' lang='lat' dir='ltr'><strong>Vide</strong></span> <span class='ocrx_word' id='word_1_926' title='bbox 1386 5821 1466 5868; x_wconf 84' lang='lat' dir='ltr'><strong>notas</strong></span> <span class='ocrx_word' id='word_1_927' title='bbox 1487 5818 1522 5868; x_wconf 90' lang='lat' dir='ltr'><strong>ad</strong></span> <span class='ocrx_word' id='word_1_928' title='bbox 1543 5817 1686 5880; x_wconf 89' lang='lat' dir='ltr'><strong>epistolam</strong></span> <span class='ocrx_word' id='word_1_929' title='bbox 1706 5817 1748 5878; x_wconf 85' lang='lat' dir='ltr'><strong>iii,</strong></span> 
     </span>
    </p>
   </div>
   <div class='ocr_carea' id='block_1_14' title="bbox 235 5905 1593 5978">
    <p class='ocr_par' dir='ltr' id='par_1_20' title="bbox 235 5905 1593 5978">
     <span class='ocr_line' id='line_1_67' title="bbox 235 5905 1593 5978; baseline 0.006 -7"><span class='ocrx_word' id='word_1_930' title='bbox 235 5905 434 5978; x_wconf 71' lang='lat' dir='ltr'><strong>rimanti.</strong></span> <span class='ocrx_word' id='word_1_931' title='bbox 1556 5911 1593 5970; x_wconf 81' lang='lat'><strong>15</strong></span> 
     </span>
    </p>
   </div>
   <div class='ocr_carea' id='block_1_15' title="bbox 0 0 1994 6198">
    <p class='ocr_par' dir='ltr' id='par_1_21' title="bbox 0 0 1994 6198">
     <span class='ocr_line' id='line_1_68' title="bbox 0 0 1994 6198; baseline 0 0"><span class='ocrx_word' id='word_1_932' title='bbox 0 0 1994 6198; x_wconf 95' lang='lat' dir='ltr'><strong> </strong></span> 
     </span>
    </p>
   </div>
  </div>
 </body>
</html>
