3978 6204
10 263 11 282 ¹
85 250 124 304 iii
629 242 729 304 Lintiii
749 247 791 306 DE
809 247 977 305 nunilonis
997 245 1170 304 nouimus.
1687 257 1739 312 (50

10 389 12 430 ι
82 369 130 424 dari
147 367 226 422 nobis
248 367 370 440 qnotidie
389 367 572 440 postulamus,
595 385 631 424 ne
655 369 703 442 qui
719 370 747 425 in
761 370 872 428 Christo
884 385 913 458 Α
959 371 1022 426 iiii.
1044 373 1136 426 Pctcst
1158 386 1224 425 vero
1239 376 1267 426 et
1288 372 1327 426 sic
1350 371 1482 446 intelligi,
1506 377 1537 429 ut
1561 377 1611 447 qui
1631 377 1735 433 saecsslo

10 449 12 518 l
83 478 165 518 murus
185 465 214 516 et
239 461 444 518 Eucharistiam
471 461 599 534 quotidie
620 463 654 519 ad
668 463 762 518 cibum
774 464 872 518 salutis
923 464 1164 532 renuntiavimus,
1189 469 1217 519 et
1241 464 1352 522 divitias
1377 466 1438 536 ejus
1473 471 1501 524 et
1528 485 1648 541 pompas
1677 469 1734 526 fide

82 555 231 626 accipimus,
259 554 449 610 intercedente
475 555 570 626 aliquo
594 556 725 626 graviore
750 557 870 625 delicto,
923 557 1024 630 gratiae
1044 557 1176 629 spiritalis
1199 557 1372 629 abjecimus,
1398 561 1493 616 cibum
1514 563 1733 621 nobistantum

79 649 134 704 dum
147 647 267 704 abstenti
289 648 342 718 (iti)
362 653 391 704 et
404 664 461 703 non
476 649 719 704 communicantes
733 666 750 705 a
765 649 872 705 coelesti
922 657 1051 722 petamus
1071 653 1099 706 et
1119 651 1239 718 victum,
1262 652 1374 722 quando
1400 652 1524 710 instruat
1548 657 1681 713 Dominus
1705 661 1734 713 et

80 758 139 813 pane
156 741 351 812 prohibemur,
371 758 388 796 a
412 741 513 797 Christi
542 758 661 812 corpore
684 758 870 814 separemur,
923 743 1018 800 dicet:
1042 745 1096 813 Qui
1117 759 1171 799 non
1191 747 1331 800 renuntiet
1353 748 1475 802 omnibus
1500 765 1560 818 que
1579 757 1644 806 sunt
1663 752 1731 820 ejns,

79 836 126 906 ipso
147 833 317 906 predicente
341 840 370 890 et
393 836 562 890 monentctt
586 853 595 890 .·
617 837 674 904 Epo
704 851 763 891 sum
789 839 872 907 punis
921 853 976 892 non
995 843 1083 908 potest
1103 853 1176 893 meus
1193 838 1343 909 disnputus
1365 854 1418 896 csse
1437 841 1523 912 (buc,
1539 858 1594 910 xiv,
1608 845 1662 914 33).
1682 845 1735 908 Qui

77 931 128 982 site
152 930 199 996 qui
225 927 258 982 dc
279 929 342 984 culo
362 928 497 984 descendi.
525 929 634 1000 Siquis
654 929 738 984 ederit
759 929 793 984 cie
815 945 872 985 meo
921 940 1015 990 autem
1036 935 1140 993 Christi
1172 936 1256 1007 coepit
1287 951 1346 992 esse
1377 935 1551 1009 discipulus,
1582 942 1738 998 secundum

76 1031 143 1088 prere,
160 1019 231 1072 ciust
250 1019 280 1072 ιἰι
302 1021 441 1073 aurnum.
462 1019 547 1072 Panis
571 1016 627 1090 (ii)
648 1023 738 1074 uuum
759 1019 870 1089 quem‘⁹
922 1027 1055 1100 magistri
1075 1028 1119 1082 sui
1140 1043 1237 1084 rocem
1259 1029 1428 1104 renuntians
1440 1031 1586 1102 omuibus,
1601 1033 1736 1092 diurnum
1816 1051 1820 1058 ·

76 1131 112 1182 spo
130 1115 224 1169 dedam
244 1129 308 1170 curo
330 1129 389 1170 meu
408 1119 448 1170 est
465 1131 517 1185 pro
541 1115 667 1172 senisu
690 1118 748 1172 uitu
769 1118 869 1188 (tcum,
922 1121 1113 1177 debetcibum
1129 1128 1225 1194 petere
1240 1122 1332 1178 necin
1346 1122 1442 1196 533
1460 1124 1578 1196 longum
1592 1126 1735 1183 desideria

76 1223 104 1276 n,
115 1211 140 1262 5(
148 1207 165 1278 ).
178 1207 297 1271 Quando
310 1223 380 1280 ergo
392 1207 459 1264 dicit
473 1207 503 1263 in
513 1205 610 1282 532
621 1214 761 1265 aeteruum
775 1208 871 1266 virere
922 1213 1066 1285 petitionis
1088 1215 1249 1284 extendere,
1270 1215 1332 1286 ipso
1352 1217 1456 1272 iterum
1468 1218 1586 1274 Domino
1604 1220 1733 1290 praescri·

76 1301 158 1372 siquis
172 1300 265 1356 ederit
278 1302 312 1357 de
330 1302 391 1372 ejus
413 1317 496 1373 pane,
521 1305 552 1356 ut
571 1303 754 1358 manifestum
768 1309 871 1359 esteos
921 1307 1007 1362 bente
1029 1311 1058 1362 et
1087 1309 1198 1364 dicente
1225 1326 1232 1362 ι
1259 1310 1348 1367 Nolite
1368 1313 1397 1366 ia
1423 1314 1571 1368 crastinum
1597 1317 1733 1382 copitarcc

75 1395 152 1449 sisere
172 1394 220 1465 qui
242 1410 346 1466 corpus
368 1395 430 1466 ejus
455 1394 601 1467 attingunt
621 1399 649 1450 et
664 1395 870 1452 Eucharistism
920 1401 1055 1456 crastinus
1081 1405 1152 1456 enim
1174 1405 1232 1472 ipse
1255 1404 1386 1473 cogitabit
1416 1405 1494 1471 sibi;
1517 1407 1653 1475 suffieit⁶¹
1681 1408 1736 1463 diei

72 1489 123 1558 juro
135 1487 396 1543 communicationis
411 1487 567 1560 accipiunt,
590 1488 631 1544 iia
654 1489 869 1545 cuntratimeu-
920 1494 1028 1548 mulitia
1050 1509 1100 1550 suu
1122 1495 1239 1558 (urrisu,
1263 1511 1300 1558 vr,
1329 1495 1385 1566 ii).
1413 1496 1512 1553 iderito
1537 1513 1605 1569 ergo
1629 1499 1734 1556 Christi

75 1583 128 1634 dum
150 1586 190 1635 est
212 1585 242 1636 et
257 1581 397 1636 orandum
417 1581 472 1652 (ia)
499 1597 545 1649 ne,
561 1581 630 1636 dum
644 1581 709 1653 quis
722 1581 869 1637 abstentus
920 1586 1075 1658 discipulus
1093 1587 1196 1642 rictum
1230 1588 1283 1643 sibi
1306 1589 1334 1643 in
1358 1589 1434 1645 diem
1458 1593 1601 1661 postulet,
1626 1594 1675 1665 qui
1698 1594 1733 1650 de

74 1677 232 1744 separatore
255 1673 359 1730 Christi
384 1689 511 1746 corpore,
535 1674 634 1746 procul
656 1682 801 1731 remaneat
815 1677 867 1746 ((3)
920 1679 1042 1734 crastino
1064 1677 1191 1751 cogitare
1214 1681 1269 1750 (45)
1295 1681 1482 1752 prohibetur3
1496 1684 1605 1755 quiaet
1619 1689 1731 1741 contra-

73 1768 207 1836 csaiute,
246 1771 442 1822 commanente
473 1767 536 1839 lpse
572 1773 599 1823 et
633 1767 745 1824 dicente
773 1787 780 1824 ι
809 1753 993 1826 NisiBrium
1016 1771 1068 1827 sibi
1083 1773 1115 1828 lit
1130 1777 1157 1827 at
1181 1791 1345 1846 repugnans
1361 1781 1392 1829 ut
1405 1791 1568 1848 queramus
1581 1777 1611 1833 in
1627 1780 1731 1835 seculo

74 1857 164 1912 mutu
186 1873 296 1913 assuens
326 1858 390 1914 Filii
413 1858 529 1914 bominis
555 1865 580 1914 et
608 1859 730 1915 biberitis
758 1861 868 1930 sanqui-
918 1864 965 1920 diu
983 1864 1089 1933 rivere,
1112 1867 1162 1938 qui
1187 1867 1312 1938 petimus
1333 1884 1455 1939 regnum
1471 1870 1520 1926 Dei
1536 1870 1669 1928 velociter
1681 1872 1731 1927 ad·

73 1965 117 2005 un
136 1951 199 2019 q'rcs,
220 1966 277 2008 non
301 1951 432 2007 babebitis
454 1955 540 2007 udam
565 1955 594 2007 in
615 1953 689 2008 nobas
713 1952 866 2022 iioun.,vs,
917 1959 1025 2014 senice.
1050 1959 1096 2016 Sic
1118 1964 1147 2015 et
1171 1960 1270 2016 beatos
1290 1961 1444 2033 Apostolus
1465 1969 1581 2032 monet,
1605 1964 1731 2020 formans

73 2049 232 2118 itiiitideo
258 2065 363 2121 panem
382 2055 520 2120 nostrum,
536 2050 566 2105 id
585 2055 628 2108 est
642 2051 785 2108 Christum
798 2051 866 2124 (ii),
917 2057 945 2107 et
966 2053 1155 2110 corroborans
1174 2053 1235 2126 spei
1256 2061 1362 2110 nostrae
1384 2071 1417 2111 ac
1437 2053 1504 2112 ildei
1528 2055 1698 2114 firmitatem
1726 2075 1733 2115 :

72 2141 118 2196 dari
138 2143 216 2198 nubis
235 2143 366 2216 quotidie
387 2143 522 2215 petimus,
550 2149 601 2213 ut,
623 2144 673 2218 qui
695 2144 724 2200 in
753 2145 866 2202 Christo
916 2147 1003 2215 iiiiii,
1025 2147 1128 2219 inquit,
1150 2149 1295 2205 intulimus
1315 2151 1344 2204 iss
1373 2149 1442 2205 bunc
1468 2151 1612 2216 mundum,
1639 2167 1732 2208 uemm

74 2253 202 2292 manemus
214 2241 244 2292 et
258 2236 390 2304 visimus,
409 2255 425 2292 a
444 2237 668 2294 sanctificatione
683 2238 745 2311 ejus
758 2243 788 2294 et
803 2256 865 2296 cor·
916 2254 963 2295 nec
990 2241 1099 2306 auferre
1124 2257 1273 2312 possunuss.
1299 2243 1434 2298 Habentes
1466 2245 1560 2314 itaque
1588 2245 1731 2302 ecbibitis·

73 2345 126 2399 pore
141 2347 192 2386 non
209 2331 389 2401 recedemus.
917 2349 978 2388 nun
1004 2333 1061 2406 (ic)
1083 2340 1110 2390 et
1135 2339 1325 2404 tegumentum,
1353 2337 1394 2392 tris
1417 2341 1534 2394 contenti
1559 2342 1655 2395 simus.
1683 2341 1736 2408 Qui

746 2479 851 2546 Variae
871 2479 1040 2569 lectiones,

103 2615 120 2646 ‘³
130 2615 242 2667 Dicente
258 2614 323 2665 aaa.
337 2615 360 2666 l.
373 2615 397 2665 i.
413 2614 497 2665 Puris.
518 2615 581 2664 t'r'et.
597 2615 662 2678 Aua.
676 2615 776 2680 sepius.
809 2615 832 2649 ⁴⁹
845 2616 947 2668 Panem
963 2621 1055 2670 autem
1069 2619 1149 2684 ispe..
1161 2621 1208 2685 qui
1226 2619 1303 2671 addit
1314 2635 1323 2672 :
1336 2623 1377 2673 lto
1391 2623 1516 2674 editiones
1533 2625 1595 2674 vett.
1613 2623 1737 2688 probante

10 2683 12 2760 j
81 2685 188 2735 Graeceio
201 2685 257 2736 aas.
272 2684 380 2744 monod„
391 2685 471 2749 pail.
505 2687 525 2720 ⁵²
537 2684 633 2738 Mundi
654 2687 721 2738 Voss.
735 2687 759 2738 3.
794 2689 815 2720 ⁵¹
830 2685 1028 2740 Sufficitenim
1040 2689 1087 2739 Ar.
1102 2687 1198 2740 iscus

10 2849 12 2938 y
697 2819 811 2904 Steph.
834 2819 958 2886 baluzii
979 2827 1075 2888 stote.

10 2975 11 2982 ι
77 2957 280 3008 eamnsuetudo
295 2969 385 3023 nsque
399 2958 434 3009 ad
455 2958 488 3010 D.
503 2957 618 3010 Hieron.
632 2961 738 3010 etatem
759 2957 868 3018 Rome3
921 2957 1120 3023 Seguierieuus
1150 2972 1199 3024 pro
1235 2959 1329 3024 procui
1363 2960 1448 3012 habet
1481 2965 1629 3023 extraneus,
1660 2977 1735 3018 unus

75 3033 96 3078 ct
111 3029 137 3078 in
159 3029 302 3094 Hispanis,
315 3029 360 3080 vel
386 3029 446 3093 ipso
470 3034 543 3081 teste
569 3030 685 3094 epistola
711 3029 746 3080 ed
767 3029 871 3080 Lucam
920 3043 1000 3082 meus
1021 3034 1048 3082 et
1073 3031 1144 3082 alius
1167 3035 1247 3082 vetus
1274 3035 1416 3096 seperatus
1441 3036 1559 3094 moneat,
1583 3037 1646 3084 octo
1671 3031 1735 3084 libri

10 3115 12 3148 ι
75 3099 178 3150 iaticum
199 3104 226 3152 et
251 3100 390 3165 apologet.
403 3101 437 3151 ad
461 3100 590 3153 Pamach.
607 3113 657 3166 pro
679 3100 757 3152 libris
776 3102 1007 3196 contraCnostri
1036 3105 1062 3152 et
1087 3105 1208 3166 quatuor
1238 3103 1385 3165 Anglicani
1411 3101 1524 3155 alienus.
1554 3103 1624 3166 Quae
1650 3103 1734 3156 rante

75 3169 164 3231 iorin;
184 3171 338 3223 Mediolani
359 3171 392 3222 ad
415 3172 450 3224 D.
469 3172 597 3224 ambros.
617 3185 719 3237 usque,
732 3171 870 3248 quemad·
920 3173 1056 3224 lectiones
1075 3171 1240 3224 introductas
1258 3172 1388 3223 videntur
1403 3171 1439 3224 ab
1454 3174 1489 3224 iis
1508 3174 1557 3238 qni
1571 3173 1734 3226 nesciebant

10 3293 11 3296 ,
77 3243 169 3293 nodum
191 3244 326 3308 colligere
350 3247 392 3294 est
416 3257 451 3295 ex
465 3245 514 3295 uit.
534 3257 595 3308 cap.
617 3243 668 3294 lib.
696 3255 726 3296 iv
749 3247 776 3296 et
800 3257 819 3294 v
840 3243 871 3294 de
919 3255 1016 3294 rocem
1041 3248 1178 3294 remaneat
1203 3243 1290 3294 solem
1318 3243 1487 3296 constituere
1510 3245 1645 3309 optimum
1669 3257 1735 3297 sen-

77 3311 238 3374 Sccranrent.;
272 3319 300 3365 et
323 3316 352 3364 in
376 3315 469 3366 Africa
489 3328 580 3379 usqne
604 3313 638 3364 ad
664 3315 697 3366 D.
720 3314 870 3378 Augustini
920 3327 991 3374 sum,
1007 3319 1036 3364 ut
1056 3315 1085 3363 (ιι
1103 3313 1187 3364 simili
1209 3319 1373 3378 argumento
1390 3313 1448 3366 dixi
1467 3314 1533 3366 olim
1550 3315 1579 3367 iu
1596 3317 1686 3381 capite
1703 3317 1734 3367 si

76 3386 173 3446 eutem,
194 3389 225 3437 ut
239 3388 319 3450 petet
337 3398 371 3436 ex
391 3385 508 3450 epistola
530 3385 583 3436 ssa.
602 3386 687 3450 Atqui
708 3385 735 3435 in
757 3385 870 3437 Oriente
920 3385 1088 3449 prelationis
1108 3397 1178 3436 mace
1202 3386 1230 3434 in
1248 3385 1399 3436 concilium
1420 3385 1657 3438 chalcedonense.
1674 3387 1735 3440 llu-

74 3455 212 3514 iandudum
231 3455 351 3507 desierat
379 3469 412 3507 ee
436 3455 620 3518 consuetudo,
640 3456 681 3506 uti
702 3459 786 3520 patet,
809 3459 869 3506 tum
919 3454 1003 3516 tinus,
1026 3456 1073 3506 lib.
1096 3468 1154 3520 vus,
1178 3456 1274 3520 cena
1300 3471 1306 3504 :
1326 3471 1342 3506 ι
1363 3455 1418 3508 Sed
1438 3456 1494 3507 hoc
1516 3457 1607 3509 solum
1631 3459 1736 3524 singuli

10 3541 12 3582 ι
77 3525 178 3578 ιιᾰιιιο
198 3527 246 3578 lib.
270 3541 289 3578 v
308 3525 449 3578 Ambrosii
472 3526 505 3577 de
528 3525 703 3588 Succurrent,
719 3531 746 3578 et
772 3526 834 3578 libr.
851 3539 870 3578 ιι
919 3525 1108 3590 putrescebant
1137 3539 1174 3579 ne
1199 3526 1269 3576 torte
1298 3524 1366 3577 dum
1393 3539 1540 3592 properam
1566 3530 1609 3580 eoi
1632 3543 1735 3595 urgens

77 3595 100 3643 cie
123 3599 237 3649 &rumne
270 3598 378 3649 Domini
405 3599 438 3648 D.
478 3597 646 3662 Augustin.;
682 3602 741 3648 tum
770 3611 805 3648 ex
834 3596 868 3648 D.
920 3597 1062 3648 clauderet
1088 3597 1178 3660 diem,
1204 3602 1347 3661 seperatus
1374 3601 1553 3652 ecunsortlo
1581 3606 1734 3668 martyrum

78 3665 196 3730 Chrysost.
222 3670 300 3720 hom.
324 3670 351 3719 os
376 3669 412 3719 od
426 3681 486 3733 pop.
509 3668 639 3726 antioch„
655 3681 692 3728 ιιι,
714 3669 740 3718 in
763 3667 869 3732 Episto-
920 3673 1116 3719 remaneret.»
1140 3667 1260 3720 Sanetus
1278 3669 1450 3732 Ambrosius,
1473 3671 1521 3722 lib.
1541 3686 1549 3722 1
1573 3673 1735 3736 officiorum,

77 3735 119 3786 iam
138 3739 169 3788 ad
189 3740 306 3804 tiphos,
321 3743 348 3791 et
360 3753 424 3790 xxn
439 3739 473 3790 ad
495 3739 640 3799 Hebraeos,
654 3739 704 3789 ubi
726 3739 815 3790 varias
832 3739 870 3789 ai·
920 3749 944 3786 c.
966 3737 1006 3798 ti,
1022 3751 1107 3802 agens
1128 3738 1163 3790 de
1187 3744 1283 3790 sancto
1307 3739 1479 3792 Laurentio:
1504 3741 1610 3794 «Cum
1628 3744 1734 3796 rideret
1832 3745 1835 3750 '

76 3808 116 3858 (ιιι
133 3811 346 3868 observationes,
365 3813 424 3861 tum
447 3823 543 3860 eorum
567 3812 614 3875 qui
636 3810 665 3860 in
684 3809 870 3860 solemnitati·
920 3806 1031 3858 Xistum
1053 3809 1215 3872 episcopum
1236 3822 1319 3858 suum
1340 3810 1373 3859 ad
1391 3813 1554 3875 martyrium
1575 3813 1649 3876 duci,
1668 3814 1736 3868 llere

77 3877 117 3929 lius
132 3882 374 3934 communicabant
394 3882 422 3932 in
445 3881 575 3932 Adventu
596 3884 624 3931 et
642 3881 869 3945 Quadragesima‚
920 3879 1014 3942 eoepit,
1037 3893 1093 3930 non
1115 3880 1273 3944 passionem
1297 3881 1384 3942 iliius,
1407 3881 1456 3932 sed
1480 3897 1560 3934 suam
1580 3887 1736 3936 remansio-

77 3953 121 4000 tnm
142 3966 233 4004 sorum
260 3954 308 4018 qui
336 3953 362 4002 iu
387 3951 492 4003 Pascha
519 3951 671 4014 dumtaxat,
691 3957 740 4002 aut
757 3952 799 4003 his
823 3957 870 4002 aut
919 3949 1083 4002 nemesio
1104 3951 1218 4001 l‘ontius
1233 3951 1369 4004 diaconus
1389 3954 1416 4002 (ιι
1434 3952 1504 4003 libro
1523 3967 1607 4019 quem
1625 3957 1736 4021 scripsit

77 4025 108 4072 ter
126 4025 151 4074 in
178 4037 261 4088 anno,
288 4029 348 4075 tum
377 4025 554 4074 eremitarum
578 4024 626 4088 qui
651 4036 686 4074 ex
713 4023 870 4075 humilitate
919 4021 951 4072 de
980 4022 1039 4071 Vite
1064 4023 1147 4072 suncti
1178 4023 1309 4085 cypriani
1338 4025 1375 4076 ait
1405 4039 1411 4072 :
1440 4043 1454 4071 e
1483 4023 1558 4088 Quid
1585 4027 1640 4078 hoc
1673 4028 1735 4080 ioco

76 4095 176 4155 quadam
199 4095 288 4148 ιιιιιι(
322 4095 472 4160 quotannis
510 4097 558 4145 erit
594 4093 712 4160 singulis
739 4094 868 4146 bienniis.
920 4091 1019 4142 taciem
1041 4092 1114 4144 inter
1135 4091 1267 4155 gaudium
1287 4095 1424 4158 passionis
1447 4099 1476 4146 et
1499 4097 1661 4148 remanendi
1681 4098 1736 4150 do-

77 4162 151 4226 Quara
168 4180 221 4217 non
244 4171 303 4218 tem
324 4169 425 4231 urgent
445 4166 479 4217 D.
498 4165 532 4217 D.
556 4164 699 4230 chrysost.
721 4171 748 4218 et
770 4167 870 4218 Hiero·
920 4160 1059 4212 lorem‘ls

77 4246 159 4296 aymus
184 4238 410 4289 communionem
433 4235 633 4301 quotidianam,
653 4249 736 4302 quam
759 4237 870 4302 dignam
949 4232 998 4294 (ii)
1014 4232 1110 4283 Panem
1130 4239 1255 4298 nostrum,
1273 4234 1301 4286 id
1325 4240 1362 4286 est
1389 4235 1531 4288 Christum.
1554 4237 1664 4290 Citatur
1686 4239 1733 4293 hie
1762 4285 1764 4292 .

77 4301 236 4360 tamaricum
251 4309 449 4373 sumptionem.
465 4308 623 4360 pascamus.
920 4302 1000 4354 iocus
1015 4303 1043 4353 in
1054 4316 1162 4356 canone
1176 4305 1206 4356 itt
1219 4306 1330 4358 concilii
1343 4307 1469 4358 Toletani
1484 4319 1523 4360 iv.

100 4377 140 4439 ((0)
176 4378 300 4431 sossensi.
345 4377 439 4430 Codex
478 4378 751 4443 Gratianopolitanus
785 4378 870 4430 habet
952 4375 1001 4436 (45)
1027 4374 1155 4439 Copitere.
1182 4376 1278 4428 Postea
1305 4377 1475 4442 sequebatur
1499 4379 1528 4429 in
1563 4378 1674 4432 duobus
1700 4382 1734 4433 ll·

78 4444 219 4500 atsunsnies.
249 4450 452 4512 Lamonianus,
481 4449 608 4500 abacistae.
636 4449 671 4499 lit
697 4450 780 4514 paulo
808 4453 870 4515 post
921 4443 977 4495 bris
991 4446 1093 4496 nostris
1111 4447 1179 4498 etin
1196 4446 1284 4498 tribus
1305 4449 1546 4513 Anglicanisquid
1568 4451 1735 4504 nrarsducutis

77 4515 98 4564 io
118 4517 364 4586 Gratianopolitano
390 4520 523 4584 scriptum
548 4523 598 4580 est,
623 4521 670 4584 qui
692 4519 805 4572 obstinet
829 4492 966 4573 es-Dout
980 4518 1044 4580 quid
1068 4515 1162 4567 bibitis.
1184 4516 1254 4579 Quae
1275 4518 1357 4568 lectio
1380 4519 1538 4570 confirmari
1556 4534 1638 4584 posse
1657 4522 1734 4574 vide-

78 4595 176 4648 posetus.
190 4591 231 4642 Es
253 4605 310 4656 quo
335 4591 458 4642 tortassis
481 4591 574 4656 colligi
602 4595 694 4656 posset
720 4590 868 4656 legendum
918 4589 962 4636 tur
983 4599 1017 4638 ex
1034 4586 1078 4637 his
1101 4587 1349 4650 verbis-Matthaei,
1365 4603 1402 4648 vr,
1424 4591 1452 4640 3(
1475 4605 1481 4638 ι
1512 4591 1596 4640 Nolite
1620 4595 1736 4656 capitose

79 4663 210 4724 usenpud
225 4663 456 4727 augustinumin
474 4662 539 4713 ioco
557 4675 621 4712 mox
639 4664 723 4715 citato
743 4667 770 4714 er
787 4662 834 4714 lib.
850 4677 868 4714 u
918 4657 1033 4709 dr'esntss
1048 4672 1056 4706 :
1073 4658 1141 4720 Quid
1156 4659 1258 4710 edemus
1272 4658 1313 4709 cet
1330 4659 1395 4724 quid
1410 4657 1548 4711 bibemus?
1561 4661 1630 4724 Quae
1651 4662 1734 4715 rerba

79 4725 185 4782 stelione
205 4734 416 4797 perseverantias,
441 4746 500 4796 cap.
528 4734 552 4794 t,
583 4733 735 4784 abstinentes
761 4747 810 4797 pro
836 4747 868 4785 eo
918 4729 1074 4779 referuntur
1095 4731 1272 4793 insequenti
1294 4731 1402 4795 pagine.
1431 4729 1547 4793 Seneca,
1571 4733 1642 4797 epist
1672 4734 1703 4786 ts
1728 4749 1734 4783 ι

79 4799 137 4859 quod
150 4806 253 4854 veteres
266 4804 404 4855 editiones
416 4803 556 4854 habebant
575 4804 699 4855 absentes.
720 4805 824 4856 Verum
840 4806 867 4855 in
918 4817 932 4846 ι
948 4801 997 4852 ille
1009 4800 1185 4850 beatissimus
1203 4804 1244 4850 est
1257 4805 1285 4850 et
1304 4813 1419 4852 securus
1437 4803 1484 4866 qui
1500 4803 1652 4855 crastinum
1673 4806 1733 4856 sine

81 4879 136 4919 ross
155 4886 264 4938 operum
287 4876 374 4925 sancti
394 4875 541 4940 Augustini
563 4875 685 4926 editione
705 4881 867 4926 annotatum
918 4870 1106 4921 sollicitudine
1119 4874 1268 4934 exspectat.
1283 4890 1296 4916 ι

79 4943 110 4987 cil
129 4942 230 4993 absenti
257 4959 368 5010 semper
392 4947 528 5010 seriptum
549 4957 609 4996 esse
628 4947 655 4994 in
671 4946 867 5009 manuscriptis
949 4944 997 5004 ((6)
1025 4941 1229 4998 inhibitionem.
1258 4943 1296 4992 lta
1322 4943 1404 4994 etiam
1438 4943 1510 4995 inira
1542 4945 1570 4995 in
1603 4946 1674 4998 libro
1703 4947 1735 4999 de

79 5009 207 5065 Gallicanis
218 5021 245 5066 ec
254 5017 406 5070 Vaticanis,
920 5013 1002 5076 Opere
1030 5017 1055 5060 ci
1082 5012 1268 5077 titessnosyms,
1296 5027 1357 5078 pag.
1384 5015 1439 5065 240.
1468 5015 1542 5066 Libri
1575 5021 1681 5069 ueteres
1707 5023 1734 5070 et

103 5083 143 5144 {tit
164 5085 239 5134 Panis
257 5092 343 5137 autem
361 5101 447 5152 quem.
467 5087 537 5138 Vide
553 5087 734 5147 Gronovium,
756 5099 815 5151 cap.
840 5089 869 5138 ii
918 5083 1046 5148 quaedem
1073 5089 1179 5134 veteres
1200 5085 1336 5137 editiones
1360 5086 1513 5149 praeierunt
1536 5090 1641 5138 uictum.
1670 5089 1734 5140 'ier-

82 5149 286 5208 Observationum
300 5159 327 5208 in
344 5159 524 5222 scriptoribus
535 5157 743 5209 ecciesiasticis.
919 5155 1052 5205 tullianus
1066 5155 1094 5204 in
1112 5154 1183 5206 libro
1202 5156 1233 5206 de
1248 5156 1404 5208 idololotria
1418 5171 1426 5204 :
1442 5175 1456 5203 e
1477 5157 1506 5208 Si
1527 5159 1565 5208 ite
1585 5162 1735 5212 necessitas

103 5224 144 5283 iti)
163 5228 193 5276 iu
216 5230 355 5280 mondum.
382 5231 451 5280 Haec
476 5228 577 5280 desunt
610 5228 638 5278 in
664 5225 774 5278 duobus
800 5230 868 5280 enti·
918 5225 1098 5276 exhibitionis
1108 5226 1275 5277 obtenditur.
1295 5245 1308 5274 ι
1325 5227 1359 5278 iit
1373 5229 1444 5278 inira
1460 5243 1466 5276 ι
1483 5246 1497 5276 e
1513 5229 1582 5280 Male
1601 5231 1682 5282 nobis
1699 5233 1735 5283 de

82 5295 130 5354 quis
146 5299 352 5365 exemplaribus.
379 5301 415 5351 Et
435 5302 564 5366 ᾳιιιιιιιιι
590 5303 698 5350 exstent
723 5299 750 5348 in
774 5300 869 5350 multis
918 5296 1130 5348 necessitatibus
1151 5297 1283 5350 humanae
1303 5298 1483 5350 exhibitionis
1502 5299 1704 5364 applaudimus.
1719 5321 1733 5350 n

82 5361 128 5412 eliis
149 5372 174 5418 et
199 5371 226 5419 in
253 5371 429 5433 editionibus,
458 5375 526 5436 puto
549 5383 611 5421 esse
636 5369 784 5434 superflue.
809 5370 869 5420 Non
918 5369 1005 5430 idem,
1029 5369 1058 5419 in
1079 5367 1150 5420 libro
1173 5369 1208 5420 de
1226 5371 1412 5434 Menogenis:
1439 5388 1453 5416 «
1473 5370 1547 5433 Quid
1568 5373 1592 5422 si
1613 5373 1734 5439 inopiam

82 5445 129 5484 tum
143 5443 225 5491 umen
237 5455 320 5493 ausus
335 5442 428 5494 delere
437 5446 533 5494 contra
545 5445 586 5492 tot
598 5446 722 5494 veterum
735 5440 868 5492 librorum
918 5441 982 5505 quis
1008 5443 1146 5502 causetur,
1168 5444 1201 5490 ut
1225 5453 1338 5492 carnem
1357 5445 1451 5504 aparte
1471 5443 1645 5507 prostitutam
1671 5459 1734 5509 pro·

83 5507 230 5570 scripturam.
918 5511 1040 5572 litentur,
1068 5510 1248 5562 exhibitionis
1273 5523 1358 5562 causa
1386 5511 1550 5576 nubentem,
1571 5514 1675 5566 oblitus
1697 5515 1731 5566 da

106 5577 145 5640 (ti)
177 5582 266 5632 Ριιιιιι(
295 5589 440 5636 remaneat.
476 5583 548 5635 Cum
581 5597 678 5635 vocem
715 5580 810 5647 praem
840 5583 868 5633 in
918 5583 1032 5632 victuet
1047 5582 1147 5632 vestitu
1162 5595 1218 5633 non
1239 5595 1302 5634 esse
1319 5583 1552 5646 cogitandum‘in
1571 5584 1731 5648 Cassianus,

84 5647 144 5699 auito
158 5657 277 5706 ceterum
297 5655 431 5707 librorum
448 5659 605 5706 nostrorum
621 5656 768 5718 repererim
784 5667 869 5719 quam
918 5653 965 5704 tib.
990 5665 1008 5714 ι,
1024 5665 1084 5716 cap.
1106 5653 1131 5710 3,
1155 5653 1225 5704 dixit
1246 5653 1379 5705 alimenta
1399 5659 1427 5704 et
1452 5657 1631 5721 operimenta,
1658 5657 1732 5708 dam·

85 5713 105 5763 ln
125 5721 238 5783 thuano,
250 5725 303 5776 huc
319 5724 400 5776 vaide
425 5725 595 5776 inchabam
608 5728 639 5772 ut
652 5724 782 5778 delerem.
801 5725 870 5776 Sen-
919 5736 988 5773 nans
1000 5724 1163 5788 interpretes
1182 5724 1229 5789 qui
1248 5726 1412 5776 vestimenta
1429 5731 1583 5792 posueruut
1599 5739 1648 5792 pro
1665 5738 1730 5790 ops-

86 5794 198 5845 amonim
223 5796 326 5864 integer
339 5801 380 5848 est
397 5795 504 5862 absque
528 5794 576 5846 illo
599 5794 745 5846 vocabulo.
772 5793 869 5847 Codex
920 5795 1051 5847 simsutis.
