4076 6190
141 273 175 326 ee
903 259 1090 322 emitto.
1795 269 1829 328 sn

134 396 225 468 longo
238 396 335 454 dolore
349 395 487 452 cruciatos
499 394 634 451 mundari
646 398 675 450 et
688 391 806 466 purgari
819 391 868 448 diu
884 391 962 463 igne,
978 407 1035 446 non
1058 389 1184 462 pendere
1207 389 1237 444 in
1252 389 1329 445 diem
1348 389 1462 461 judicii,
1478 389 1529 446 sed
1551 387 1649 448 statim
1671 409 1687 447 a
1707 393 1828 450 Domino

133 487 276 542 coronari.
295 489 326 540 3⁰
346 486 504 557 Cyprianus
526 499 582 540 uon
605 484 698 538 solum
717 489 855 554 martyres
880 497 947 538 eum
967 479 1064 553 lapsis,
1088 478 1138 534 sed
1161 479 1248 534 etiam
1270 479 1399 550 virgines
1420 495 1487 536 cum
1510 481 1647 536 adulteris
1671 490 1827 555 comparet.

133 575 260 630 Dubium
282 591 341 631 non
363 581 407 630 est
423 575 494 646 quin
518 574 553 630 de
578 572 750 643 martyribus
772 581 801 626 et
815 571 972 644 virginibus
987 567 1109 624 mortuis
1121 569 1264 640 loquatur,
1286 585 1352 623 cum
1375 585 1512 625 coronam
1538 569 1592 624 illis
1611 571 1708 626 statim
1729 571 1828 629 donari

132 663 317 734 pronuntiat.
330 665 387 721 Cur
399 679 467 734 argo
483 679 549 718 eum
567 662 602 718 de
618 661 818 734 poenitentium
833 667 906 716 statu
926 661 954 714 in
976 658 1029 713 hac
1050 659 1167 713 tautum
1188 657 1246 712 rita
1267 657 1394 712 locutum
1411 657 1584 714 credamus?
1603 660 1740 716 Praeclara
1758 679 1827 718 sane

133 759 211 808 esset
225 759 312 824 atqua
324 751 441 824 egregie
454 751 637 823 comparatio,
653 754 795 823 martyres
809 755 838 806 et
859 750 983 822 virgines
1005 765 1071 804 cum
1095 746 1254 804 idololatris
1274 753 1302 803 et
1322 746 1458 804 adulteris
1480 747 1510 802 in
1529 749 1583 804 hoc
1598 749 1738 818 conferre,
1752 753 1828 823 quod

132 841 221 912 primi
237 842 335 896 statim
347 842 377 896 in
390 841 480 896 altera
492 839 744 906 vitacorousntur,
766 837 918 910 postremis
939 854 1007 894 vero
1029 837 1205 908 poenitentiae
1224 836 1308 891 labor
1327 836 1358 890 in
1379 836 1431 890 hac
1452 835 1511 892 vita
1531 837 1693 894 subeundus
1712 839 1757 894 sit.
1773 840 1828 896 Sed

132 931 155 984 si
170 931 218 986 isti
232 929 393 985 idololatres
409 936 438 984 et
452 926 572 986 adulteri
594 935 655 1000 post
669 929 833 984 inchoatam
853 926 1052 1000 penitentiam
1064 925 1240 991 moriantur,
1253 940 1290 978 au
1311 925 1418 992 statim,
1436 929 1467 980 ut
1487 927 1627 996 martyres
1645 929 1674 980 et
1692 928 1827 1000 virgines,

132 1018 302 1074 mercedem
324 1021 353 1074 ct
373 1033 507 1074 coronam
527 1017 678 1090 accipient,
701 1019 730 1071 et
753 1022 870 1088 peccata
890 1015 985 1072 omnia
1008 1015 1175 1087 paenitentia
1197 1029 1335 1086 purgasse
1367 1012 1562 1068 ridebuntur?
1584 1013 1652 1078 Quis
1672 1031 1730 1070 non
1753 1018 1829 1073 videt

132 1106 299 1162 institutam
319 1123 336 1162 a
356 1107 498 1178 Cypriane
518 1105 764 1178 comparationem
785 1106 821 1160 ad
839 1105 967 1161 futuram
993 1104 1172 1176 potissimum
1189 1103 1274 1160 vitam
1295 1103 1416 1158 reterri?
1432 1102 1539 1174 qnippe
1560 1118 1625 1158 cum
1649 1103 1677 1158 in
1699 1105 1752 1160 hac
1772 1107 1828 1162 vita

132 1195 339 1266 poenitentium
355 1196 482 1250 laborem
495 1211 580 1250 sacrae
596 1194 731 1266 virgines,
746 1210 868 1266 quarum
890 1199 954 1250 erat
975 1197 1122 1250 austerum
1141 1193 1255 1249 vivendi
1274 1207 1378 1263 genus,
1392 1193 1589 1264 adaquarent,
1604 1195 1742 1266 martyres
1762 1212 1827 1253 varo

132 1283 224 1354 longe
240 1288 421 1354 superarent.
439 1286 467 1338 ιθ
481 1282 554 1338 Illud
571 1305 584 1334 ιι
602 1283 726 1354 pendere
743 1283 773 1338 iu
790 1283 867 1339 diem
877 1283 979 1355 judicii
995 1305 1009 1335 ιι
1017 1283 1098 1338 ratde
1112 1266 1281 1339 adversariis
1296 1282 1459 1338 molestum.
1475 1283 1579 1338 Putant
1594 1282 1726 1338 Nicotaus
1741 1285 1831 1341 Faber

133 1377 163 1427 et
177 1373 323 1444 lligaltius
337 1372 696 1444 beatitudiuemjustorum
706 1389 723 1428 a
733 1375 876 1445 Cypriauo
886 1373 914 1428 in
924 1372 1005 1428 diem
1012 1371 1125 1444 judicii,
1138 1371 1264 1444 exceptis
1275 1369 1459 1441 martyribus,
1468 1370 1587 1426 dillerri.
1596 1371 1651 1427 Sed
1660 1372 1722 1428 hoec
1732 1374 1828 1445 opinio

133 1459 238 1532 attingi
253 1462 395 1532 Cypriane
414 1478 470 1516 nou
491 1465 593 1532 potest,
616 1461 665 1534 qui
683 1462 737 1518 hoe
757 1463 830 1531 loco,
851 1465 882 1517 ut
900 1461 963 1532 jem
985 1461 1143 1527 observavi,
1161 1477 1218 1516 non
1238 1459 1332 1515 solum
1354 1461 1389 1515 de
1412 1459 1595 1532 martyribus,
1617 1462 1771 1518 sedetiam
1793 1465 1827 1519 do

134 1547 297 1620 virginibus
311 1549 450 1621 loquitur.
467 1550 548 1622 Saepe
561 1551 632 1604 alias
644 1551 736 1618 docet,
746 1551 889 1625 precipue
903 1567 971 1606 sero
985 1551 1015 1605 in
1032 1550 1104 1606 libro
1119 1551 1151 1606 de
1163 1551 1341 1612 llortulitote,
1355 1565 1414 1604 uon
1426 1549 1519 1604 solum
1532 1555 1682 1620 martyres,
1695 1552 1828 1609 sedatius

134 1637 225 1692 etiam
241 1641 364 1705 sanctos,
380 1655 446 1693 oum
461 1654 493 1693 er
508 1638 562 1693 hac
577 1639 634 1694 vita
647 1638 799 1708 decedunt,
811 1656 877 1695 cum
890 1639 1002 1696 Christo
1012 1638 1139 1710 incipere
1150 1655 1273 1710 regnare
1286 1657 1293 1707 ;
1306 1638 1433 1710 virgines
1446 1641 1475 1692 et
1489 1654 1594 1709 pueros
1603 1640 1637 1694 ad
1646 1641 1828 1698 continentiae

134 1732 165 1782 et
177 1727 357 1782 iunocentiae
374 1729 526 1800 praemium
538 1727 661 1784 feliciter
675 1728 834 1800 pervenire,
845 1729 939 1800 justos
953 1728 990 1784 ad
1005 1727 1190 1800 refrigerium
1213 1728 1316 1784 vocari.
1335 1727 1405 1783 lllud
1424 1744 1494 1800 ergo
1508 1730 1703 1784 testimouium
1721 1729 1756 1785 de
1770 1747 1826 1804 quo

133 1833 214 1872 nunc
240 1815 367 1888 agimus,
386 1817 421 1872 ed
441 1833 489 1872 eos
508 1817 608 1872 reterri
630 1815 715 1872 debet
732 1833 805 1888 quos
823 1823 890 1874 aute
909 1819 1025 1890 plenam
1046 1816 1244 1888 paenitentiam
1266 1820 1396 1874 mortuos
1413 1817 1443 1872 in
1466 1817 1543 1872 diem
1561 1817 1664 1889 judicii
1683 1819 1827 1891 generalis

134 1905 280 1960 reservari
303 1905 445 1961 existimat
464 1905 631 1978 Cyprianus.
656 1907 710 1962 ttec
732 1907 837 1962 mirum
859 1907 882 1961 si
904 1907 1046 1979 ejusmodi
1069 1906 1218 1962 bominum
1239 1907 1447 1962 beatitudiuem
1477 1923 1566 1979 usque
1580 1909 1616 1963 ad
1637 1909 1692 1964 hoc
1715 1911 1827 1981 tempus

134 1995 270 2062 differat;
287 2011 353 2050 cum
368 1995 448 2050 enim
462 1994 568 2051 instare
583 1995 710 2051 crederet
723 1995 879 2052 adrentum
893 1995 1019 2064 Domini,
1031 1995 1166 2068 temporis
1177 1995 1303 2066 spatium
1312 1995 1390 2067 justo
1403 1995 1517 2066 longius
1527 2013 1585 2052 nou
1599 2001 1713 2068 poterat
1726 1999 1826 2056 rideri.

134 2085 229 2138 Porro
243 2084 378 2156 Cypriani
391 2084 530 2140 sententia
543 2084 609 2140 inde
631 2085 718 2140 etiem
739 2085 906 2152 illustmtur,
921 2085 1001 2157 quod
1017 2084 1048 2141 in
1066 2084 1110 2140 die
1126 2082 1229 2155 judicii
1251 2089 1412 2156 martyrum
1427 2084 1528 2141 merita
1550 2085 1680 2158 pluribus
1702 2087 1731 2142 in
1752 2089 1827 2146 huuc

134 2173 213 2227 diem
229 2173 423 2244 pendentibus
436 2173 589 2244 protutura
600 2173 725 2228 declaret
740 2192 746 2228 :
765 2194 779 2224 ιι
793 2173 942 2232 Credimus
961 2173 1086 2245 quidem,
1107 2193 1122 2224 ιι
1137 2172 1274 2244 inquitis
1288 2173 1512 2245 librodelopss's
1528 2175 1604 2247 tpsg.
1622 2175 1694 2247 187),
1711 2197 1725 2226 ιι
1745 2193 1828 2249 posse

135 2262 212 2332 apud
232 2261 363 2331 judicem
382 2261 540 2332 plurimum
559 2265 719 2334 martyrum
740 2263 844 2318 merita
863 2264 892 2316 et
909 2277 997 2332 opera
1014 2261 1172 2332 justorum,
1191 2261 1239 2316 sed
1259 2277 1325 2316 cum
1340 2262 1441 2333 judieii
1464 2262 1524 2318 dics
1538 2265 1658 2334 venerit,
1672 2281 1739 2320 cum
1764 2271 1829 2338 post

134 2367 272 2404 occasum
285 2351 382 2406 seculi
398 2350 484 2422 hujus
496 2355 525 2408 et
539 2350 639 2406 muudi
654 2354 721 2406 aute
735 2350 861 2408 tribuual
876 2350 983 2407 Christi
1002 2350 1127 2422 populus
1140 2351 1203 2422 ejus
1218 2349 1370 2406 adstiterit.
1388 2371 1402 2402 ιι
1418 2353 1510 2424 Atque
1529 2352 1592 2408 baec
1609 2352 1724 2424 quidem
1743 2356 1778 2412 de
1794 2357 1827 2412 iis

134 2439 184 2510 qui
198 2439 303 2494 sesain
319 2439 441 2496 Ecclesia
453 2440 627 2512 penitentie
639 2441 828 2508 submittuut;
845 2439 894 2512 qui
912 2443 1008 2496 autem
1018 2446 1100 2495 extra
1114 2439 1268 2497 Ecclesiam
1276 2441 1449 2510 moriuntur,
1461 2458 1510 2497 eos
1522 2442 1681 2516 Cyprianus
1690 2445 1825 2514 declarat,

134 2529 251 2582 etiamsi
265 2544 316 2599 pro
329 2527 447 2584 nomine
463 2526 548 2583 occisi
562 2527 627 2596 sint,
644 2543 802 2601 numquam
817 2527 854 2584 ad
867 2529 1079 2600 indulgentiam
1095 2528 1157 2584 aliis
1170 2529 1199 2584 in
1215 2529 1278 2585 sinu
1301 2529 1433 2586 Ecclesiae
1454 2531 1641 2588 morientibus
1657 2535 1828 2604 promissam

134 2618 335 2687 perventuros.
351 2618 411 2672 «Et
425 2617 492 2688 quia
507 2616 582 2688 apud
596 2616 854 2673 iuleroscoufessio
877 2635 933 2673 non
948 2621 1001 2687 est,
1015 2617 1108 2690 inquit
1131 2618 1161 2672 iu
1184 2617 1286 2674 eadem
1305 2619 1392 2690 Epist.
1415 2635 1526 2688 amuco
1546 2623 1756 2696 exomologesis
1772 2625 1828 2681 illic

132 2704 197 2760 lieri
209 2707 313 2776 potest,
327 2705 377 2775 qui
392 2721 428 2759 ax
446 2709 505 2760 toto
522 2705 606 2760 corde
626 2704 813 2776 poenituerint
831 2709 860 2760 et
882 2707 1046 2778 rogaverint
1061 2708 1091 2762 in
1111 2708 1262 2764 Ecclesiam
1284 2708 1392 2764 debent
1410 2710 1531 2765 interius
1550 2712 1653 2784 suscipi
1672 2717 1701 2768 et
1717 2713 1746 2770 in
1765 2714 1827 2786 ipsa

132 2795 256 2850 Domino
271 2795 420 2862 reservari,
437 2794 498 2866 qui,
513 2793 547 2848 ad
562 2793 713 2850 Ecclesiam
728 2809 809 2850 suem
826 2802 973 2866 venturus,
989 2795 1023 2852 de
1035 2796 1091 2852 illis
1104 2797 1203 2869 utique
1224 2813 1296 2870 quos
1309 2799 1339 2853 iu
1358 2814 1392 2854 ea
1410 2799 1487 2855 intus
1506 2799 1657 2871 invenerit,
1673 2802 1826 2872 judicabit.

132 2886 283 2954 Apostatae
300 2899 364 2938 sero
386 2887 416 2937 et
435 2883 594 2937 desertores
615 2888 643 2938 et
662 2882 817 2938 adversarii
841 2889 870 2940 at
893 2886 988 2942 hostes
1008 2891 1037 2941 et
1058 2885 1161 2944 Christi
1176 2886 1330 2942 Ecclesiam
1351 2887 1531 2960 dissipantes,
1546 2905 1600 2944 nee
1620 2891 1644 2946 si
1666 2891 1748 2948 occisi
1774 2909 1826 2964 pro

133 2971 254 3026 nomina
277 2971 393 3040 luerint,
415 2969 528 3026 admitti
548 2969 708 3027 secundnm
735 2975 899 3042 Apostolum
924 2977 1044 3047 possunt
1062 2975 1100 3030 ad
1124 2975 1254 3032 Ecclesiae
1279 2992 1390 3048 pacem,
1413 2977 1527 3049 qnando
1550 2994 1602 3033 nec
1627 2979 1747 3051 Spiritus
1773 2997 1826 3038 uec

134 3065 274 3120 Ecclesia
289 3067 446 3118 tenuerunt
462 3063 611 3118 unitatem.
629 3085 644 3113 ιι
665 3061 764 3118 llerito
781 3065 865 3136 regat
880 3063 1039 3136 Cyprianus
1055 3063 1269 3134 exomologesin
1289 3081 1353 3135 quae
1371 3065 1400 3120 iu
1422 3066 1472 3120 bac
1492 3065 1548 3120 vita
1567 3067 1768 3139 prescribitur,
1796 3071 1824 3124 in

135 3153 232 3208 altera
247 3151 345 3225 perfici
361 3169 455 3226 posse.
471 3151 523 3208 Sed
534 3151 716 3224 perspicuum
727 3157 769 3207 est
781 3152 816 3207 ab
831 3169 864 3208 eo
873 3153 991 3225 agnosci
1004 3151 1212 3224 indulgentiam
1226 3154 1382 3226 quamdam
1394 3160 1423 3210 et
1435 3171 1546 3227 pacem,
1563 3173 1628 3230 qua
1641 3159 1826 3217 schismaticis

139 3247 167 3296 et
183 3241 333 3298 hereticis
354 3245 433 3296 extra
453 3241 605 3296 Ecclesiam
623 3241 754 3308 mortuis,
770 3240 881 3298 etiamsi
899 3255 952 3312 pro
970 3240 1088 3296 nomine
1108 3241 1192 3297 occisi
1209 3242 1327 3312 tuerint,
1343 3244 1482 3316 preclusa
1502 3249 1531 3300 ct
1549 3245 1700 3319 denegata,
1714 3249 1777 3305 aliis
1794 3249 1825 3305 in

135 3331 262 3387 Ecclesia
275 3331 398 3386 mortuis
413 3335 443 3386 ct
456 3329 485 3386 iu
500 3329 657 3386 adventum
671 3329 787 3386 Domini
802 3329 951 3385 reservatis
961 3330 1141 3386 concedetur.

170 3448 213 3503 Ex
226 3447 273 3504 his
288 3449 370 3520 patet
388 3445 624 3503 communionem
636 3446 713 3502 illam
726 3461 815 3518 quam
830 3446 953 3502 Ecclesia
968 3446 1106 3502 catholiea
1118 3463 1183 3504 cum
1196 3449 1301 3504 sanctis
1313 3454 1341 3505 et
1354 3450 1528 3523 martyribus
1540 3456 1568 3508 et
1581 3469 1646 3508 cum
1657 3453 1744 3525 justis
1757 3458 1825 3512 ente

135 3536 253 3608 plenam
276 3535 475 3608 poenitentiam
496 3534 615 3590 mortuis
634 3534 721 3602 toret,
735 3551 793 3590 nou
811 3549 916 3591 uorum
937 3550 995 3590 esse
1013 3541 1223 3607 commentum,
1240 3540 1290 3594 sed
1308 3537 1413 3611 dogma
1432 3539 1532 3610 primis
1550 3541 1660 3598 seculis
1678 3549 1778 3599 notum
1798 3549 1827 3601 et

134 3627 290 3682 creditum.
305 3628 361 3682 Nec
375 3627 483 3683 mirum
498 3628 522 3684 si
535 3627 596 3683 hoec
609 3628 772 3684 communio
782 3627 892 3684 hisnon
903 3628 998 3700 placet
1008 3628 1057 3700 qui
1070 3627 1105 3684 ab
1117 3627 1226 3683 unitate
1236 3627 1367 3684 Ecclesiae
1380 3625 1586 3696 discesserunt;
1598 3629 1646 3684 sod
1658 3632 1824 3703 Cyprianus,

135 3717 220 3788 cujus
233 3716 312 3772 inter
325 3717 485 3790 precipuas
497 3717 618 3774 virtutes
630 3717 734 3774 enituit
748 3717 864 3773 unitatis
880 3733 973 3786 amor,
986 3719 1093 3788 praeter
1106 3733 1139 3772 ea
1150 3733 1213 3789 que
1226 3716 1261 3772 ab
1275 3715 1323 3771 illo
1340 3715 1370 3771 in
1383 3717 1526 3774 honorem
1540 3721 1701 3791 martyrum
1712 3720 1825 3778 decreta

134 3805 301 3873 retulimus,
316 3805 428 3862 duobus
441 3805 503 3862 aliis
516 3807 546 3862 in
558 3807 629 3864 locis
644 3811 764 3864 testatur
775 3821 863 3878 quam
878 3811 956 3862 arcta
966 3805 1124 3862 intercedat
1137 3806 1266 3862 Ecclesie
1275 3805 1484 3875 praesentirem
1495 3807 1601 3862 sanctis
1611 3812 1639 3864 et
1651 3810 1825 3881 martyribus

136 3894 332 3952 necessitudo.
348 3894 460 3952 Primus
474 3898 564 3952 exstat
576 3895 606 3952 in
626 3896 699 3952 libro
718 3896 751 3952 de
769 3897 840 3954 Eub.
857 3895 948 3963 Vtro„
964 3909 1051 3966 quem
1069 3893 1108 3949 sic
1129 3893 1272 3950 concludit
1283 3893 1439 3965 Cyprianus
1455 3910 1462 3949 :
1482 3913 1495 3944 ιι
1511 3895 1633 3950 Tantum
1649 3904 1825 3956 mementote

136 3987 208 4038 tunc
233 3983 325 4038 nostri
348 3999 413 4040 cnm
437 3984 555 4057 incipiet
573 3985 602 4040 iu
624 3983 704 4041 vobis
727 3984 876 4057 virginitas
895 3983 1042 4038 honorari.
1063 4004 1077 4034 ιι
1096 3983 1223 4039 Alterum
1241 3981 1437 4038 testimouium
1457 3982 1564 4053 legitur
1585 3983 1615 4040 iu
1640 3986 1691 4057 Ep.
1716 4003 1771 4044 svn
1788 3989 1826 4044 ud

138 4073 305 4136 Cornelium,
318 4088 406 4144 quem
424 4073 463 4128 sic
476 4073 632 4144 alloquitur
645 4073 822 4146 Cyprianus:
840 4093 854 4123 ιι
869 4073 1008 4128 llemores
1028 4073 1118 4128 nostri
1134 4072 1255 4128 invicem
1271 4071 1370 4140 simus,
1389 4073 1542 4128 concordes
1558 4079 1642 4144 atque
1662 4078 1823 4147 unanimes,

137 4159 293 4230 utrobique
306 4175 358 4232 pro
376 4161 459 4216 nobis
471 4177 582 4233 semper
594 4177 718 4230 oremus,
736 4177 883 4233 pressuras
903 4165 931 4216 et
945 4160 1091 4231 augustias
1109 4165 1209 4216 mutua
1228 4161 1368 4215 charitate
1386 4162 1556 4230 relevemus,
1571 4164 1599 4218 et
1618 4163 1722 4235 siquis
1740 4164 1824 4222 istinc

137 4250 271 4302 nostrum
285 4247 365 4319 prior
385 4249 491 4304 divinar
512 4247 685 4320 dignationis
702 4249 845 4306 celeritate
863 4250 1048 4322 precesserit,
1068 4257 1230 4323 perseveret
1249 4252 1327 4324 apud
1347 4252 1498 4308 [lominum
1514 4258 1611 4310 nostra
1631 4254 1755 4325 dilectio,
1770 4273 1824 4329 pro

137 4336 277 4392 trabibus
290 4339 319 4391 et
331 4337 476 4392 sororibus
489 4337 594 4394 uostris
607 4339 684 4410 apud
698 4338 920 4394 misericordiam
930 4338 1019 4396 Petris
1032 4355 1090 4395 nun
1104 4347 1195 4396 cesset
1208 4341 1311 4398 oratio.
1325 4363 1339 4392 ιι
1356 4343 1470 4396 Frustra
1480 4343 1543 4398 baec
1553 4342 1648 4399 editur
1659 4343 1824 4400 Oxouiensis

138 4427 257 4481 eludere
271 4431 401 4502 conatur.
419 4425 617 4498 Virginitatem
632 4427 673 4482 eit
689 4426 817 4500 incipere
837 4427 972 4484 honorari
985 4445 1050 4484 cum
1069 4429 1104 4484 ad
1124 4430 1307 4485 confessionis
1325 4430 1412 4486 decus
1433 4432 1581 4503 pervenit,
1599 4433 1651 4488 sed
1668 4433 1825 4506 Cyprianus

137 4515 268 4586 virgines
280 4530 384 4569 omnes
396 4515 556 4586 generatim
568 4515 731 4586 alloquitur,
745 4531 803 4570 uon
814 4516 886 4571 solas
907 4521 1056 4587 martyres,
1072 4533 1125 4573 nec
1143 4518 1262 4588 proinde
1284 4519 1412 4591 martyrii
1430 4518 1480 4575 sed
1499 4520 1671 4593 virginitatis
1691 4538 1824 4578 eoronam

138 4604 256 4658 indicat.
275 4603 403 4659 Alterum
426 4603 520 4658 locum
539 4603 580 4658 sic
599 4603 807 4673 iuterpretatur
826 4603 929 4672 Fallus,
950 4604 1031 4676 quasi
1054 4604 1211 4676 Cyprianus
1231 4622 1297 4662 cum
1317 4607 1448 4663 Cornelio
1470 4608 1628 4680 paciscatur
1648 4629 1663 4658 ιι
1681 4611 1715 4664 ut
1736 4609 1823 4680 isqui

137 4692 394 4764 superstratuerit,
408 4693 453 4746 cui
468 4692 497 4748 in
520 4692 588 4747 vivis
606 4691 711 4746 diutius
733 4709 793 4748 esse
812 4693 976 4764 eontigerit,
998 4694 1107 4765 precari
1126 4699 1239 4766 pergat.
1255 4716 1269 4744 ιι
1292 4697 1327 4749 ιιι
1348 4695 1499 4750 manifesta
1520 4699 1564 4750 est
1581 4695 1741 4764 ravillali03
1766 4712 1823 4752 non

138 4781 217 4836 enim
233 4781 289 4836 hoc
301 4781 435 4852 precandi
449 4797 554 4837 munus
568 4781 594 4836 ei
609 4780 795 4837 commendat
807 4781 975 4854 Cyprianus,
990 4781 1039 4854 qui
1060 4785 1202 4854 superstes
1218 4783 1312 4850 fuerit,
1329 4783 1379 4837 sed
1400 4781 1449 4854 qni
1472 4804 1486 4833 ιι
1509 4785 1587 4855 prior
1606 4783 1791 4855 praecesserit.
1807 4805 1822 4836 ιι

138 4869 195 4926 Sed
212 4871 304 4926 Fellus
316 4887 348 4926 er
361 4875 460 4926 nostra
473 4871 709 4944 interpretatione
730 4871 863 4944 consequi
886 4875 982 4944 negat,
998 4875 1030 4928 nt
1050 4879 1163 4929 sanctos
1182 4871 1268 4926 liceat
1285 4871 1523 4942 meraritarum
1545 4887 1601 4928 nou
1622 4871 1825 4928 animadvertit

138 4975 228 5032 qnam
241 4959 303 5014 heac
316 4965 391 5016 arcte
404 4959 571 5016 cohereant
585 4977 649 5016 cnm
664 4961 844 5017 invocatione
858 4965 1037 5032 sanctorum,
1047 4977 1111 5033 quae
1121 4960 1144 5016 si
1154 4959 1252 5033 priscis
1266 4958 1377 5014 secutis
1386 4959 1476 5014 instar
1489 4961 1700 5031 superstitionis
1712 4961 1823 5018 Christo

137 5049 288 5120 injuriose
303 5048 401 5106 habita
415 5049 526 5117 luisset,
540 5050 586 5105 rel
599 5050 692 5121 potius
704 5051 728 5105 si
742 5068 800 5107 non
814 5051 948 5124 viguisset
965 5050 994 5106 iu
1010 5053 1071 5106 tots
1085 5049 1219 5118 Ecclesia,
1233 5053 1265 5103 ut
1279 5064 1340 5103 eam
1361 5047 1485 5119 viguisse
1501 5047 1649 5124 71·72
1664 5051 1823 5108 certissime

138 5143 329 5193 monumenta
342 5139 493 5206 testantur,
507 5153 656 5210 nunquam
668 5139 808 5211 Cypriane
822 5139 851 5194 in
866 5141 993 5195 mentem
1008 5139 1133 5194 venisset
1146 5137 1269 5209 virgines
1281 5139 1309 5190 et
1322 5140 1462 5208 martyres
1477 5139 1507 5193 in
1523 5143 1700 5196 antecessum
1714 5141 1824 5213 precari

137 5231 165 5280 et
178 5225 322 5282 invocare.

613 5396 679 5463 ttr.
694 5419 778 5464 -ua
796 5416 900 5466 cesten
919 5417 1081 5477 plurimrs,
1101 5413 1217 5473 elusone
1234 5413 1344 5464 omrts.

173 5553 356 5618 prelationis
369 5559 491 5619 modum
504 5565 721 5637 transgrederer
732 5568 756 5624 si
768 5567 799 5623 in
812 5568 874 5623 aliis
888 5568 1022 5641 Cypriani
1040 5567 1188 5624 sententiis
1205 5571 1336 5623 accurato
1357 5565 1532 5638 vestigandis
1554 5567 1734 5624 immorarer.
1750 5567 1825 5625 Nihil

137 5649 216 5705 euim
231 5649 335 5704 erroris
348 5650 544 5724 excogitatum
559 5656 603 5709 est
614 5654 659 5710 his
672 5656 878 5727 posterioribus
892 5657 1013 5726 saeculis,
1028 5659 1061 5712 ut
1074 5663 1151 5713 recte
1164 5655 1295 5712 observat
1309 5655 1461 5726 Pamelius,
1472 5655 1548 5727 quod
1563 5672 1620 5711 uon
1634 5673 1669 5711 ex
1689 5655 1823 5729 Cypriani

137 5737 312 5794 testimoniis
325 5738 483 5796 retollatur.
495 5741 532 5798 lte
546 5742 651 5800 Christi
663 5743 811 5801 diunitats
829 5749 942 5802 sanctus
955 5746 1060 5818 llartyr
1076 5745 1143 5801 data
1162 5761 1251 5818 opera
1271 5760 1330 5799 nou
1353 5743 1546 5815 pertractavit,
1561 5743 1619 5814 sed,
1634 5745 1733 5799 breves
1746 5744 1822 5800 illius

138 5825 174 5888 tls
190 5826 249 5886 lico
263 5825 412 5886 incarnato
430 5829 580 5888 mutantia
594 5845 653 5888 nou
666 5833 762 5890 minus
779 5833 890 5891 habeut
902 5833 1011 5891 roboris
1024 5830 1054 5890 et
1068 5833 1219 5906 momenti,
1233 5849 1322 5908 quam
1334 5831 1453 5888 uberior
1470 5831 1664 5906 pertractatio.
1678 5833 1823 5892 Christum
