3978 6204
233 265 283 324 603
707 267 739 326 S.
755 255 914 326 struitur
932 245 1069 324 ornuuu
1088 267 1174 325 rius
1193 267 1227 324 11.
1248 293 1282 308 -
1301 267 1483 326 OPUSCULA.
1846 271 1888 328 tat

230 391 296 446 lutis
321 393 477 456 auctorem,
499 389 603 448 ciclum
631 391 740 463 puriter
767 397 796 446 et
829 393 943 447 Putrem
968 409 1045 464 qum-
1061 399 1145 482 Atos
1167 392 1273 446 orimus
1293 391 1457 462 Christiani,
1479 391 1502 446 si
1527 390 1670 448 Christum
1695 390 1822 448 fuerimus
1839 393 1890 448 irni-

230 483 359 540 rentibns
369 487 397 538 ct
410 483 593 540 credentibus
605 485 794 556 pollicentem.
806 485 889 550 Quod
904 489 947 540 cst
956 485 1050 542 Chris-
1100 485 1152 540 teti
1163 487 1185 521 ⁶¹
1199 485 1266 556 (83).

919 623 1024 688 Variae
1053 625 1220 690 lectiones.

231 751 388 872 RDgeeuti
403 753 473 803 Pem.
490 753 558 802 Lam.
577 753 635 802 Tho.
656 754 718 803 Vici.
736 753 796 802 Fors
818 753 1040 804 tetrametro.
1057 755 1137 805 Drur.
1154 755 1174 804 t.
1192 755 1293 804 Meet-m.
1318 753 1453 804 vindobon.
1468 752 1548 803 nemo.
1566 752 1673 803 Froben.
1689 754 1795 817 iternap.
1811 754 1889 804 tindn.

251 836 281 870 au
315 859 320 870 .

926 886 1101 951 Variomm
1123 893 1220 951 notae.

263 1011 355 1074 (113181
370 1011 504 1062 Christum
519 1011 765 1074 [11111111111111111.
781 1013 894 1064 Veteres
913 1014 1050 1066 editiones
1096 1015 1222 1067 Faustini
1236 1029 1242 1064 ε
1257 1033 1271 1062 a
1285 1015 1377 1066 Perdit
1392 1016 1466 1066 enim
1481 1015 1508 1063 in
1521 1027 1552 1065 se
1566 1013 1719 1064 Christiani
1734 1011 1886 1076 nominissp·

235 1084 262 1130 et
279 1081 372 1144 piures
386 1082 450 1132 iibri
461 1087 567 1133 veteres
578 1083 683 1134 hebent
696 1086 784 1133 secuti.
797 1085 887 1134 Aliam
899 1087 1048 1137 lectionem
1094 1085 1273 1148 pollutionem
1292 1087 1341 1152 qui
1356 1084 1459 1138 Christi
1474 1097 1529 1134 uon
1552 1085 1681 1148 sequitur
1698 1082 1887 1146 disciplinam.»

235 1151 329 1200 inveni
345 1153 373 1200 in
384 1153 506 1204 editione
515 1167 578 1218 quae
590 1153 794 1206 diciturGrerii
805 1159 832 1206 et
843 1156 871 1204 in
884 1156 991 1220 aliquot
1002 1169 1049 1207 re·
1093 1156 1198 1208 Beuuz.
1595 1179 1597 1182 ’

236 1225 318 1274 tustis
335 1225 552 1290 exemplaribus.
573 1225 695 1276 Libellus
715 1239 830 1290 precum
849 1227 1003 1278 Marcellini
1020 1230 1047 1278 et

1795 1387 1887 1396 -.ι--ι

664 1539 776 1666 DE
832 1537 1472 1668 MORTALITATD

960 1768 1188 1876 11111111(1

1028 1981 1106 1996 ὴ

231 2155 428 2212 Anoonnnruu.
444 2189 477 2200 -
492 2161 592 2216 Paucis
606 2168 795 2231 arpumentum
808 2163 926 2234 replicat
942 2166 973 2219 D.
989 2165 1105 2219 Pontius
1117 2165 1147 2217 in
1165 2165 1229 2220 Vita
1245 2163 1380 2234 Cypriani
1393 2181 1402 2217 :
1417 2184 1431 2212 α
1448 2165 1470 2218 A
1485 2179 1548 2232 quo,
1562 2165 1664 2234 inquit,
1682 2164 1829 2220 Christiani
1841 2161 1898 2216 niol-

269 2246 346 2301 lieris
360 2248 470 2316 affectus
485 2252 557 2304 circa
570 2254 743 2306 omissionem
755 2268 865 2307 snorum
879 2260 939 2324 out,
955 2253 1028 2322 quod
1041 2253 1130 2322 majus
1143 2260 1191 2320 cst,
1205 2254 1270 2324 fidei
1279 2254 1426 2323 parcioris,
1441 2253 1643 2308 consolarentur
1654 2269 1701 2323 spe
1713 2255 1871 2321 facturorum.
1886 2275 1897 2300 r·

226 2407 234 2422 ἱ
268 2337 301 2388 ln
314 2337 411 2405 primis
423 2341 505 2401 enim,
521 2339 570 2393 nbi
579 2341 725 2410 predictus
738 2341 829 2396 docuit
841 2341 1000 2410 muscemodi
1019 2344 1183 2412 afflictiones
1205 2359 1222 2397 a
1241 2341 1357 2406 Christo,
1378 2358 1433 2396 non
1455 2342 1601 2397 tirnmdum
1620 2343 1699 2396 docet
1721 2342 1898 2396 mortalitatem

268 2443 314 2484 sen
326 2433 437 2499 pestem,
455 2445 483 2484 eo
503 2432 575 2502 quod
589 2432 627 2486 ad
640 2434 874 2490 immortalitatem
890 2434 981 2498 ducat,
998 2440 1079 2504 sitque
1099 2434 1165 2489 odco
1181 2433 1261 2503 tidem
1281 2434 1325 2487 iili
1344 2433 1432 2488 deesse
1445 2434 1495 2501 qui
1514 2448 1569 2486 non
1592 2432 1630 2486 ad
1648 2433 1764 2487 meliore
1784 2433 1895 2498 festinat.

267 2522 359 2588 Neque
372 2521 473 2574 mirum
486 2522 558 2590 quod
571 2521 724 2578 Christiano
743 2538 803 2578 cum
818 2523 963 2592 pentitibus
975 2525 1033 2578 sint
1046 2523 1120 2578 main
1134 2523 1216 2591 hujus
1228 2525 1290 2576 otte
1303 2523 1465 2584 communia,
1481 2537 1540 2576 urm
1551 2521 1615 2592 ptus
1628 2524 1733 2576 ceteris
1743 2521 1798 2576 iltis
1814 2523 1842 2573 in
1856 2533 1897 2572 sa·

268 2609 327 2664 culo
341 2611 376 2663 sit
389 2609 568 2666 laborandum
583 2630 591 2666 :
606 2618 688 2682 atque
700 2613 817 2683 proinde
834 2614 955 2684 ecunpto
971 2618 1126 2668 sanctorum
1140 2613 1188 2667 Job
1208 2618 1233 2666 et
1253 2612 1349 2674 Tobr'ae,
1363 2613 1497 2682 patientia
1515 2627 1582 2682 oprrs
1603 2627 1670 2673 esse,
1684 2627 1771 2682 neque
1789 2625 1895 2664 murmu-

272 2699 400 2753 randum.
415 2701 477 2756 Nisi
488 2703 558 2755 enim
570 2705 734 2771 precesserit
745 2717 852 2772 pupae,
866 2717 921 2758 non
931 2718 1008 2773 posse
1020 2705 1160 2758 uictoriam
1173 2705 1336 2771 continuere,
1351 2707 1377 2758 ct
1390 2703 1563 2772 quirntumuis
1578 2697 1676 2773 583
1693 2701 1780 2756 morbi
1798 2714 1897 2753 coranu-

268 2803 316 2842 nes
329 2793 385 2844 sint
397 2789 545 2844 uirtutibus
557 2793 694 2861 vitiisque,
708 2798 820 2847 mortem
832 2798 922 2848 temen
935 2808 1098 2848 communem
1114 2807 1167 2846 non
1179 2807 1249 2857 esser
1264 2792 1300 2847 ad
1313 2793 1488 2860 resriperium
1498 2793 1569 2846 enirn
1581 2791 1681 2860 justos,
1696 2790 1734 2844 od
1748 2789 1897 2858 supplicium

267 2880 333 2948 rtrpi
347 2879 472 2946 iniustos.
487 2880 590 2934 Deinde
604 2881 748 2950 objectioni
764 2884 853 2937 tacite
871 2884 944 2952 quod
955 2899 1007 2954 per
1027 2885 1098 2937 hanc
1117 2883 1311 2937 mortalitatem
1329 2883 1507 2951 privarentur
1526 2883 1670 2949 martyrio,
1690 2879 1840 2948 respondet,
1853 2892 1896 2929 rma

268 2983 321 3022 esse
337 2969 367 3022 in
379 2973 469 3021 nostro
479 2973 613 3036 potestate
627 2972 799 3038 rnartprium.
813 2975 838 3025 ct
852 2971 893 3025 uei
905 2974 1029 3025 animum
1046 2971 1083 3025 ad
1098 2973 1262 3040 martyrium
1275 2975 1430 3039 promptum
1447 2971 1501 3022 Dea
1513 2968 1608 3037 judice
1626 2969 1763 3022 coronari.
1777 2969 1896 3022 Postremo

181 3043 184 3064 '
266 3071 319 3110 rien
332 3058 373 3109 ita
387 3055 516 3124 lupentius
531 3058 606 3112 docet
619 3063 736 3113 mortuos
749 3064 779 3113 ut
790 3060 934 3128 perrtihbus
945 3059 1073 3114 scnmtalo
1088 3063 1182 3126 sinsus,
1199 3064 1331 3128 tunquam
1350 3074 1396 3128 spe
1416 3059 1616 3112 resurrectionis
1635 3071 1785 3112 careamus.
1800 3057 1864 3121 erin
1878 3053 1897 3105 si

266 3152 290 3199 et
304 3151 401 3201 nostre
416 3149 601 3202 accersitionis
615 3149 672 3202 dies
690 3152 802 3216 uenerit,
819 3151 926 3204 lubente
940 3153 1030 3204 animo
1043 3151 1080 3205 od
1100 3152 1243 3205 Dominum
1257 3150 1319 3202 linc
1336 3148 1535 3218 accipiundum,
1550 3149 1703 3216 presertim
1720 3160 1780 3198 cunt
1801 3143 1835 3196 ud
1852 3158 1894 3211 pn·

269 3235 351 3287 triam
370 3237 591 3303 transcripsimus
606 3251 613 3286 :
628 3237 676 3290 ubi
690 3252 736 3290 nos
755 3253 868 3306 mapnos
888 3238 1030 3292 charorum
1046 3253 1174 3293 rrumerus
1189 3241 1336 3306 respectat,
1355 3237 1484 3309 frequens
1498 3241 1524 3289 ct
1541 3237 1649 3304 copiosa·
1667 3233 1749 3288 turha
1766 3231 1895 3288 desiderat,

260 3321 320 3390 iam
334 3322 368 3377 dc
382 3336 433 3376 sua
447 3324 651 3380 immortalitate
673 3332 818 3388 serenari
838 3327 926 3380 adtncc
945 3327 977 3381 de
996 3332 1088 3381 nostro
1107 3327 1194 3381 salute
1211 3326 1339 3380 sollicita.
1354 3325 1429 3378 Facit
1448 3327 1537 3376 nutem
1558 3323 1722 3374 occasionem
1740 3334 1793 3388 quo
1810 3317 1895 3368 tibrim

267 3410 339 3464 hunc
353 3413 463 3480 scripsit
475 3413 635 3468 mentionem
648 3415 777 3470 Eusebius
794 3417 823 3468 in
842 3415 970 3471 Chronico
985 3433 992 3470 r
1010 3435 1024 3468 a
1041 3417 1171 3471 Pestilens
1188 3415 1307 3476 morbus,
1323 3415 1424 3483 inquit,
1443 3413 1524 3466 totius
1540 3411 1614 3465 orins
1636 3410 1738 3464 multas
1759 3405 1895 3478 pror-incias

265 3502 418 3569 occuparit,
431 3501 602 3572 maximeque
612 3503 809 3558 Alexandriam
824 3510 849 3558 et
863 3505 1020 3575 AEppptum,
1036 3511 1067 3559 nt
1079 3505 1174 3560 scribit
1186 3505 1344 3572 Dionysius,
1359 3507 1385 3556 et
1397 3502 1530 3572 Gppricni
1543 3500 1583 3554 de.
1592 3499 1762 3554 Mortalitctc
1779 3496 1846 3550 testis
1864 3497 1895 3546 est

266 3589 344 3644 liber.
359 3609 373 3639 u
1179 3617 1180 3622 ¹

262 3711 283 3765 1.
294 3707 578 3779 Etsiepudplurimos
591 3709 837 3780 vestrum,lratres
855 3711 1080 3804 dilectissimipB
1093 3711 1175 3782 plebe
1197 3710 1336 3783 quosdam
1361 3707 1406 3764 vel
1430 3707 1630 3763 imbecillitate
1654 3705 1755 3771 animi,
1776 3701 1817 3757 rel
1840 3697 1894 3753 trdci

228 3819 310 3857 mens
322 3801 411 3857 solida
423 3803 466 3856 est
478 3805 506 3856 et
520 3801 588 3857 fides
602 3803 682 3857 firma
694 3808 723 3859 et
737 3805 835 3859 enimn
851 3806 961 3874 devota,
976 3821 1041 3877 qnae
1092 3804 1239 3877 parcitate,
1261 3803 1304 3858 rel
1328 3802 1481 3858 dulcedine
1503 3800 1645 3856 secularis
1670 3799 1745 3866 vitae,
1766 3797 1892 3850 velserus

227 3896 263 3950 ad
279 3895 427 3966 presentis
448 3893 628 3950 mortalitatis
644 3895 681 3968 (1)
703 3897 814 3969 copiam
827 3915 885 3954 non
901 3904 1040 3968 movetur,
1091 3899 1220 3964 mollitie,
1243 3897 1297 3967 vei,
1318 3895 1393 3968 quod
1409 3895 1499 3966 majus
1523 3899 1574 3960 est,
1592 3893 1719 3948 veritatis
1742 3883 1892 3945 1111111111-

227 3989 276 4043 sed
295 3994 433 4061 tanquam
453 3993 532 4060 petre
551 3989 631 4043 tortis
652 3995 680 4046 et
704 3991 814 4046 stabitis
833 3993 962 4048 turbidos
983 3993 1041 4047 im·
1092 4009 1145 4047 nus
1165 3998 1241 4047 stare
1257 3991 1370 4046 fortiter
1393 4005 1445 4044 nec
1461 3987 1584 4061 pectoris
1604 3987 1649 4042 sui
1673 3986 1803 4042 divinum
1816 3984 1888 4050 atquc

226 4085 309 4154 petus
324 4081 424 4137 mundi
439 4087 468 4138 et
486 4082 623 4138 violentos
645 4085 739 4139 secali
759 4085 860 4141 tinctus
873 4086 980 4159 trangit
993 4103 1042 4158 po·
1091 4087 1227 4141 invictum
1242 4085 1277 4156 (31
1300 4084 1389 4138 robur
1401 4098 1548 4148 exercere,
1568 4079 1777 4136 dissimulanda
1790 4091 1831 4130 res
1842 4087 1891 4126 non

225 4175 282 4230 tius
305 4175 365 4246 ipsa
390 4192 441 4229 nec
464 4175 618 4247 frangitur,
639 4180 669 4231 et
688 4179 895 4234 tentationibas
910 4181 1040 4235 111111111-
1091 4179 1144 4234 11111
1168 4193 1221 4233 nec
1241 4177 1361 4232 tacenda
1383 4194 1440 4248 quo
1464 4177 1715 4246 minusquentom
1741 4176 1831 4227 nostre
1845 4181 1891 4219 nte·

227 4268 309 4336 citur,
330 4268 379 4322 sed
407 4267 552 4340 probatur,
576 4275 671 4326 tamen
697 4271 763 4342 quia
786 4273 984 4328 animadverto
1010 4273 1040 4328 in
1092 4272 1225 4329 diocrites
1238 4271 1341 4326 sufficit
1355 4269 1512 4342 (i)‚rigore
1521 4269 1606 4342 pleno
1616 4273 1645 4323 et
1655 4281 1787 4322 sermone
1800 4263 1832 4318 dc
1845 4261 1890 4314 tto·

876 4399 988 4482 Steph.
1012 4399 1134 4463 Baluzii
1157 4403 1253 4462 notae.

259 4549 291 4614 tt}
305 4549 396 4613 Hujus
418 4549 482 4600 libri
503 4563 569 4601 cum
590 4549 672 4602 lende
695 4551 863 4602 mentionem
885 4565 959 4616 saepe
978 4525 1279 4615 tarithestilentiem
1310 4548 1448 4600 Eusebius
1476 4548 1553 4612 ponit
1591 4549 1654 4610 post
1680 4548 1794 4595 mortem
1822 4545 1887 4602 pape

226 4625 341 4672 sanctus
368 4621 551 4685 Augustinus.
579 4623 607 4672 in
633 4621 730 4686 primis
759 4637 826 4674 vero
855 4626 882 4673 in
908 4623 979 4674 libro
1008 4625 1039 4674 dc
1092 4621 1223 4683 Cornelii,
1242 4621 1381 4680 Petamus,
1402 4618 1449 4668 lib.
1473 4630 1523 4668 xru
1545 4617 1577 4667 de
1602 4615 1725 4666 Doctrina
1749 4617 1886 4686 temporum,

227 4694 462 4744 Predcstinationa
489 4697 656 4748 sanctorum.
681 4706 706 4744 c.
733 4696 778 4756 rt,
802 4696 931 4759 inquiens
961 4696 1041 4746 illum
1093 4706 1165 4744 anno
1195 4693 1344 4756 superiore.
1367 4689 1402 4740 Et
1428 4694 1520 4740 tamen
1547 4687 1761 4751 christophorus
1782 4677 1886 4761 sandius

226 4765 322 4815 multis
346 4777 379 4814 ac
402 4777 472 4828 pene
496 4765 626 4814 omnibns
645 4766 693 4829 qui
714 4764 918 4816 ecclesiasticas
939 4766 1042 4815 litteras
1092 4765 1168 4814 hunc
1181 4762 1311 4827 Cypriani
1324 4765 1472 4812 tractatum
1487 4759 1595 4823 reponit
1611 4759 1683 4808 inter
1702 4769 1749 4808 eos
1771 4760 1887 4831 qurlsul·

227 4839 321 4885 autent
340 4834 727 4887 laudabiliternotnm.idem
747 4836 775 4884 in
797 4835 920 4900 Epistola
942 4835 977 4885 ad
1002 4835 1042 4885 Vi·
1092 4835 1172 4899 positi
1201 4837 1266 4884 sunt
1292 4837 1389 4883 sancto
1422 4831 1534 4894 Martyri
1571 4829 1689 4893 Egregie
1723 4837 1785 4876 rere
1819 4818 1886 4894 illum

229 4905 306 4954 tatem
326 4907 363 4955 eit
385 4905 516 4969 Cypriani
535 4906 563 4956 in
585 4907 639 4956 hoe
662 4907 725 4958 loeo
750 4909 835 4956 totam
856 4907 1041 4958 intentionem
1092 4907 1192 4956 retutat
1206 4905 1379 4956 clarissimus
1394 4902 1560 4952 Pearsonius
1573 4901 1600 4950 in
1619 4897 1767 4950 Annalibus
1788 4893 1885 4972 Cypru-

228 4989 289 5026 esse
313 4978 344 5024 nt
366 4977 489 5026 sciamus
511 4976 592 5026 honis
609 4976 738 5028 fidelibus
763 4977 959 5042 gratulandum
981 4990 1042 5028 esse
1090 4978 1166 5028 nisis.
1192 4977 1282 5027 Nimis
1312 4975 1425 5024 miseria
1453 4977 1494 5024 est
1517 4971 1651 5024 audacem
1679 4981 1738 5021 esse
1761 4965 1884 5015 hominen

227 5047 418 5110 morientibus,
434 5049 545 5114 quando
561 5050 624 5098 vitre
640 5049 838 5100 tentationibus
862 5049 1038 5110 auferuntur,
1091 5050 1185 5099 nimis.

227 5116 358 5180 deinceps
384 5118 596 5169 lubentissime
626 5121 774 5170 securitate
802 5123 936 5170 mensuri.
960 5120 1041 5186 Ejus·
1123 5122 1156 5183 (di
1195 5117 1333 5169 Drusrrrtis
1369 5115 1549 5165 mortaiitatis.
1589 5112 1728 5164 Describit
1762 5103 1884 5184 eleganter

227 5187 292 5238 dem
314 5189 376 5240 libri
392 5193 519 5241 meminit
539 5190 688 5254 Eusebius,
703 5193 730 5240 in
756 5191 880 5242 Chronica
894 5209 931 5244 :n
955 5194 1042 5244 Pesti-
1092 5191 1165 5242 hanc
1190 5190 1319 5240 miseram
1337 5186 1445 5237 cladem
1468 5185 1584 5236 Pontius
1607 5184 1636 5234 in
1657 5184 1718 5233 Vite
1737 5179 1818 5230 sancti
1839 5169 1883 5231 Cy-

228 5258 287 5310 lens
304 5260 426 5324 morbus,
441 5261 540 5326 inquit,
556 5263 658 5312 multas
680 5263 765 5312 totius
784 5264 860 5314 orbis
881 5265 1042 5327 provincias
1091 5262 1188 5328 prieni.

227 5331 389 5393 occupavit,
413 5335 590 5398 meximeque
615 5334 812 5384 Alexandriam
840 5338 868 5384 et
891 5335 1041 5398 AEgyptom
1124 5332 1154 5394 (31
1170 5332 1306 5381 inuictum.
1322 5329 1384 5379 Duo
1399 5326 1462 5377 libri
1477 5331 1584 5377 veteres
1598 5325 1781 5389 incorruptum.

226 5404 258 5449 ut
283 5399 378 5450 scribit
404 5402 571 5467 Dionysius,
598 5409 625 5454 et
651 5405 784 5468 Cypriani
815 5404 849 5454 de
877 5404 1041 5458 Mortalitete
1124 5404 1157 5464 (tt
1179 5401 1290 5465 Sufficit.
1316 5399 1363 5450 Sic
1389 5397 1568 5448 scribendum
1592 5409 1652 5446 esse
1676 5393 1813 5475 arbitratus
1831 5391 1881 5462 sum

228 5471 305 5522 testis
322 5473 453 5522 estliber.
469 5493 482 5519 n
502 5475 555 5525 tibi
579 5474 641 5524 ride
659 5480 739 5526 notes
760 5475 875 5538 Josephi
898 5475 1039 5540 scutigeri.
1091 5477 1204 5540 propter
1226 5471 1418 5522 auctoritatem
1438 5467 1543 5520 codicis
1562 5467 1728 5519 Veronensis
1745 5467 1770 5512 et
1783 5463 1880 5542 berilli·

228 5542 332 5593 Eadem
355 5543 439 5594 habet
461 5546 542 5595 etiam
569 5545 726 5596 lornandes
752 5548 778 5596 iu
809 5547 879 5596 libro
905 5546 935 5596 de
965 5545 1041 5596 retus
1092 5544 1172 5604 risui,
1199 5543 1312 5606 etquis
1340 5542 1437 5592 eedem
1459 5539 1541 5590 lectio
1563 5539 1699 5604 reperitur
1722 5538 1749 5586 in
1767 5530 1827 5616 'etus
1847 5537 1882 5570 u·

228 5616 396 5672 Getr'cis.uhi
416 5616 513 5668 scribit
532 5619 605 5668 hene
626 5619 732 5668 cladem
759 5618 975 5682 lacrymabiliter
995 5633 1041 5670 ex·
1091 5616 1158 5681 ginti
1183 5614 1262 5665 tibris
1287 5613 1388 5664 nostris
1413 5617 1442 5664 et
1463 5613 1492 5662 in
1517 5611 1613 5663 decern
1636 5609 1796 5674 Anglicenrs.
1812 5597 1879 5647 Vete-

228 5688 562 5752 positnmaDionysio,«
581 5703 664 5754 quam
684 5694 712 5740 et
731 5695 833 5752 noster,
854 5690 955 5754 inquit,
976 5703 1041 5740 con·
1090 5701 1135 5738 res
1167 5685 1305 5736 editiones
1337 5689 1364 5736 et
1401 5686 1527 5750 quinquo
1560 5683 1622 5734 libri
1659 5688 1760 5735 veteres
1793 5663 1879 5722 hahent

227 5759 337 5822 scripsit
353 5760 516 5811 venerabilis
532 5765 636 5826 martyr
651 5761 752 5813 Christi
765 5762 914 5825 episcopus
925 5759 1041 5825 Cypria·
1090 5763 1180 5824 potest.

227 5843 280 5882 nus
304 5832 332 5882 in
349 5831 420 5884 libro
442 5833 487 5886 eui
510 5833 609 5885 titulus
633 5836 675 5888 est
697 5834 729 5887 dc
753 5829 1038 5888 carternitanum
