4076 6190
226 266 260 320 aa
576 337 579 346 ,
724 248 729 261 ’
900 271 977 328 vnn
995 272 1024 326 s.
1044 269 1211 326 creatam.
1473 248 1475 259 “
1870 262 1905 320 ss

225 385 273 443 lib.
296 403 335 454 ur,
359 402 422 460 cap.
443 391 488 457 28,
510 409 524 438 a
545 390 604 444 lton
625 405 707 462 posse
729 391 758 446 in
784 393 907 448 Ecclesia
929 393 1035 449 remitti
1048 392 1188 478 Ajulium
1204 405 1333 447 mensem
1344 388 1414 446 anni
1428 391 1490 446 252.
1505 387 1551 444 Sic
1563 386 1641 444 anim
1655 387 1726 441 solet
1741 384 1905 457 Cyprianus

226 480 315 554 etqui
334 481 365 536 in
386 483 478 538 Derim
497 482 659 555 deliquerit,
682 507 697 538 s
716 484 756 554 id,
776 486 828 542 etsi
849 503 908 542 non
927 487 1035 544 incom-
1087 488 1234 542 inchoatos
1257 500 1346 540 annos
1369 499 1420 555 pro
1442 481 1560 554 integris
1583 495 1736 536 numerare
1760 495 1767 534 ε
1791 482 1906 550 tempus

227 575 311 632 mode
329 574 513 647 explanatum
533 577 620 633 tuisse
637 593 720 649 spero
742 581 771 634 in
790 580 956 651 pretatione
975 597 1037 653 cap.
1088 582 1214 652 elapsum
1231 596 1248 634 a
1267 593 1364 634 meuse
1376 575 1510 648 januario
1529 580 1578 632 aut
1597 573 1741 629 fabruario
1764 573 1834 630 anai
1853 575 1905 628 250

227 671 253 736 o,
275 669 404 725 animum
428 672 527 727 tamen
550 671 692 743 siguificat
715 673 811 729 urium
837 676 978 731 attentum
1002 675 1040 730 ad
1089 691 1178 746 usque
1193 673 1227 728 ad
1241 672 1346 730 Pascha
1360 670 1427 727 anni
1442 673 1503 738 rol,
1517 667 1668 724 biennium
1682 671 1762 722 vocat
1776 665 1806 722 ia
1820 665 1904 738 epist.

226 766 403 820 commotam
427 779 444 818 a
468 765 621 822 Noratiano
646 768 876 824 controversiam.
903 767 1041 824 observat
1088 770 1139 840 403
1156 768 1286 824 similiter
1305 763 1461 821 triennium
1480 763 1688 834 iuterpretatur
1707 761 1738 816 iu
1759 759 1842 832 epist.
1860 763 1906 816 53.

227 855 320 912 Fellus
332 872 386 914 uec
399 856 551 930 Scripturas
565 860 724 916 testimonia
738 861 783 916 hia
794 862 825 918 in
842 861 922 918 libris
934 861 1038 918 eodem
1088 865 1190 932 Quare,
1211 863 1233 917 si
1254 860 1401 916 ordinatus
1421 859 1520 914 luisset
1538 855 1613 912 circa
1634 854 1741 911 Pascha
1755 853 1821 910 anni
1842 855 1906 924 249,

227 949 311 1006 modo
326 951 408 1007 citeri
422 968 455 1008 ac
472 952 502 1008 in
521 953 592 1024 aliis,
606 971 660 1010 nec
673 955 825 1027 Scripturas
838 956 925 1013 libros
937 955 1040 1012 iisdem
1090 956 1311 1030 quadriennium
1325 968 1479 1010 numerare
1498 955 1608 1024 poteret
1628 965 1728 1006 mense
1745 947 1818 1020 julio
1838 947 1908 1003 anai

226 1043 392 1100 nominibus
412 1044 572 1118 designari;
591 1064 626 1102 ex
646 1064 702 1120 quo
720 1049 840 1121 scriptos
859 1066 920 1104 esse
936 1048 1038 1106 coufir-
1089 1055 1157 1121 2523
1178 1051 1226 1106 scd
1246 1065 1312 1106 aum
1330 1050 1391 1120 jam
1413 1047 1579 1119 episcopum
1600 1044 1686 1100 luisse
1706 1042 1781 1098 circa
1803 1040 1909 1096 Pascha

226 1140 288 1194 mat
308 1142 375 1194 ante
395 1139 452 1196 alia
472 1141 605 1213 Cypriani
627 1157 724 1213 opera.
744 1143 874 1215 Inscripti
891 1146 960 1199 sunt
974 1143 1041 1208 Qui·
1089 1145 1154 1200 anni
1181 1146 1233 1200 249
1260 1140 1446 1216 perspicimus
1473 1155 1509 1196 ex
1534 1137 1654 1211 epistola
1676 1137 1712 1192 24
1736 1136 1766 1190 in
1793 1151 1906 1190 secessu

224 1232 298 1301 rino,
323 1249 407 1304 quem
434 1234 526 1290 tilium
551 1235 675 1307 appellat
700 1237 875 1308 Cyprianus,
901 1237 1038 1309 quusque
1089 1238 1321 1311 scriptamque
1340 1235 1380 1292 ait
1398 1249 1428 1290 se
1442 1233 1541 1290 Saturo
1560 1232 1604 1288 die
1624 1229 1738 1286 Paschae
1754 1228 1906 1284 lectionem

225 1329 326 1398 rogatu
340 1327 491 1400 scripture
510 1329 677 1386 testimonia
696 1329 731 1386 ed
752 1333 829 1386 certa
846 1329 976 1402 quadam
994 1347 1039 1386 ca·
1090 1333 1178 1388 semel
1190 1337 1275 1403 atque
1289 1331 1394 1385 iterum
1410 1327 1530 1384 dedisse.
1544 1327 1602 1382 lloo
1622 1324 1700 1380 enim
1716 1322 1823 1379 Pascha
1839 1337 1906 1378 cum

227 1420 287 1492 pita
299 1421 449 1489 revocarit,
469 1421 542 1477 nihil
553 1422 588 1476 de
603 1438 653 1478 suo
665 1439 811 1495 apponens
825 1431 931 1495 praeter
944 1423 1041 1480 titulos
1090 1425 1190 1482 referri
1205 1441 1263 1480 non
1278 1424 1367 1496 possit
1379 1423 1414 1478 ad
1429 1437 1537 1478 annum
1554 1423 1617 1486 250,
1632 1418 1732 1474 aberat
1745 1415 1822 1472 euim
1838 1418 1907 1471 tuac

227 1518 255 1569 et
267 1513 448 1586 prefationes
460 1514 554 1585 primo
569 1519 598 1571 et
612 1516 696 1572 tertio
712 1515 785 1574 libro
799 1517 970 1588 praemissas.
984 1519 1041 1574 llos
1090 1519 1255 1592 Cyprianus,
1269 1517 1372 1574 reterri
1384 1515 1469 1572 debet
1480 1514 1515 1570 ad
1530 1529 1638 1569 annum
1656 1511 1708 1568 ata
1724 1527 1731 1566 :
1750 1509 1800 1566 sad
1818 1509 1906 1578 torte,

227 1611 325 1661 autem
345 1605 434 1662 libros
454 1608 503 1679 qui
521 1607 663 1680 Cypriane
683 1609 857 1682 abjudicant,
873 1613 923 1664 aut
941 1610 1041 1666 saltem
1091 1629 1157 1670 cum
1175 1613 1332 1668 lectionem
1348 1611 1448 1667 Satura
1467 1609 1559 1676 daret,
1574 1622 1675 1663 recens
1691 1609 1753 1660 erat
1769 1603 1804 1658 ab
1822 1601 1907 1660 Ordi-

226 1699 343 1756 tertium
356 1699 391 1756 ab
405 1701 524 1757 Erasmo
539 1693 569 1758 iu
584 1702 677 1758 lucem
691 1702 811 1771 editum,
827 1702 856 1758 hi
871 1702 1042 1759 refelluntur
1093 1707 1219 1774 nabore,
1239 1721 1292 1761 nec
1311 1703 1467 1778 quidquam
1486 1705 1563 1758 vetat
1581 1715 1633 1754 cur
1655 1714 1721 1755 eum
1741 1695 1907 1752 ordinatum
1984 1699 1988 1706 ’

226 1793 257 1848 in
271 1792 367 1864 prima
380 1793 484 1850 Baluzii
502 1795 539 1849 ad
557 1795 608 1852 hos
627 1794 714 1851 libros
733 1795 939 1864 observatione,
953 1812 1040 1868 quam
1052 1773 1080 1846 Β
1092 1801 1219 1857 dicamus
1239 1799 1320 1855 initio
1340 1797 1409 1853 anni
1430 1797 1493 1852 249.
1517 1795 1545 1852 Si
1569 1799 1666 1850 umen
1688 1789 1907 1847 ordinationem

226 1902 320 1958 operae
333 1887 460 1958 pretium
473 1890 517 1944 est
530 1889 636 1960 legere.
1091 1895 1216 1966 suscepit
1233 1908 1308 1948 anuo
1322 1893 1384 1960 248,
1405 1889 1483 1963 quod
1496 1889 1559 1944 lieri
1579 1887 1686 1959 optime
1700 1884 1827 1956 potuisse
1848 1899 1906 1938 non

261 1981 294 2036 ln
314 1979 469 2053 presbyteri
490 1979 582 2052 gradu
601 1997 658 2038 non
679 1980 728 2037 diu
748 1983 852 2038 mansit
870 1983 1040 2055 Cyprianus,
1091 1989 1212 2056 inficior,
1223 1993 1299 2043 certe
1314 2003 1372 2041 non
1382 1986 1473 2041 multo
1485 1987 1551 2039 anta
1561 1979 1804 2051 mensemjuhum
1815 1992 1907 2032 susce·

226 2074 276 2130 sed
303 2075 390 2145 paulo
414 2077 487 2145 post,
513 2077 544 2129 ut
566 2089 599 2129 ex
624 2074 717 2131 Pontii
742 2075 906 2132 testimonio
930 2078 1042 2150 perspi·
1091 2083 1141 2155 pit.
1154 2079 1388 2154 Quinquennium
1408 2079 1487 2135 enim
1504 2093 1554 2132 suo
1570 2089 1659 2143 more,
1676 2089 1734 2128 non
1749 2070 1906 2144 quadricu-

226 2168 310 2238 citur,
325 2171 438 2224 mortuo
452 2167 583 2240 episcopo
595 2169 810 2250 Carthaginensi
824 2169 964 2226 sufficitur
975 2192 989 2220 α
997 2172 1042 2243 ju·
1092 2178 1172 2232 nium
1185 2178 1362 2232 numerasset
1381 2189 1481 2228 mense
1496 2172 1568 2244 julio
1583 2170 1703 2225 ineunte
1721 2166 1791 2222 anni
1804 2168 1867 2235 252,
1881 2162 1906 2218 si

226 2261 299 2318 dicio
319 2261 368 2318 Dei
392 2267 420 2317 et
441 2262 531 2335 plebis
550 2263 656 2318 lavore.
673 2284 687 2314 u
705 2264 767 2319 Non
786 2267 884 2320 umen
902 2263 985 2320 facile
1005 2265 1040 2320 ab
1091 2287 1189 2327 mense
1203 2270 1280 2325 maio
1294 2268 1438 2324 ordinatus
1451 2265 1549 2321 luisset
1560 2279 1635 2320 anuo
1649 2263 1712 2318 248.

226 2371 260 2412 eo
282 2355 466 2427 impetratum
489 2360 530 2412 est
554 2359 584 2412 ut
610 2359 723 2414 tantum
747 2373 827 2427 onus,
851 2357 968 2428 subiret,
991 2358 1040 2414 sed
1127 2365 1260 2436 Elapsum
1281 2365 1394 2434 tompus
1413 2360 1448 2416 ab
1466 2359 1548 2415 initio
1566 2357 1744 2430 episcopatus
1762 2350 1906 2425 usquead

228 2471 243 2500 a
262 2465 328 2505 oom
349 2450 379 2504 io
399 2448 583 2506 diloofioooro
601 2450 663 2522 oJ'oo
684 2457 713 2507 el
730 2451 869 2508 honorem
890 2455 967 2508 totos
987 2469 1040 2524 po·
1091 2458 1317 2532 persecutionem
1333 2456 1410 2511 Decii
1424 2453 1576 2524 insumpsit
1588 2451 1746 2522 Cyprianus
1761 2449 1792 2504 in
1807 2463 1905 2503 cascu-

226 2543 310 2615 lroloo
331 2543 476 2615 orpiroolo
499 2543 618 2599 Domino
642 2545 794 2616 prosiliret,
819 2544 970 2601 humiliter
992 2546 1040 2602 illo
1090 2551 1192 2608 dandis
1204 2565 1321 2606 suorum
1335 2547 1460 2604 moribus
1477 2550 1507 2602 et
1519 2545 1676 2616 discipline
1691 2542 1803 2614 legibus
1819 2544 1907 2595 tuen-

225 2636 350 2705 secessit,
364 2636 573 2709 antiquioribus
591 2638 693 2694 cedens
708 2642 738 2693 et
749 2639 902 2712 indignum
916 2656 944 2696 sc
959 2639 1040 2696 titulo
1091 2646 1143 2701 dis.
1161 2644 1208 2700 hit
1222 2643 1300 2700 euim
1320 2643 1349 2698 in
1369 2642 1453 2714 epist.
1474 2645 1506 2696 55
1523 2660 1537 2690 c
1550 2640 1581 2694 in
1602 2637 1697 2710 quiete
1717 2633 1874 2706 discipline
1891 2655 1906 2683 n

227 2731 300 2786 tanti
312 2730 431 2786 honoris
448 2729 623 2788 existimans.
637 2749 652 2784 ιι
667 2731 732 2802 Sed,
750 2749 815 2788 cum
835 2733 932 2805 populi
948 2733 1042 2789 studia
1090 2738 1228 2794 serviisse.
1243 2738 1314 2794 Cum
1335 2735 1489 2791 maximam
1508 2747 1622 2803 semper
1639 2729 1784 2802 virginum
1805 2742 1907 2782 curam

225 2824 301 2879 illius
314 2839 429 2880 necesse
441 2824 533 2896 magis
552 2825 786 2897 accenderentur,
801 2829 831 2881 et
846 2827 922 2882 tores
939 2827 1041 2882 domus
1092 2832 1219 2905 gesserit,
1235 2846 1294 2885 non
1310 2827 1493 2884 incommode
1506 2825 1637 2882 nonnulli
1653 2825 1689 2879 ad
1702 2821 1784 2878 initia
1797 2821 1907 2892 episco-

226 2918 341 2990 copiosa
359 2919 522 2974 fraternitas
539 2917 691 2988 obsideret,
707 2936 739 2975 ac
759 2935 810 2991 per
827 2936 929 2976 omncs
949 2921 1041 2976 aditus
1091 2929 1172 2997 patus
1185 2923 1314 2979 referunt
1329 2922 1435 2978 librum
1454 2921 1487 2976 de
1499 2921 1603 2977 cht'tu
1613 2919 1764 2988 uirginum.
1777 2913 1831 2970 alit
1846 2913 1909 2970 haec

225 3010 345 3068 sollicita
366 3011 488 3066 charitas
509 3010 652 3079 circuiret,
674 3012 774 3069 cedere
798 3017 911 3070 coactus
933 3019 976 3070 est
996 3014 1040 3070 di·
1091 3018 1188 3086 rerba,
1211 3039 1224 3068 c
1245 3017 1296 3072 has
1320 3015 1506 3072 adhortamur
1532 3013 1682 3070 allectione
1705 3009 1796 3081 magis
1819 3023 1908 3080 quem

225 3105 299 3160 rium
323 3105 460 3160 voluntati
492 3108 532 3160 tot
563 3105 648 3161 rebus
674 3105 832 3163 manifestis
862 3106 1039 3179 significata.
1092 3115 1243 3184 potestate,
1264 3130 1277 3164 u
1298 3110 1496 3182 presbyterum
1515 3107 1607 3180 magis
1626 3106 1725 3162 decere
1740 3118 1827 3175 quam
1845 3101 1907 3172 epi-

225 3198 358 3263 Quamvis
371 3202 468 3254 autem
482 3199 661 3270 episcopatus
674 3200 760 3254 invito
772 3203 802 3254 et
816 3200 938 3271 fugienti
951 3201 1042 3272 impo·
1092 3221 1208 3276 scopum
1222 3205 1335 3272 volunt3
1351 3204 1400 3259 sed
1418 3201 1589 3258 Pcarsonius
1602 3200 1662 3256 haec
1676 3197 1762 3253 rerba
1774 3193 1910 3268 Cypriani

227 3290 297 3346 situs
308 3289 405 3359 tuerit,
419 3307 478 3345 uon
491 3290 646 3346 defuerunt
661 3291 710 3363 qui
725 3292 800 3348 illius
814 3293 954 3360 electioni,
968 3293 1042 3349 tacta
1092 3297 1240 3354 modestia
1248 3297 1393 3364 attribuit3
1405 3295 1597 3368 episcopalem
1606 3292 1802 3348 auctoritatem
1811 3289 1910 3362 rigere

227 3383 433 3455 conjuratione,
448 3383 670 3453 intercederent3
684 3385 760 3441 inter
772 3403 842 3458 quos
854 3385 981 3458 quinque
995 3404 1043 3458 po·
1092 3391 1153 3446 aliis
1173 3391 1203 3446 iu
1224 3391 1292 3446 locis
1313 3391 1454 3458 observat,
1478 3388 1553 3445 velut
1573 3403 1639 3444 cum
1661 3386 1701 3440 ait
1720 3383 1878 3456 Cyprianus
1899 3398 1907 3437 ι

226 3477 367 3533 tissimum
386 3477 543 3550 presbyteri
563 3479 719 3550 nequitiam
739 3495 822 3534 suam
841 3479 1039 3536 nobilitarunt.
1092 3502 1106 3532 a
1131 3481 1233 3537 Audite
1260 3481 1359 3554 igitur,
1383 3480 1519 3552 virgines,
1546 3484 1578 3533 ut
1601 3478 1770 3548 parentem
1798 3472 1909 3540 audite,

225 3570 336 3626 Exarsit
351 3570 441 3642 plebis
452 3569 613 3642 indignatio
628 3573 658 3627 in
676 3571 877 3628 obtrectatores
895 3573 1039 3645 Cypriani,
1092 3591 1197 3648 quaeso,
1210 3591 1259 3630 vos
1271 3574 1421 3630 docentem
1437 3572 1544 3645 pariter
1557 3587 1590 3626 ac
1606 3573 1785 3625 monentem.
1799 3587 1814 3618 ιι
1828 3566 1910 3620 llunc

227 3671 258 3721 ut
269 3667 348 3736 patet
361 3679 394 3720 ex
407 3664 490 3736 epist.
506 3665 557 3732 40;
572 3665 622 3721 sed
639 3666 709 3720 nihil
725 3666 904 3738 pretermisit
924 3668 1039 3739 Cypria·
1091 3667 1197 3724 librum
1213 3667 1304 3739 rejicit
1326 3665 1466 3739 ltigaltius
1486 3671 1550 3737 post
1568 3663 1646 3720 llecii
1666 3659 1907 3735 persecutionem,

228 3760 328 3814 amnt
348 3758 522 3814 exulceratas
537 3762 650 3814 mentes
665 3757 700 3814 ad
714 3760 866 3818 sanitatem
884 3765 1040 3829 revocaret,
1091 3763 1145 3818 hoc
1166 3761 1256 3817 fretus
1275 3764 1447 3832 argumento
1468 3757 1546 3832 quod
1569 3775 1586 3814 a
1605 3757 1704 3813 Pontio
1726 3757 1910 3810 recenseatur

230 3873 244 3902 «
265 3851 450 3908 amicissimos
467 3867 516 3907 eos
530 3857 558 3908 et
577 3852 653 3908 inter
672 3853 846 3908 necessarios
865 3861 1039 3927 computans,
1092 3857 1167 3910 inter
1182 3871 1215 3910 ea
1232 3853 1365 3927 Cypriani
1385 3870 1473 3926 opera
1493 3852 1595 3925 quihus
1614 3850 1751 3906 caruisset
1771 3846 1908 3915 Ecclesia,

228 3945 398 4001 mirantibus
420 3945 528 4013 multis,
550 3967 564 3996 a
586 3945 625 4001 ait
646 3946 770 4005 Pontius.
792 3949 827 4002 at
850 3949 977 4021 quinque
1001 3948 1042 4004 illi
1092 3949 1146 4004 nisi
1169 3949 1349 4004 ethnicorum
1369 3947 1509 4019 impetum
1529 3944 1686 4018 Cyprianus
1706 3940 1838 4014 pmdenti
1862 3955 1909 3994 se·

227 4039 383 4111 presbyteri
397 4043 566 4111 conceptum
580 4055 723 4095 venenum
743 4040 876 4096 medullis
896 4043 1039 4112 aluerunt,
1091 4057 1172 4098 cessu
1185 4041 1338 4114 effugisset.
1351 4040 1405 4097 Sed
1416 4057 1473 4096 non
1483 4039 1554 4094 vidit
1564 4037 1702 4109 Rigaltins
1711 4035 1805 4106 ipsum
1818 4033 1909 4089 etiarn

228 4131 305 4205 quod
316 4137 380 4204 post
392 4132 500 4206 aliquot
512 4149 600 4190 anuos
609 4133 730 4190 conflato
743 4134 892 4191 schismate
906 4137 1042 4192 violenter
1091 4137 1196 4191 librum
1220 4136 1258 4190 od
1280 4139 1417 4192 Donatum
1439 4151 1455 4188 a
1479 4133 1581 4188 Pontio
1606 4131 1647 4186 sic
1674 4127 1909 4192 commemorari,

229 4225 331 4297 erupit.
341 4227 515 4298 Augustinus
528 4226 577 4282 lib.
589 4243 617 4296 n,
630 4228 662 4284 de
672 4231 838 4299 Bapt.,c.7,
851 4229 1041 4302 Agrippinum
1091 4246 1179 4303 quern
1204 4235 1300 4285 tamen
1326 4227 1407 4284 initio
1435 4225 1630 4283 conversionis
1656 4223 1795 4294 scriptum
1819 4236 1909 4276 neure

228 4317 362 4390 Cypriani
383 4319 619 4392 predecessorem
642 4326 729 4377 vocat.
752 4321 804 4377 Sed
828 4322 894 4377 huic
914 4323 1042 4394 proxime
1091 4322 1248 4396 negaverit.
1264 4321 1343 4376 Unde
1357 4325 1434 4392 patet
1449 4319 1583 4375 Pontium
1596 4316 1727 4390 Cypriani
1744 4331 1831 4387 opera
1844 4313 1912 4368 data

229 4427 289 4467 non
309 4413 439 4468 successit
457 4413 623 4484 Cyprianus,
639 4419 700 4468 tum
720 4414 787 4486 quia
806 4415 835 4470 in
852 4415 933 4487 epist.
950 4419 983 4471 73
1003 4417 1042 4472 ait
1092 4415 1237 4472 occasione
1250 4429 1431 4484 enumerare,
1444 4430 1501 4468 non
1516 4412 1674 4483 modoque
1689 4414 1911 4482 postsecessunr

228 4505 334 4560 multos
345 4505 405 4576 jam
426 4521 518 4560 anuos
537 4523 597 4562 esse
617 4510 647 4563 ct
666 4507 780 4579 longam
800 4511 913 4564 aetatem
936 4525 971 4565 ex
986 4506 1254 4581 quoDscripseret.

228 4599 280 4654 sub
293 4598 449 4672 Agrippino
467 4598 614 4654 decretum
633 4600 662 4655 in
678 4600 796 4657 concilio
816 4601 909 4658 fuerat
923 4601 958 4658 de
972 4603 1040 4675 reji-
1126 4603 1204 4658 Circa
1223 4601 1301 4658 idem
1321 4603 1443 4673 tempus,
1463 4600 1493 4655 id
1513 4602 1566 4667 est,
1585 4603 1650 4654 ante
1668 4595 1911 4669 persecutionem,

228 4692 331 4749 ciendo
347 4693 548 4748 haereticorum
557 4693 713 4765 baptismo;
723 4697 785 4750 tum
794 4695 862 4767 quia
872 4696 902 4751 in
915 4696 997 4768 epist.
1008 4700 1041 4752 55
1092 4697 1197 4767 scripta
1209 4695 1388 4751 existimatur
1401 4695 1483 4766 epist.
1496 4696 1540 4760 66,
1552 4708 1638 4765 quam
1651 4691 1808 4764 Cyprianus
1823 4689 1910 4759 scrip-

228 4793 261 4842 ut
280 4787 436 4843 Fabianum
457 4786 580 4844 Cornelii
598 4787 638 4843 ita
656 4789 801 4844 Donatum
820 4789 946 4862 appellat
963 4795 1041 4845 aute·
1092 4791 1128 4846 sit
1148 4810 1162 4840 ιι
1181 4789 1355 4861 presbyteris
1376 4793 1404 4844 et
1426 4786 1552 4844 diaconis
1575 4789 1604 4841 et
1623 4785 1701 4858 plebi
1721 4783 1822 4840 Euruis
1841 4799 1911 4838 cou-

230 4895 370 4936 cessorem
392 4897 485 4936 suum.
506 4880 576 4937 lluic
595 4895 675 4954 ergo,
690 4887 721 4937 ut
736 4881 975 4938 verisimillimum
989 4888 1041 4952 est,
1092 4881 1266 4949 sistentibus,
1292 4902 1306 4932 »
1337 4880 1372 4937 de
1399 4881 1525 4953 quodam
1551 4879 1681 4936 Cominio
1708 4878 1833 4944 Victore,
1860 4876 1913 4949 qui

228 4973 357 5044 proxime
371 4973 513 5029 successit.
1092 4975 1255 5032 Geminium
1275 4974 1441 5030 Faustinum
1459 4973 1658 5046 presbyterum
1676 4975 1801 5028 tutorem
1824 4974 1911 5026 testa·

264 5065 421 5137 Cyprianus
438 5067 468 5120 in
489 5068 571 5138 epist.
588 5072 631 5138 55,
646 5085 721 5124 anuo
740 5071 790 5125 252
809 5071 922 5141 scripta,
940 5069 1043 5141 «plebi
1094 5071 1192 5124 meato
1208 5084 1259 5124 suo
1273 5068 1479 5125 nominaverat.
1495 5067 1578 5124 lubet
1590 5065 1735 5124 observari
1748 5064 1913 5136 Cyprianus

185 5197 192 5210 .
230 5173 290 5213 sua
302 5157 331 5213 in
346 5160 512 5232 episcopatu
530 5161 718 5232 quadriennio
732 5164 795 5235 jam
814 5163 967 5236 probatum
984 5185 998 5214 s
1012 5179 1043 5218 se
1092 5163 1168 5236 quod
1191 5163 1280 5235 ipsius
1300 5168 1492 5219 antecessores
1513 5161 1639 5233 episcopi
1656 5159 1832 5233 jrsmpridcm
1852 5162 1911 5214 sta-

230 5267 290 5308 esse
305 5251 381 5310 dicit.
390 5255 430 5310 Ex
444 5269 501 5325 quo
514 5269 581 5310 eum
595 5255 759 5312 ordinatum
771 5256 858 5314 luisse
870 5257 1044 5314 concludunt
1094 5260 1215 5325 tuerent,
1233 5277 1248 5306 ιι
1263 5271 1300 5312 ne
1317 5257 1381 5329 quis
1401 5257 1490 5312 irater
1509 5255 1648 5312 excedens
1668 5255 1704 5310 ad
1723 5253 1845 5310 tutelam
1866 5253 1913 5310 rel

230 5361 305 5406 anno
325 5347 388 5416 tls,
407 5346 456 5419 qui
474 5347 510 5404 de
524 5347 599 5404 illius
613 5347 699 5404 rebus
718 5349 805 5421 gestis
824 5355 1041 5422 pertractarunt.
1093 5365 1192 5406 curem
1212 5349 1349 5406 clericum
1364 5347 1537 5418 nominaret,
1549 5363 1581 5403 ao
1598 5347 1623 5402 si
1639 5347 1703 5420 quis
1717 5347 1771 5402 hoc
1786 5345 1912 5416 fecisset,

230 5438 287 5495 Sed
300 5442 410 5509 tamem
423 5438 446 5495 si
460 5439 582 5496 rationes
595 5441 753 5497 accuratius
768 5442 966 5514 subducamus,
984 5460 1043 5500 nou
1093 5459 1152 5500 uon
1169 5443 1320 5500 offerretur
1337 5459 1389 5515 pro
1406 5457 1452 5510 eo,
1467 5457 1520 5497 nec
1539 5439 1708 5496 sacrificium
1727 5455 1779 5512 pro
1801 5440 1909 5496 dormi-

229 5538 290 5590 tam
305 5537 381 5588 certa
399 5539 429 5590 et
448 5533 595 5605 explorata
615 5551 661 5591 res
675 5541 727 5604 est,
746 5551 832 5608 mmm
852 5537 970 5594 eruditis
988 5537 1059 5596 illis.
1094 5537 1172 5592 tione
1189 5537 1251 5608 ejus
1274 5535 1476 5592 celebraretur.
1499 5555 1513 5586 u
1535 5533 1746 5590 Deliberavcrat
1764 5549 1799 5590 ea
1820 5533 1856 5592 de
1880 5551 1912 5590 rs

230 5625 296 5682 viris
316 5623 380 5699 84
399 5627 524 5698 ridetur3
543 5643 576 5684 ac
594 5628 656 5685 fieri
676 5629 785 5702 optimc
798 5629 893 5701 potuit
913 5633 943 5685 ut
961 5629 1043 5686 initio
1094 5630 1250 5702 Cyprianus
1266 5645 1331 5685 oum
1351 5628 1468 5700 collegis
1487 5629 1537 5701 qui
1556 5631 1711 5701 presentes
1728 5628 1863 5698 adorant,
1883 5635 1914 5687 et

229 5718 299 5774 anui
314 5721 366 5775 249
379 5719 534 5790 ordinatus,
550 5729 672 5794 quatuor
691 5723 868 5795 episcopatus
883 5739 974 5780 annos
987 5739 1042 5780 nu·
1093 5723 1330 5796 compresbyteris
1342 5723 1391 5795 qui
1407 5722 1576 5779 emicabant
1591 5721 1673 5795 Seps
1693 5723 1772 5779 cuim
1792 5723 1912 5796 negotia

228 5817 352 5869 meraret
366 5813 395 5870 in
411 5814 462 5869 hac
477 5815 558 5886 epist.
574 5819 618 5887 55,
634 5833 697 5890 quoe
709 5816 793 5874 scribi
810 5818 855 5872 rix
870 5818 964 5891 potuit
978 5821 1044 5876 ante
1094 5818 1243 5891 episcopos
1265 5815 1411 5874 Africanos
1432 5814 1496 5890 85
1519 5815 1724 5890 Carthaginem
1745 5817 1911 5884 trahebant,
