4076 6190
131 261 176 314 l8i
810 271 883 330 Vle
902 273 931 328 S.
952 273 1119 332 cluuiaru.
1566 307 1568 310 ν
1768 274 1821 334 ιιιΞ

126 386 392 482 millu-Des.
415 393 547 463 Cypriani
564 393 728 453 antiocheni
738 402 910 470 penitentia,
923 405 948 458 et
958 401 1095 488 Alassio,
1122 401 1272 458 Christiani
1306 408 1441 460 vocantur
1470 405 1594 475 Galilaei,
1622 405 1663 462 id
1683 423 1818 480 magnam

220 469 285 525 ⁰⁶²⁸
297 469 401 527 ‘imbui
414 471 512 528 “5³²¹ss
524 473 562 528 “d
573 491 633 530 eum
643 479 854 546 Ρθιιῑηθιῑῑίὸιιιι
996 495 1086 552 habet
1098 495 1342 553 necessitudinem
1355 513 1421 554 eum
1435 502 1518 555 etate
1531 499 1640 556 iuliani
1659 500 1817 572 imperato-

161 573 260 646 Snpra
284 578 380 632 conati
403 595 502 634 sumus
521 580 641 650 probare
660 583 833 655 cyprianum
850 586 948 642 Antio·
997 587 1045 658 ris,
1059 605 1146 662 quem
1159 605 1245 646 nemo
1257 589 1347 646 nescit
1362 593 1416 647 hoc
1428 591 1547 650 nomine
1560 593 1737 652 Christianos
1749 596 1817 651 aoli-

126 667 256 723 chenom
280 685 337 726 non
361 687 422 728 esse
444 673 593 730 hominem
611 674 784 746 fabulosum,
800 682 831 734 ut
854 679 948 736 existi·
996 685 1059 738 tum
1083 683 1285 756 compellare:
1308 685 1376 740 satis
1399 685 1529 757 apposita
1551 687 1741 760 videaturad
1765 689 1818 746 hoc

127 763 219 818 mavit
231 763 405 820 tironiensis
425 765 526 822 editor.
546 770 625 826 Nunc
643 771 849 828 consideranda
864 773 947 830 nobis
997 781 1111 848 tempus
1127 793 1190 848 qum
1209 777 1239 832 in
1254 780 1376 850 utroque
1390 778 1483 835 libello
1509 780 1544 836 de
1558 780 1689 838 inanibus
1705 783 1816 856 magica

126 855 204 910 illius
225 859 394 916 Paenitentia
414 860 472 916 sive
495 861 644 930 Confessio,
668 865 743 938 quod
766 882 837 938 opus
859 867 948 924 latine
996 869 1289 926 artisinChristianos
1303 872 1452 928 conatibus
1465 875 1611 946 leguntur.

125 949 240 1006 editum
257 951 294 1006 ab
309 952 417 1025 anglis,
433 971 524 1026 graece
538 959 567 1012 et
580 957 667 1014 latine
680 959 855 1032 vulgandum
868 959 948 1017 doxi-
1032 965 1094 1020 Non
1105 969 1216 1036 pugnat
1228 981 1295 1021 cum
1310 965 1407 1022 saeculi
1420 967 1498 1022 tertii
1514 965 1651 1023 institutis
1666 969 1817 1026 commissa

124 1057 202 1098 naus.
217 1046 346 1116 agemus
359 1045 447 1103 etiam
464 1047 499 1104 de
515 1048 625 1106 duobus
639 1051 702 1108 aliis
717 1051 828 1121 libellis,
843 1070 947 1127 nempe
996 1056 1111 1114 Iustinae
1128 1059 1294 1115 monasterii
1310 1058 1453 1130 virgiuum
1467 1061 1687 1130 administratio,
1701 1065 1735 1118 ut
1747 1062 1817 1134 legi·

125 1135 311 1194 Conuersione
329 1142 446 1198 tustino
464 1147 489 1198 ιι
508 1145 650 1214 Cypriani,
670 1148 700 1201 et
713 1146 863 1219 utriusque
884 1150 948 1206 Pos-
997 1167 1061 1207 mus
1082 1151 1136 1207 suh
1159 1151 1248 1208 finem
1271 1153 1487 1224 Conversionis;
1511 1154 1651 1227 siquidem
1670 1156 1731 1227 jam
1755 1161 1818 1212 tum

123 1231 210 1293 ιιιιιι,
226 1248 301 1304 quos
321 1233 474 1306 conjuncte
489 1252 554 1292 cum
577 1238 760 1296 confessione
780 1257 815 1295 ex
837 1243 946 1296 vetusto
997 1245 1140 1302 exstitisse
1168 1246 1306 1318 ejusmodi
1331 1246 1475 1318 virginum
1498 1248 1627 1305 coenobia
1649 1249 1820 1321 perspicitur

124 1323 228 1380 codice
248 1327 339 1382 sancti
357 1328 490 1385 audoeni
510 1330 750 1404 ithotomageusis
770 1339 877 1403 erutos,
891 1351 947 1392 uon
1000 1355 1040 1394 ex
1056 1339 1117 1395 Vita
1137 1342 1165 1396 S.
1178 1340 1305 1410 Antonii,
1321 1340 1370 1413 qui
1383 1357 1509 1399 sororem
1529 1359 1619 1413 suam,
1641 1347 1711 1399 teste
1730 1344 1819 1400 Atha·

124 1417 164 1472 ita
184 1419 301 1491 pridem
323 1419 379 1478 duo
397 1422 502 1478 eruditi
517 1423 579 1488 viri,
593 1427 626 1481 u.
640 1426 808 1482 Edmundus
821 1427 947 1484 licitene
998 1434 1080 1488 nasio
1104 1435 1143 1504 (n.
1164 1433 1202 1504 3),
1223 1433 1254 1489 in
1271 1435 1478 1506 parthenonem
1502 1437 1679 1493 educendam
1701 1437 1820 1494 deduxit

124 1515 155 1566 et
177 1513 210 1568 D.
234 1513 352 1572 Ursinus
375 1515 488 1572 liuraud
514 1517 613 1576 Latine
636 1518 799 1592 ediderunt,
826 1526 895 1578 tom.
911 1522 948 1578 ιιι
999 1526 1077 1581 circa
1092 1543 1201 1583 aunum
1219 1531 1267 1584 ιιι
1286 1527 1358 1584 :sed
1379 1529 1481 1584 sarculo
1501 1532 1602 1601 quarto
1622 1529 1714 1604 magis
1731 1547 1819 1604 quam

126 1607 265 1662 Thesauri
276 1609 477 1668 anecdotorum.
997 1619 1081 1676 tertio
1106 1620 1241 1694 congruit
1262 1622 1338 1694 quod
1363 1621 1463 1679 eadem
1486 1623 1596 1679 lustina
1619 1625 1737 1698 capillos
1759 1627 1818 1683 Deo

161 1699 347 1757 Existimavit
361 1703 389 1759 S.
405 1704 558 1777 Gregorius
575 1706 766 1764 Nazianzenus
786 1707 947 1766 Confessio·
999 1712 1156 1770 totondisse
1171 1713 1276 1771 dicitur
1295 1715 1347 1771 suh
1361 1715 1450 1772 finem
1469 1717 1670 1774 Confessiouis.
1689 1718 1819 1776 Testatur

124 1811 197 1850 nem
208 1795 246 1850 ab
266 1796 327 1869 ipso
348 1803 474 1870 martyre
492 1799 627 1872 scriptam
645 1799 743 1856 tuisse.
761 1801 808 1860 hit
827 1800 905 1858 enim
919 1787 987 1862 rnB
1000 1807 1194 1880 Hieronymus
1217 1808 1248 1864 in
1271 1810 1396 1880 Epistola
1424 1810 1461 1865 ud
1483 1811 1680 1876 Sabinianum,
1708 1827 1819 1869 morem

125 1893 202 1944 orat.
227 1891 260 1946 {8
284 1891 323 1963 (p.
346 1892 419 1965 ιιι),
441 1891 521 1949 ιιιιιι
543 1914 556 1944 ιι
575 1894 640 1950 vitae
660 1910 718 1950 ιιιι
741 1893 948 1966 turpitudinem
1001 1916 1065 1958 esse
1087 1900 1117 1958 in
1132 1900 1246 1974 AEgypti
1261 1908 1290 1959 et
1306 1902 1395 1976 Syrias
1412 1904 1603 1974 monasteriis,
1621 1912 1654 1960 ut
1669 1909 1725 1961 tam
1739 1906 1820 1979 virgo

123 1985 215 2056 longa
228 1985 360 2040 oratione
375 1985 574 2057 proscindisse,
588 1990 621 2042 ut
639 1988 730 2060 ipsam
751 2005 866 2061 quoque
886 2006 948 2046 sce·
1004 2011 1092 2067 quam
1107 1994 1191 2051 vidua
1207 2012 1271 2068 quae
1284 2013 1315 2052 se
1330 1996 1388 2053 lieo
1399 1997 1539 2068 voverint,
1553 1997 1664 2056 crinem
1675 2003 1819 2056 monaste-

122 2078 224 2132 lerum
247 2079 457 2135 contessionem
482 2081 537 2136 [leo
552 2081 681 2138 muueris
696 2083 756 2138 loco
775 2082 900 2151 offerret,
915 2099 947 2139 ac
997 2089 1110 2145 riorum
1133 2089 1273 2146 matribus
1293 2089 1412 2147 offerant
1432 2091 1644 2149 desecandum:
1660 2092 1736 2166 quod
1756 2095 1819 2166 qui·

121 2171 228 2226 multis
248 2188 348 2228 eorum
367 2173 417 2246 qui
432 2173 467 2229 ab
482 2173 615 2247 improba
633 2175 817 2248 ettlagitiosa
836 2175 947 2234 vivendi
997 2183 1064 2239 dem
1091 2182 1171 2238 addit
1199 2184 1352 2240 munditiei
1375 2200 1460 2240 eausa
1485 2185 1557 2256 heri,
1584 2186 1651 2260 quia
1675 2186 1819 2260 ejusmodi

122 2265 238 2321 ratione
263 2266 393 2322 animum
418 2273 559 2336 revocant,
587 2269 623 2325 ad
644 2268 747 2326 melius
773 2270 947 2342 sperandum
1003 2274 1121 2332 feminea
1137 2293 1191 2332 nec
1205 2277 1315 2333 lavacro
1328 2293 1382 2334 uec
1400 2278 1463 2335 oleo
1480 2279 1641 2336 utebantur.
1657 2279 1707 2336 llic
1722 2284 1820 2337 sutem

122 2361 170 2414 ria
185 2359 333 2416 existeret.
347 2380 362 2410 ιι
377 2359 457 2417 idam
473 2361 558 2417 etiam
573 2361 735 2419 existimant
748 2363 947 2420 Tillemontius
997 2369 1154 2427 observabo
1175 2371 1317 2442 ejusmodi
1335 2371 1463 2445 virgines
1481 2373 1573 2448 louge
1591 2373 1627 2429 ab
1644 2373 1699 2430 illis
1711 2374 1817 2432 discre-

122 2461 153 2509 ei
166 2454 222 2526 qui
245 2451 346 2526 triplex
368 2453 439 2510 illud
458 2461 679 2512 monumentum
697 2458 859 2528 vulgarunt.
876 2456 945 2528 Sed,
995 2479 1067 2536 pere
1081 2480 1152 2536 quas
1165 2463 1291 2538 synodus
1305 2465 1479 2538 Gangrensis
1493 2467 1678 2525 anathemate
1691 2469 1812 2526 damna-

121 2547 286 2620 quominus
307 2547 352 2604 his
373 2549 526 2616 assentiar,
548 2549 679 2605 detinent
703 2565 748 2606 me
768 2566 828 2606 uon
851 2551 946 2606 solum
996 2557 1051 2629 vit3
1075 2558 1234 2631 dequibus
1257 2559 1343 2616 etiam
1363 2560 1537 2617 Theodosius
1561 2561 1655 2618 sanxit
1677 2579 1725 2618 ιι.
1752 2565 1815 2634 390,

121 2641 249 2714 magicae
269 2641 339 2696 artis
355 2641 472 2714 quidam
494 2641 611 2698 effectus
630 2643 757 2700 tabulam
771 2643 944 2713 redolentes,
999 2673 1013 2703 ιι
1035 2656 1067 2708 ιι
1079 2652 1196 2709 feminae
1208 2669 1273 2725 quea
1291 2653 1399 2710 crinem
1413 2671 1507 2724 suum,
1521 2658 1620 2712 contra
1637 2655 1747 2712 divinas
1763 2655 1817 2712 hu-

121 2735 175 2791 sed
190 2734 353 2807 ipsaetiam
373 2734 548 2808 magicarum
566 2736 766 2808 operationum
788 2737 876 2810 longa
894 2736 945 2794 de·
996 2761 1154 2818 manesque
1180 2747 1273 2819 leges,
1301 2746 1437 2803 instinctu
1462 2764 1604 2820 persuasa
1631 2749 1817 2821 professionis

121 2828 247 2900 scriptio
261 2826 396 2902 et179
407 2828 552 2902 exquisita
567 2830 602 2886 de
615 2829 734 2903 singulis
746 2830 878 2888 vitiorum
891 2830 947 2888 ior·
995 2837 1181 2908 absciderint,
1194 2839 1230 2896 ab
1242 2839 1367 2897 cadusiae
1380 2839 1489 2896 foribus
1503 2847 1653 2898 arceantur
1655 2883 1709 2899 .....
1719 2859 1727 2912 ;
1741 2843 1816 2899 adeo

121 2923 179 2978 mis
203 2920 357 2994 ambages,
381 2937 444 2995 qum
471 2939 586 2995 prorsus
609 2923 723 2996 trigidae
749 2923 895 2994 ridentur,
916 2928 946 2981 et
996 2931 1113 3004 quidem
1135 2937 1168 2988 ut
1186 2933 1345 3005 episcopus,
1374 2937 1456 2990 tonso
1476 2935 1567 3007 capite
1585 2935 1722 2992 feminam
1740 2937 1762 2992 si
1776 2936 1817 2992 in-

122 3015 238 3071 curiosa
258 3015 351 3088 magia
371 3015 597 3072 consideratione
612 3033 699 3089 quam
715 3023 862 3090 pungente
876 3019 943 3074 inti·
996 3025 1082 3082 troire
1096 3023 1266 3096 permiserit,
1279 3025 1347 3098 ipse
1363 3027 1448 3083 ιιιιιι
1462 3043 1527 3082 cum
1541 3026 1637 3102 180
1651 3029 1816 3102 hujusmodi

123 3127 189 3166 mos
209 3125 312 3164 sensus
336 3109 432 3164 dolore
455 3109 608 3166 ιοιιιιιιι.
632 3111 737 3167 Deinde
763 3127 827 3166 vero
851 3111 874 3167 is
894 3113 945 3185 qui
954 3156 982 3231 C
994 3118 1196 3189 contuberniis,
1210 3122 1341 3175 arceatur
1354 3141 1368 3171 ιι
1382 3125 1435 3176 etc.
1455 3121 1531 3191 (ced.
1552 3122 1662 3187 Theoti„
1679 3127 1751 3178 tom.
1767 3125 1811 3194 Vl,

121 3203 302 3275 Cyprianum
325 3203 355 3258 ιι
378 3202 433 3259 hoc
453 3203 526 3260 libro
548 3203 715 3277 loquentem
738 3203 863 3272 inducit,
886 3221 945 3262 non
997 3224 1026 3280 p.
1041 3207 1096 3282 dt).
1115 3207 1266 3264 Existimat
1286 3208 1475 3266 Gothoiredus
1499 3225 1615 3267 omnem
1634 3227 1751 3284 prorsus
1768 3227 1816 3268 ra-

123 3298 248 3353 obscure
275 3296 383 3353 indicat
406 3315 436 3352 se
459 3297 489 3353 in
517 3298 579 3370 ey'ns
604 3297 756 3354 sceleribus
777 3299 946 3356 enarrandis
997 3299 1093 3358 dandi
1122 3301 1221 3374 capitis
1247 3319 1361 3358 morem
1387 3319 1405 3359 a
1429 3303 1540 3376 syuodo
1566 3305 1722 3376 (tungrensi
1748 3309 1819 3361 ιιι

122 3395 276 3448 noneerta
289 3407 402 3464 semper
413 3396 442 3448 et
456 3391 603 3463 explorata
614 3392 705 3465 sequi,
720 3391 770 3448 sed
784 3409 817 3448 ex
831 3392 865 3448 iis
879 3409 944 3465 quie
1000 3395 1163 3451 Theodosio
1185 3395 1216 3451 iu
1235 3395 1349 3452 leminis
1369 3397 1456 3454 fuisse
1476 3397 1653 3454 damnatum.
1674 3398 1756 3455 Unde
1776 3400 1819 3457 vir

123 3503 140 3541 ι
155 3485 252 3557 magis
270 3483 332 3540 lieri
348 3486 450 3554 solent,
469 3485 538 3558 quid
555 3485 714 3558 Cyprianus
731 3486 838 3558 egisset
856 3485 947 3558 couji·
1001 3487 1185 3545 doctissimus
1198 3489 1229 3544 iu
1245 3505 1356 3546 morem
1370 3489 1486 3564 aSyriae
1505 3495 1535 3547 ιι
1546 3491 1659 3564 AEgypti
1676 3497 1819 3550 monaste·

122 3596 201 3636 cera.
223 3579 272 3634 Διι
293 3579 372 3635 enim
393 3578 532 3634 Eusebius
549 3579 716 3652 Cyprianus:
733 3601 748 3631 ιι
762 3580 854 3637 Probo
876 3597 945 3637 con·
1000 3582 1060 3652 riis,
1086 3598 1119 3638 ac
1137 3586 1236 3656 postea
1249 3582 1285 3639 ab
1303 3583 1365 3640 aliis
1386 3585 1518 3654 ascitum,
1532 3586 1610 3642 velut
1630 3586 1659 3642 iu
1679 3603 1819 3660 maguum

121 3673 280 3732 tassionem
295 3677 386 3740 tuam,
401 3688 456 3744 qua
471 3671 541 3728 mihi
558 3673 719 3744 impietates
737 3690 754 3731 a
766 3676 794 3730 te
807 3674 946 3730 admissas
1000 3677 1081 3734 netas
1094 3675 1250 3746 invehitur,
1262 3693 1295 3734 ac
1306 3693 1363 3734 non
1377 3675 1437 3735 sine
1451 3677 1562 3750 ingenti
1575 3679 1706 3752 queritur
1718 3679 1816 3737 dolore

122 3771 149 3822 et
166 3784 227 3822 non
241 3766 383 3822 admissas
398 3766 549 3822 enarrasti.
567 3787 581 3818 ιι
595 3767 757 3841 Numquam
775 3768 837 3838 heac
855 3768 944 3841 scrip·
998 3791 1012 3822 ιι
1032 3770 1111 3843 quod
1130 3771 1246 3828 taudem
1269 3787 1364 3829 moras
1387 3771 1416 3828 in
1438 3775 1607 3845 potestatem
1632 3789 1713 3830 suam
1734 3775 1813 3848 leges

123 3863 208 3917 sisset
226 3861 289 3935 ipse
310 3859 483 3934 Cyprianus;
503 3860 551 3916 sed
575 3861 646 3916 atius
667 3860 712 3917 his
735 3862 828 3918 verbis
849 3861 947 3919 admo·
996 3865 1138 3920 humanas
1151 3869 1180 3922 et
1192 3863 1302 3922 divinas
1320 3865 1519 3938 perduxerint.
1536 3888 1551 3919 ιι
1570 3866 1608 3924 At
1629 3868 1691 3924 luce
1710 3868 1814 3925 clarius

122 3959 175 4010 net
201 3971 232 4011 se
265 3954 372 4010 idcireo
399 3959 442 4010 tot
466 3955 571 4010 seelera
596 3955 737 4028 Cypriane
765 3955 945 4026 attribuisse,
996 3961 1039 4014 est
1053 3975 1104 4014 nec
1121 3959 1262 4031 synodum
1277 3959 1484 4032 Gangreusem,
1500 3975 1553 4017 nec
1564 3961 1756 4018 Theodosium
1776 3964 1813 4019 ad

122 4065 183 4106 non
198 4047 278 4122 quod
295 4048 390 4104 omnia
410 4047 445 4104 ab
466 4065 501 4104 eo
521 4049 670 4104 commissa
689 4053 765 4105 certo
785 4048 881 4119 sciret,
895 4049 945 4108 sed
996 4068 1043 4108 eas
1065 4051 1191 4124 virgiues
1207 4051 1375 4125 respexisse,
1391 4069 1461 4126 quas
1475 4056 1595 4110 testatur
1615 4054 1812 4128 hieronymus,

122 4143 200 4216 mind
223 4143 376 4214 pleraque,
400 4145 530 4214 utpotea
551 4142 642 4214 magis
661 4143 823 4215 perpetrari
846 4143 944 4213 solita,
996 4145 1050 4202 etsi
1065 4145 1159 4201 crines
1180 4145 1343 4216 tonderent,
1360 4147 1454 4203 velato
1473 4153 1568 4204 tamen
1586 4164 1619 4204 ac
1639 4147 1727 4221 ligato
1750 4165 1813 4206 esse

121 4235 331 4293 celeberrimus
345 4251 449 4308 magus
463 4235 581 4292 esitasse
598 4236 825 4292 consideretur.
840 4238 872 4293 ln
888 4254 944 4310 quo
995 4237 1105 4311 capite;
1127 4238 1177 4295 aad
1198 4237 1235 4294 ad
1259 4239 1330 4296 alias
1352 4239 1440 4313 longe
1459 4240 1618 4313 dissimiles,
1638 4257 1712 4315 quae,
1732 4245 1763 4298 ut
1777 4241 1817 4300 ιιι

122 4330 245 4404 quidem
270 4328 375 4384 sinceri
400 4329 544 4402 scriptoris
565 4328 658 4386 officio
680 4329 795 4386 iunctus
815 4335 871 4400 ιιι,
895 4331 946 4404 qui
997 4332 1125 4405 synodus
1151 4332 1334 4406 Gangrensis,
1358 4356 1373 4384 ιι
1395 4339 1571 4408 praeceptum
1591 4335 1774 4408 subjectionis
1798 4358 1812 4388 ιι

122 4426 222 4480 lucam
238 4421 393 4479 lectoribus
412 4422 505 4479 iacere
525 4423 661 4494 uoluerit,
683 4423 706 4479 si
726 4439 812 4496 quam
829 4423 859 4479 in
876 4424 945 4480 scri·
995 4426 1197 4494 dissolvebant,
1208 4434 1356 4486 ἀναλύουσαι
1365 4435 1392 4486 τι
1402 4435 1546 4502 epimenia
1553 4437 1597 4498 τῆς
1605 4437 1735 4500 ὑποταγῆς,
1745 4431 1814 4503 quia

121 4517 218 4574 hendo
243 4515 389 4573 licentiam
413 4516 469 4572 sihi
489 4519 625 4575 sumeret.
648 4517 780 4583 Quamvis
801 4533 870 4589 ergo
891 4518 1220 4599 hochcitieetintecto
1234 4520 1325 4594 capite
1339 4521 1520 4578 incedebant.
1533 4523 1613 4579 Unde
1626 4524 1812 4593 Theodosius,

123 4629 197 4684 opus
212 4627 272 4666 non
285 4611 423 4682 scriptum
436 4611 473 4666 sit
485 4610 521 4666 ab
533 4610 758 4684 ipsoCypriano,
772 4627 830 4668 nou
845 4617 941 4668 tamen
993 4631 1059 4670 cum
1080 4615 1223 4687 ejusmodi
1246 4615 1364 4672 laminae
1378 4615 1413 4672 ab
1428 4615 1561 4672 omuibus
1578 4617 1668 4673 videri
1687 4622 1813 4690 possent,

123 4705 199 4760 illius
221 4703 374 4760 conversio
398 4705 503 4762 fabulis
525 4705 726 4774 adscribenda,
751 4722 805 4762 ιιι
830 4706 855 4762 ιι
879 4707 942 4779 quis
993 4707 1142 4781 episcopos
1163 4709 1268 4780 deponi
1284 4708 1368 4781 jubet
1393 4709 1417 4766 si
1436 4709 1588 4765 introitum
1601 4709 1656 4765 illis
1673 4710 1704 4766 in
1724 4710 1813 4766 eccle·

124 4799 202 4854 hnnc
226 4801 364 4854 eventum
383 4799 473 4871 elegit
490 4797 519 4854 in
540 4814 597 4870 qao
621 4799 749 4856 ornando
769 4805 799 4856 ιι
818 4800 942 4873 ampliti-
992 4802 1066 4858 siam
1081 4802 1282 4859 concesserint.

124 4891 218 4948 cando
233 4891 402 4962 elaboraret,
418 4891 525 4947 idcirco
539 4891 664 4948 historie
682 4909 793 4950 summa
810 4893 840 4949 in
855 4892 943 4966 suspi-
1028 4895 1100 4952 Cum
1123 4912 1193 4969 ergo
1216 4895 1321 4968 triplex
1341 4893 1414 4951 iilud
1436 4898 1658 4952 monumentum
1684 4896 1813 4969 pluribus

125 4987 240 5042 cionem
259 4986 402 5055 vocanda,
420 5001 485 5041 cum
507 4987 667 5058 presertim
689 4986 812 5059 scriptor
832 4987 880 5044 ille
902 4987 942 5043 ιιι
993 4988 1089 5044 saculi
1110 4988 1204 5061 quarti
1219 4988 1294 5044 notis
1308 4987 1455 5061 signatum
1475 4989 1520 5058 sit,
1540 4988 1637 5062 sieque
1655 4989 1748 5064 aliquo
1766 4991 1813 5047 in·

125 5079 255 5152 potuerit
278 5078 488 5151 antiquioribus
509 5079 703 5136 monumentis
726 5095 790 5152 quae
812 5079 943 5152 Cypriani
993 5082 1110 5138 tervallo
1124 5081 1209 5137 distet
1229 5098 1247 5137 a
1266 5075 1408 5154 cypriano
1426 5083 1615 5153 Anhocheno,
1638 5083 1701 5140 ilari
1720 5085 1814 5158 potuit

127 5173 283 5230 etlustinoe
301 5171 432 5244 martyrii
448 5175 520 5240 acta,
535 5176 566 5228 ut
585 5172 709 5246 tegimus
729 5173 782 5229 sub
806 5173 894 5230 tinem
913 5173 943 5230 li-
997 5178 1029 5232 ut
1055 5176 1092 5230 ad
1121 5173 1249 5232 historias
1277 5191 1421 5232 summam
1448 5177 1587 5233 nonnulla
1616 5178 1738 5252 ornandi
1764 5185 1814 5235 ιιι

126 5267 192 5323 belli
214 5267 252 5323 de
274 5265 422 5338 utriusque
445 5266 585 5338 passione,
609 5287 623 5316 ιι
640 5266 676 5321 ah
698 5265 779 5323 initio
804 5267 943 5340 usquein
995 5267 1194 5340 amplificandi
1206 5283 1292 5324 causa
1304 5267 1489 5326 adderentur.
1504 5269 1639 5344 Displicet
1651 5271 1729 5328 euim
1741 5272 1813 5329 mihi

128 5360 213 5416 linem
228 5360 336 5432 scripta
351 5379 366 5412 ι
381 5358 578 5415 ιιιιιιιιιιιι.
993 5361 1102 5419 ιιιιιιι
1127 5377 1214 5435 super
1235 5361 1392 5419 fenestram
1415 5363 1535 5432 sedens,
1563 5363 1632 5420 dum
1659 5364 1813 5422 diaconum

161 5455 240 5520 Ouod
255 5457 367 5528 spectat
380 5453 417 5508 ad
430 5455 615 5525 tempusque
630 5453 693 5509 haee
712 5454 815 5527 scripta
831 5455 945 5512 Confes·
994 5455 1125 5512 Prealium
1146 5455 1181 5513 de
1202 5457 1356 5530 Evangelio
1380 5455 1566 5513 disserentem
1589 5457 1684 5524 audit,
1707 5475 1740 5514 ac
1761 5473 1813 5532 per

128 5550 177 5613 sio,
198 5548 250 5605 etsi
272 5548 341 5604 huic
362 5547 444 5620 operi
466 5546 546 5602 nulla
566 5535 682 5619 prorsas
705 5547 781 5619 apud
802 5547 944 5604 editorem
995 5549 1148 5606 fenestram
1168 5549 1295 5623 quotidie
1317 5550 1352 5606 ab
1375 5550 1479 5622 eodem
1503 5550 1622 5608 diacono
1642 5551 1723 5608 solita
1747 5553 1814 5609 edo-

129 5641 313 5700 Oxoniensem
337 5641 418 5710 sides,
433 5640 503 5697 illud
522 5644 621 5697 tamen
641 5641 785 5698 existimat
803 5643 944 5699 Constan-
995 5643 1063 5700 cari.
1084 5646 1154 5701 item
1176 5644 1210 5701 de
1232 5644 1338 5702 Thecla
1357 5644 1477 5700 Paulum
1497 5644 1631 5702 audiente
1653 5645 1763 5702 dictum
1782 5645 1813 5702 in

131 5737 179 5791 tini
200 5736 323 5810 imperio
344 5735 498 5808 antiquius.
519 5733 577 5792 Sed
593 5736 670 5808 quod
690 5735 721 5792 ιι
739 5735 943 5808 Conuersione,
995 5738 1081 5810 hujus
1100 5737 1218 5812 virginis
1240 5739 1317 5797 Vita.
1340 5739 1493 5808 Ριιιιιιιι,
1509 5755 1574 5811 quer
1594 5738 1681 5796 ιιιιιι
1700 5741 1812 5794 tantum

130 5847 192 5904 qua
211 5831 343 5904 ejusdem
361 5829 506 5904 scriptoris
523 5830 609 5887 loetus
624 5829 737 5888 ridetur
752 5847 857 5889 esseae
872 5831 943 5891 Cou-
995 5835 1115 5906 exstant,
1129 5848 1189 5890 non
1206 5832 1278 5890 tanti
1291 5849 1352 5890 esse
1371 5832 1512 5890 momenti
1527 5831 1633 5888 debant
1651 5831 1751 5910 quanti
1768 5847 1781 5888 ι
